3590 5486
596 353 646 411 ult
665 351 962 412 ORTHOGBAPHIA
1377 349 1443 416 179

107 469 129 508 p.
141 457 192 500 2801
211 455 237 499 P.

13 587 14 590 κ
107 543 372 625 praetermissione
393 544 594 604 tractavimus.
633 550 739 606 notum
759 546 840 605 cuim
860 539 1001 604 omuibus
1021 556 1089 602 esse
1106 539 1196 602 credo
1217 539 1298 621 quod
1317 557 1443 604 necesse

108 662 164 736 est,
188 651 209 714 b
232 651 365 714 litteram
389 659 494 713 nostro
517 650 614 714 labori
638 653 823 734 propositam
848 652 874 712 si
898 665 1069 710 consonans
1092 647 1186 711 luerit
1209 659 1388 732 consecuta,
1411 652 1443 711 in

106 777 298 842 quacumque
326 758 458 822 dictione
487 777 553 822 eam
582 760 647 822 sine
677 757 768 822 dubio
797 755 904 840 scribi,
935 765 969 820 ut
999 755 1143 842 blandus,
1172 756 1281 839 gibbus
1312 749 1444 841 κυρτός,

107 867 274 952 blatteum,
292 867 438 952 latebrae,
465 867 608 950 tenebrae
632 879 723 950 atque
743 867 842 952 omnia
870 866 948 929 talia.
988 885 1070 929 nunc
1090 865 1309 930 rationabiliter
1329 865 1444 929 mediae

83 975 237 1058 asyllabao
261 985 399 1041 nostrum
424 978 592 1040 sortientur
614 975 757 1038 laborem.
1484 1059 1487 1066 Δ

196 1083 240 1148 Va
268 1085 381 1169 syllaba
409 1089 441 1150 in
470 1086 569 1149 medio
593 1087 724 1148 nominis
752 1088 850 1167 posita
879 1104 935 1167 per
959 1105 976 1146 r
1000 1084 1167 1168 scribetur,
1195 1093 1231 1148 ut
1254 1104 1362 1149 avarus
1385 1085 1444 1148 cal·

27 1175 36 1196 '
107 1213 190 1280 rare,
204 1205 328 1278 praeter
346 1195 522 1279 carbasum,
541 1193 621 1276 quod
642 1212 752 1257 nomen
772 1211 914 1275 graccum
934 1193 1028 1274 magis
1049 1209 1139 1274 quam
1157 1192 1284 1256 latinum
1304 1194 1445 1259 arbitror.

107 1303 249 1386 ambages
277 1305 358 1367 cutim
387 1303 485 1386 perb
515 1314 629 1367 mutam
658 1311 793 1379 notatur,
822 1311 874 1366 aut
904 1301 984 1384 quod
1014 1303 1185 1384 praeposita
1210 1311 1257 1364 εει
1274 1305 1313 1365 'm
1336 1302 1446 1387 littera,

13 1409 14 1436 ³
108 1421 159 1475 aut
182 1412 266 1496 quod
290 1431 327 1476 ex
350 1411 470 1476 duobus
494 1414 647 1497 corruptis
669 1430 779 1475 nomen
805 1411 988 1475 arbitramur
1008 1414 1223 1494 compositum,
1247 1414 1334 1492 quasi
1357 1411 1445 1474 ambo

74 1536 96 1576 1⁰
108 1532 207 1584 actae:
226 1520 308 1585 tunde
326 1520 439 1584 dicitur
454 1532 485 1584 et
504 1520 628 1584 ambire.
662 1540 735 1604 ergo
755 1523 920 1604 composita
941 1522 986 1584 vel
1006 1519 1183 1605 appellativa
1202 1521 1248 1583 rel
1268 1520 1446 1584 traductlcia

110 1633 170 1693 sire
199 1630 333 1714 laeticia,
362 1629 392 1692 id
422 1639 470 1693 est
497 1649 575 1712 quae
603 1649 640 1692 ex
669 1629 733 1693 aliis
763 1631 839 1694 lacta
864 1641 949 1716 sunt,
979 1641 1084 1696 notare
1108 1629 1255 1694 debemus
1281 1638 1446 1712 sequentes

110 1748 284 1822 prototypa,
316 1737 346 1802 id
376 1747 423 1802 est
450 1741 564 1821 primas
592 1739 772 1823 positiones,
802 1749 837 1804 ut
872 1759 968 1804 novus
996 1739 1123 1824 novalis,
1158 1742 1241 1818 rivius
1270 1738 1385 1823 rivalis,
1416 1747 1448 1803 et

201 1957 216 2004 1
243 1949 312 2020 qun
336 1965 451 2008 nesam
474 1949 577 2028 Aac,
629 1955 645 2004 ι
671 1951 768 2006 norro
791 1949 882 2008 lauari
908 1949 1086 2023 propositam
1105 1922 1215 2019 caroso,
1235 1956 1255 2006 a
1272 1950 1366 2009 nuos
1383 1967 1447 2024 pro·

13 2029 14 2032 ’
111 2029 205 2102 posits
225 2028 323 2100 Onon
341 2029 435 2088 labari
453 2030 648 2104 praepositam
663 2031 691 2085 A
710 2030 802 2088 labori
821 2031 999 2104 propositam
1012 2031 1041 2086 Β
1097 2037 1113 2086 3
1133 2029 1227 2102 gilbus
1243 2031 1364 2090 ΚΙΡΤΟ(
1382 2033 1448 2089 bra·

13 2141 16 2178 ,
112 2115 188 2168 teum
207 2111 269 2168 AO
343 2120 361 2168 ι
385 2111 545 2186 bratteam]
569 2111 687 2167 bractea
703 2113 746 2168 oct
764 2111 929 2170 bracchium
947 2113 1064 2170 coniecit
1082 2109 1220 2168 semlerus
1293 2118 1310 2170 ι
1329 2113 1449 2170 sortien-

13 2187 14 2256 ι
112 2195 158 2248 tar
175 2192 204 2247 Β
223 2192 383 2251 sortiuntur
402 2193 426 2250 0
442 2193 603 2250 sarciantur
620 2194 649 2248 A
722 2197 876 2252 tnotctnr
892 2196 922 2253 Β
939 2195 1078 2251 notamur
1095 2191 1155 2248 AO
1225 2212 1255 2249 ιιι
1273 2193 1401 2264 litteram
1420 2194 1449 2250 Β

147 2280 182 2331 10
205 2274 380 2332 traducticic
403 2275 431 2330 Β
455 2275 577 2332 ductitic
600 2273 660 2330 Ao
731 2282 763 2333 11
789 2278 849 2334 sius
873 2275 986 2351 factitis
1004 2273 1035 2330 id
1053 2275 1098 2330 est
1120 2272 1229 2345 primas
1250 2275 1397 2347 passiones
1416 2278 1451 2333 ut

13 2377 14 2432 3
112 2372 203 2426 nonus
223 2355 248 2411 G
268 2355 330 2413 sina
353 2355 471 2414 lecticis
492 2355 641 2429 primitius
664 2374 716 2415 sna
734 2359 893 2430 sequnntur
910 2359 944 2413 nt
968 2373 1059 2412 nouus
1077 2358 1106 2411 A
1198 2360 1334 2428 sequente
1352 2360 1449 2431 proto-

13 2437 14 2464 ι
111 2438 173 2510 tipa
191 2437 221 2493 Β
240 2441 274 2494 nt
291 2439 450 2508 aequantur
467 2440 625 2510 prototypa
645 2439 745 2497 Carmo
820 2445 853 2495 ιι
872 2437 985 2496 conatis
1004 2439 1035 2496 et
1051 2437 1130 2494 rium
1147 2439 1176 2494 Β

578 2728 765 2786 MARTYRII
784 2729 833 2786 DE
852 2729 876 2785 B
894 2728 944 2793 ΕΤ
963 2727 988 2785 V
1067 2813 1071 2820 Ι
1185 2805 1198 2844 ¹

13 2939 14 2992 ,
113 2901 257 2961 missione
281 2899 487 2961 tractavimus.
525 2907 631 2961 notum
656 2901 737 2962 enim
756 2897 897 2961 omnibus
917 2897 1009 2960 credo
1028 2901 1196 2962 consistere
1218 2899 1299 2982 quod
1325 2918 1449 2962 necesse

13 3015 14 3090 ξ
114 3016 173 3089 εει,
201 3006 333 3070 litteram
358 3014 463 3069 nostro
492 3003 588 3069 labori
616 3010 803 3090 propositam
835 3009 861 3070 si
889 3026 1060 3070 consonans
1090 3009 1182 3072 luerit
1212 3021 1390 3090 consecuta,
1419 3009 1450 3070 iu

13 3339 18 3416 l

114 3133 303 3198 quacumque
323 3113 455 3187 dictione
474 3113 494 3175 b
514 3126 629 3179 mutam
648 3118 712 3179 sine
732 3115 824 3179 dubio
843 3115 951 3199 scribi,
969 3125 1003 3179 ut
1025 3114 1166 3201 blandus,
1189 3115 1299 3198 gibbus
1318 3109 1450 3199 κυρτός,

115 3223 274 3306 bratteam,
290 3221 434 3306 latebrae,
458 3222 602 3286 tenebrae
626 3232 716 3306 atque
736 3226 835 3288 omnia
861 3223 938 3288 talia.
978 3243 1059 3287 nuuc
1084 3223 1303 3288 rationabiliter
1328 3223 1442 3286 mediae

90 3331 244 3413 asyllabaa
268 3339 407 3395 nostrum
432 3333 601 3394 sortientur
624 3329 766 3394 laborem.

203 3438 246 3502 Va
275 3437 386 3520 syllaba
414 3441 446 3501 in
475 3437 575 3501 medio
606 3439 737 3501 nominis
766 3441 864 3522 posita
893 3459 949 3521 per
977 3459 994 3500 v
1023 3439 1194 3520 digammon
1223 3440 1389 3525 scribetur,
1418 3450 1451 3504 ut

13 3539 14 3544 ’
115 3567 221 3612 auarus
245 3547 387 3630 caluaria,
410 3555 533 3628 praeter
557 3543 730 3630 carbasum,
755 3546 835 3629 quod
861 3567 970 3611 nonreu
993 3567 1136 3631 graccum
1156 3551 1250 3630 magis
1272 3569 1362 3632 quam
1387 3549 1451 3612 lati·

116 3675 187 3720 num
218 3654 359 3718 arbitror.
401 3655 541 3737 ambages
556 3636 652 3716 ‘enim
680 3673 735 3736 pcr
759 3653 778 3715 b
804 3663 916 3717 mutarn
941 3665 1078 3740 notatur,
1106 3666 1158 3719 aut
1181 3659 1251 3738 quia
1280 3659 1450 3740 praeposita
1479 3649 1485 3664 '

13 3781 14 3788 ¹
116 3773 161 3826 εει
184 3781 215 3824 m
238 3761 355 3846 littera,
383 3773 435 3827 aut
463 3762 543 3845 quod
573 3782 609 3827 ex
639 3760 759 3825 duobus
784 3766 936 3846 corruptis
961 3783 1070 3826 nornen
1095 3765 1279 3828 arbitramur
1302 3767 1451 3848 composi-

81 3884 104 3924 ¹⁰
118 3880 195 3956 tum,
216 3873 304 3953 quasi
322 3870 410 3933 ambo
429 3880 527 3935 actae:
546 3871 627 3934 unda
647 3871 759 3934 dicitur
779 3881 809 3934 ει
827 3871 951 3935 ambire.
981 3891 1053 3954 ergo
1072 3876 1236 3956 composita
1258 3873 1303 3936 rel
1323 3873 1451 3956 appella·
1493 3888 1497 3896 ·

13 4033 14 4036 ,
118 3981 216 4044 tiones
239 3979 286 4042 rel
311 3971 573 4044 traducticia'sivc
599 3979 731 4082 iusticia,
755 3981 784 4044 id
810 3990 860 4045 est
880 4000 957 4063 quae
982 4001 1018 4044 en
1043 3982 1108 4045 aliis
1132 3984 1210 4046 iacta
1234 3992 1321 4064 sum,
1346 3992 1450 4044 notare

68 4119 72 4126 ·
116 4087 263 4151 debemus
287 4095 450 4170 sequentes
473 4080 690 4172 rapmcdcrnaa,
719 4099 753 4152 ut
781 4107 877 4152 novus
901 4089 1028 4174 noratis,
1056 4100 1088 4153 et
1109 4090 1292 4190 ¹derivativa,
1320 4098 1355 4151 ut
1380 4086 1451 4151 alba

13 4201 16 4222 '
117 4196 265 4281 Albanus,
289 4194 361 4258 silva
386 4194 540 4279 Silvanus,
563 4198 648 4277 privo
672 4199 837 4280 priuatum,
862 4195 921 4259 libo
946 4196 1069 4260 libatum
1095 4199 1140 4260 vel
1171 4198 1338 4261 inlibatum.
1379 4216 1451 4278 quo·

119 4337 338 4349 ψ...-

206 4407 342 4463 inostro
359 4405 556 4478 praepositam
574 4404 654 4477 operi
674 4404 703 4459 P
773 4406 804 4464 in
822 4385 1001 4479 quacumque
1025 4413 1107 4481 parte
1127 4407 1328 4480 cuiuscumque
1352 4385 1454 4464 dictio-

117 4490 159 4546 nis
180 4488 210 4545 P
273 4488 431 4545 ttbmnts
448 4485 483 4544 N
543 4487 726 4543 4bratlenm
746 4485 776 4542 P
792 4488 935 4544 bratteam
954 4487 988 4542 N
1048 4489 1184 4544 tenebras
1198 4489 1327 4546 imbrifer
1339 4489 1454 4546 umbro-

13 4603 24 4758 l

117 4573 211 4629 ευιιιιιι
236 4569 376 4642 libripens
400 4567 533 4626 librarius
550 4569 668 4626 nubtias
687 4567 825 4626 scribtum
848 4569 960 4626 labrum
984 4567 1103 4625 flabrum
1127 4569 1232 4626 librum
1251 4574 1339 4642 atquc
1358 4569 1455 4628 omnia

117 4653 190 4712 talin
208 4653 238 4709 P
309 4649 408 4723 atque]
429 4665 521 4722 aeque
539 4649 574 4705 N
653 4655 669 4707 ι
689 4650 845 4707 sortientur
865 4649 895 4705 P
911 4651 1047 4706 sortiatur
1065 4650 1099 4705 N
1178 4657 1194 4707 ι
1215 4651 1331 4708 maara
1349 4653 1382 4706 N
1398 4653 1455 4708 cal·

118 4749 184 4790 aare
204 4733 234 4790 P
310 4732 397 4790 aaut
415 4730 608 4802 orrannum
629 4731 658 4786 P
675 4748 712 4788 an
729 4731 764 4786 N
809 4768 817 4780 ·
841 4739 980 4790 tinomao
998 4732 1053 4788 hcc
1072 4731 1243 4789 arbitramur
1264 4732 1292 4787 P
1373 4741 1406 4791 10
1426 4738 1456 4791 et

118 4831 169 4870 oar.
188 4814 218 4870 P
282 4822 313 4870 11
334 4812 381 4870 vel
399 4809 572 4868 meoticis
591 4811 621 4866 P
637 4829 674 4868 an
692 4812 864 4870 traducticic
883 4814 917 4868 N
978 4819 1012 4876 12
1032 4815 1065 4868 nt
1083 4813 1161 4870 risun
1179 4813 1278 4870 rivalis
1298 4817 1328 4871 et
1346 4815 1455 4871 derisa

13 4965 14 4976 ἵ
119 4899 180 4951 turn
198 4895 267 4952 alra
284 4895 404 4952 donnus
422 4894 496 4952 alluo
514 4891 640 4949 silrunns
659 4908 750 4951 novus
769 4895 872 4952 novule
889 4894 971 4966 privo
993 4895 1021 4948 P
1092 4893 1253 4952 derivativi
1273 4895 1347 4952 Alba
1365 4897 1400 4950 N

1126 4988 1183 5040 12*
