3602 5482
368 392 435 460 326
953 393 1115 454 avnsms

369 509 389 548 ρ.
404 497 417 538 s
431 497 463 538 ιι.

368 583 531 665 exaequari
555 601 615 646 uon
639 585 753 667 putuit,
776 583 964 666 temporibus
989 592 1184 666 exaequetur.
1223 582 1306 657 Quae
1330 582 1478 648 vocalium
1506 581 1574 645 loco
1599 599 1712 644 cousc-

370 694 508 755 uantium
532 687 712 776 ponuntur?
745 691 757 754 1
781 701 812 756 et
835 711 856 755 n
876 741 883 756 .
904 687 1054 766 Quando?
1092 689 1168 755 Cum
1187 699 1240 756 aut
1258 693 1341 775 lpsae
1361 695 1442 756 inter
1461 711 1494 754 se
1514 695 1714 774 geminantur

370 809 422 864 aut
446 819 516 865 cum
540 799 606 864 aliis
632 798 784 865 vocalibus
809 783 990 885 iunguntur,
1018 809 1053 865 ut
1081 810 1154 883 puta
1182 799 1276 866 relntl
1298 804 1328 864 si
1349 803 1390 864 sit
1417 804 1448 865 ln
1472 803 1570 885 caplte
1600 819 1714 863 versus

368 903 536 991 ‘periurus’
561 918 613 973 ant
637 903 807 973 ‘volntnr':
831 911 945 992 quippe
969 926 1030 972 non
1054 911 1168 992 poterit
1191 911 1287 993 prlma
1308 908 1418 991 syllaba
1443 912 1593 994 positione
1618 909 1712 992 lunga

368 1016 448 1108 lieri,
478 1018 536 1080 nlsi
565 1035 698 1100 sequens
726 1017 837 1081 vocalis
866 1017 932 1081 loco
961 1019 1156 1084 consonantis
1186 1017 1278 1082 merit
1306 1029 1443 1103 accepta,
1473 1020 1554 1102 quod
1582 1017 1740 1100 quidem⁵

368 1143 424 1188 suu
443 1125 510 1188 leco
525 1125 701 1189 docebimus
717 1174 724 1189 .
740 1124 977 1192 conmeantum
992 1129 1110 1211 species
1130 1135 1205 1210 quot
1223 1122 1317 1189 seint?
1349 1125 1431 1190 Darae
1448 1175 1454 1190 .
1470 1122 1577 1201 Quae?
1610 1125 1711 1189 Semi·

368 1234 486 1298 recales
501 1245 530 1298 et
546 1243 657 1299 mutae.
692 1233 893 1300 Semirocales
908 1254 985 1319 quae
1000 1231 1095 1300 sunt?
1124 1235 1207 1310 Quae
1229 1234 1350 1317 quidem
1370 1235 1480 1298 habent
1500 1238 1531 1298 in
1555 1237 1711 1318 principio

369 1352 486 1426 partem
502 1343 683 1426 vocalitatis,
702 1363 771 1408 eum
788 1364 844 1427 ρει
858 1364 891 1408 ae
906 1345 1119 1430 proteruntur,
1139 1355 1239 1407 tannen
1254 1363 1309 1426 per
1324 1363 1357 1406 se
1372 1343 1515 1426 syllabam
1530 1345 1630 1407 lacere
1645 1362 1710 1406 lacu

368 1452 604 1534 possunt.Quot
620 1447 713 1516 sunt?
738 1452 875 1536 Septem,
895 1453 909 1515 l
920 1453 930 1515 l
946 1472 976 1516 m
992 1472 1010 1516 n
1026 1471 1042 1516 r
1057 1473 1072 1515 s
1087 1472 1105 1515 x
1121 1501 1127 1516 .
1144 1452 1227 1527 Quae
1247 1453 1354 1516 harum
1374 1451 1505 1534 liquidae
1525 1459 1611 1533 sunt,
1631 1469 1710 1531 quas

368 1559 475 1622 Graeci
499 1551 609 1644 ὑγράς
632 1557 805 1645 appellant?
841 1559 919 1622 Lm
944 1579 963 1622 n
988 1580 1003 1623 r
1028 1609 1034 1624 .
1058 1559 1203 1642 quuidae
1228 1560 1308 1623 unde
1334 1556 1453 1624 dictae?
1491 1558 1578 1633 Quod
1604 1561 1710 1621 minus
1727 1575 1752 1612 ιι

304 1684 310 1697 ·
369 1670 477 1731 virium
508 1668 639 1762 habeant
668 1676 698 1732 et
726 1671 757 1731 in
786 1670 1033 1751 pronuntiatione
1067 1667 1236 1750 liquescant
1269 1678 1360 1750 atque
1394 1668 1565 1750 solvantur,
1598 1669 1638 1730 ita
1674 1677 1711 1729 ιιι

368 1779 518 1859 positione
542 1777 661 1859 longam
685 1775 828 1859 syllabam
854 1776 953 1839 tacere
977 1794 1038 1838 ncn
1069 1779 1195 1859 possint.
1238 1775 1321 1850 Quae
1346 1776 1569 1840 serniroealium
1595 1775 1710 1858 duplex

368 1881 438 1948 est?
474 1883 532 1946 X.
558 1883 658 1958 Quare
689 1879 823 1967 duplex?
865 1883 936 1948 ldeo
966 1883 1046 1966 quod
1076 1902 1112 1946 ex
1141 1883 1259 1948 duabus
1288 1883 1397 1949 litteris
1426 1893 1559 1948 constat:
1587 1896 1710 1948 cunstat

369 1994 451 2056 enim
474 2001 527 2056 aut
550 2011 587 2055 er
610 2013 630 2075 g
653 2002 684 2057 et
708 2012 723 2056 a
746 2001 799 2056 aut
823 2011 859 2055 ex
883 2011 900 2054 c
924 2002 955 2055 et
978 2011 1006 2076 s,
1029 2002 1064 2055 ut
1088 2011 1142 2055 rex
1167 1995 1262 2076 regis,
1290 1994 1342 2074 pix
1366 1995 1443 2076 picis
1467 2041 1474 2056 .
1498 1995 1611 2076 quippe
1635 2003 1709 2056 ante

369 2106 524 2166 inuentum
548 2101 732 2178 rlltteram,
756 2119 832 2184 quae
856 2110 962 2184 postea
986 2103 1018 2164 in
1042 2099 1255 2183 compendium
1284 2105 1405 2165 inventa
1434 2111 1495 2186 est,
1525 2121 1579 2165 rex
1608 2121 1665 2184 per
1689 2116 1750 2184 8¹⁵

369 2215 399 2273 et
424 2231 439 2274 s
464 2216 596 2289 itemque
610 2214 670 2290 piu·
686 2230 746 2289 per
765 2229 782 2274 c
802 2219 833 2273 et
850 2229 865 2272 a
884 2209 1001 2273 litteras
1026 2218 1144 2272 veteres
1164 2208 1338 2272 scribebant
1361 2259 1367 2272 .
1386 2208 1470 2283 Quae
1490 2219 1563 2272 sunt
1581 2207 1709 2272 mutae?

370 2319 452 2394 Quae
478 2339 576 2402 neque
602 2321 683 2402 ipsae
708 2338 764 2401 per
787 2339 821 2383 se
849 2318 981 2403 proferri
1010 2327 1138 2400 possunt
1167 2336 1266 2401 neque
1295 2317 1437 2400 syllabam
1468 2318 1567 2381 lacere
1593 2367 1599 2380 .
1626 2317 1710 2392 Quot

369 2424 463 2491 sunt?
499 2427 594 2511 Vllll,
618 2427 648 2490 id
673 2437 720 2490 est
744 2427 763 2489 b
787 2447 803 2490 e
828 2426 846 2489 d
871 2446 890 2508 g
913 2427 934 2488 b
959 2425 977 2488 lx
1002 2445 1021 2508 p
1046 2445 1065 2506 q
1089 2435 1102 2488 t
1126 2475 1133 2488 .
1158 2424 1241 2499 Quae
1262 2436 1389 2489 suntex
1409 2423 1709 2509 hissupervacuae?

371 2535 453 2600 liet
477 2555 497 2618 q
522 2586 528 2600 .
553 2536 654 2610 Quare
678 2535 823 2600 dicuntur
846 2530 1074 2617 supervacuae?
1111 2531 1155 2596 Ec
1184 2533 1265 2616 quod
1294 2552 1311 2596 c
1339 2535 1440 2598 littera
1468 2535 1575 2598 harum
1606 2534 1707 2597 locum

370 2649 468 2727 possit
491 2644 613 2728 explere
638 2693 645 2708 .
671 2663 775 2708 terum
799 2644 853 2706 bas
877 2661 998 2726 quoqne
1023 2645 1211 2706 necessarias
1235 2641 1467 2726 orthographiae
1487 2647 1565 2706 ratic
1585 2644 1678 2706 allicit
1697 2692 1705 2705 .
1724 2661 1749 2699 sa

371 2772 438 2817 ιιειιι
464 2755 605 2836 quotiens
630 2773 645 2815 a
670 2755 822 2836 sequitur,
847 2759 902 2836 pei·
924 2751 944 2814 k
970 2749 1165 2814 scribendum
1191 2759 1251 2834 est,
1276 2759 1309 2813 ut
1333 2751 1411 2815 banc
1431 2751 1576 2815 kalendae
1597 2753 1706 2835 kaput3

370 2865 511 2946 quotiens
535 2882 570 2945 u,
592 2881 648 2946 ρει·
673 2882 707 2944 q,
731 2870 765 2924 ut
788 2864 932 2943 quoniam
950 2859 1099 2940 Quirites;
1124 2861 1265 2940 quotiens
1291 2860 1424 2942 reliquae
1449 2860 1580 2943 vocales,
1605 2879 1660 2942 ρει·
1680 2881 1707 2943 e,

371 2983 404 3036 ut
428 2979 531 3035 certus
556 2973 630 3034 ciris
654 2971 830 3033 commodus
851 3020 857 3034 .
878 2969 956 3042 Quid
982 2967 1018 3030 de
1043 2966 1063 3030 b
1088 2965 1362 3050 respondebimus?
1400 2968 1487 3043 Quod
1512 2971 1707 3052 aspirationis

370 3090 455 3157 nota,
484 3073 545 3144 uun
573 3079 674 3143 littera
698 3081 903 3160 existimatur,
932 3077 985 3139 sed
1016 3084 1117 3139 tamen
1147 3079 1178 3139 in
1207 3088 1306 3140 metro
1334 3077 1516 3158 aliquotiens
1544 3087 1576 3140 et
1605 3077 1707 3140 litters

370 3188 635 3272 deprehenditur.
657 3189 740 3262 Quae
760 3197 832 3251 sunt
850 3186 969 3250 litterae
988 3180 1190 3267 peregrinae?
1227 3184 1250 3246 Y
1270 3195 1302 3248 et
1320 3205 1335 3248 z
1355 3233 1362 3248 .
1382 3184 1482 3259 Quare
1505 3189 1707 3268 peregrinae?
1724 3204 1749 3243 aa

443 3351 478 3401 ιι
498 3345 524 3400 Y
545 3349 574 3401 et
593 3345 621 3420 a]
642 3344 779 3400 Iulianus
797 3342 831 3399 de
849 3342 942 3396 littero
960 3358 988 3411 p.
1005 3346 1041 3396 10
1060 3340 1100 3397 ed.
1116 3339 1195 3396 Rura.
1216 3339 1286 3397 Yet
1305 3346 1490 3412 cremasset,
1510 3359 1580 3414 quas
1593 3342 1708 3400 litteras

369 3430 489 3500 propter
513 3442 617 3499 macca
638 3424 755 3482 nomina
774 3421 941 3480 admisimus
962 3467 967 3479 .
986 3423 1042 3480 Pro
1066 3421 1199 3492 qualibus
1222 3423 1405 3480 nominibus?
1438 3424 1558 3494 Propter
1581 3424 1707 3494 hymnus

370 3513 399 3568 ει
422 3511 560 3582 saphyrus
588 3552 594 3566 .
619 3523 693 3579 quae
717 3505 742 3563 ai
765 3505 935 3576 adsumptae
961 3521 1018 3560 non
1045 3500 1180 3570 fuissent,
1209 3504 1345 3574 sephama
1373 3507 1402 3561 ει
1430 3504 1583 3576 diapberus
1611 3503 1708 3562 Maera

370 3590 546 3649 debuimus.
567 3605 724 3661 quarnmy
748 3586 823 3643 iuter
841 3586 955 3642 vocales
974 3585 1127 3654 babemus,
1151 3603 1165 3640 a
1188 3601 1257 3640 reru
1282 3585 1358 3642 iuter
1381 3588 1583 3656 consonantes,
1607 3589 1638 3642 ει
1661 3589 1709 3642 εει

370 3673 490 3744 duplex,
509 3677 542 3728 ut
561 3669 731 3739 Maxentius,
750 3667 819 3739 quia
837 3667 863 3724 si
877 3685 891 3722 a
906 3682 963 3723 non
981 3665 1097 3732 inisset,
1116 3680 1167 3735 per
1181 3681 1196 3720 u
1210 3668 1240 3721 ει
1254 3683 1267 3720 s
1282 3667 1311 3736 (i.
1328 3667 1347 3722 d
1361 3669 1391 3724 ει
1404 3672 1428 3736 a)
1443 3665 1531 3723 scribi
1546 3665 1707 3724 debebatur

373 3767 589 3776 -α--ᾲ

379 3866 382 3874 ,
443 3797 738 3868 aautprscretoeo
767 3809 817 3850 orn.
849 3790 887 3845 M
958 3789 1300 3858 tsiom.BM,edd.
1333 3791 1360 3845 V
1430 3791 1708 3866 aprinayunant

329 3931 332 3938 .
371 3887 453 3936 dsuu
469 3877 722 3951 loeo]p.328‚3de
735 3875 851 3950 syllabis
862 3873 1002 3945 positione
1015 3873 1106 3944 laucis
1143 3872 1214 3944 quoi
1228 3875 1294 3929 sunt
1310 3873 1348 3928 M
1360 3877 1431 3946 quot
1445 3877 1519 3944 snut,
1539 3878 1572 3928 ut
1585 3874 1706 3939 uidetur,

370 3964 416 4018 sed
444 3978 514 4018 corr.
543 3961 580 4016 ui.
608 3976 643 4015 m.
673 3958 750 4028 quod
779 3958 824 4012 est
848 3954 876 4009 B
951 3960 966 4009 t
992 3957 1074 4026 parte
1100 3952 1139 4008 M
1210 3957 1226 4006 8
1252 3969 1315 4009 cum
1339 3972 1392 4026 pro
1415 3972 1446 4011 se
1470 3953 1653 4027 proferuntur
1676 3956 1705 4010 B

371 4047 387 4098 9
408 4041 486 4110 Quae
506 4040 607 4096 harum
625 4037 752 4111 liquidae
769 4033 965 4090 -12‘facere
980 4051 1037 4089 nun
1056 4034 1168 4105 possint
1186 4034 1219 4087 iat
1237 4033 1310 4089 libro
1331 4033 1471 4091 Victorini
1489 4037 1592 4092 omism
1610 4037 1704 4108 tepesea-

370 4129 418 4178 tur
437 4122 515 4192 apud
532 4121 655 4175 Atilium
674 4117 917 4174 Fortunatiunum
939 4131 967 4185 ρ.
987 4120 1093 4182 279,10
1166 4111 1199 4168 R.
1220 4129 1291 4182 quas
1310 4115 1407 4188 graeci
1431 4115 1503 4172 itruc
1526 4115 1704 4188 appellanti

370 4223 399 4259 m
421 4221 441 4258 u
464 4221 479 4258 r
502 4201 576 4257 ΒΜ
649 4206 680 4255 11
705 4197 877 4269 liquiescant
904 4196 941 4250 M
1014 4201 1047 4252 12
1071 4197 1193 4267 possunt
1219 4195 1256 4249 M
1335 4203 1368 4251 1³
1399 4213 1432 4252 ex
1460 4197 1572 4253 duabus
1601 4198 1704 4254 litteris

370 4285 484 4340 constat
507 4284 557 4339 aut
575 4299 610 4338 ax
629 4299 648 4353 g
668 4284 728 4338 ets
753 4283 803 4336 aut
828 4295 861 4333 ex
886 4281 950 4332 cet
1001 4283 1034 4356 nt
1057 4295 1105 4334 rex
1130 4276 1204 4346 regis
1228 4276 1276 4347 pix
1301 4275 1373 4348 picis
1398 4277 1495 4348 (piscis
1521 4277 1569 4346 M)
1594 4281 1705 4333 εοεειει

371 4365 446 4421 ειιίιιι
472 4365 579 4436 quippe
604 4367 670 4419 ante
694 4381 713 4418 x
735 4361 863 4418 litteram
887 4375 960 4428 quaa
983 4361 1049 4430 post
1067 4357 1230 4414 incendium
1254 4358 1373 4414 inuenta
1392 4363 1436 4414 est
1453 4357 1529 4415 ΒΜ
1602 4367 1636 4417 ιι
1656 4379 1704 4417 rex

370 4467 422 4523 per
441 4466 460 4520 g
480 4450 509 4503 ει
527 4464 541 4500 s
559 4444 687 4516 itemque
701 4443 754 4515 pix
777 4459 828 4513 per
848 4456 863 4495 c
882 4442 912 4494 ει
928 4457 941 4495 ε
965 4439 1076 4495 litteras
1096 4439 1207 4494 ueteres
1226 4439 1388 4495 scribebant
1413 4439 1503 4496 Vrex
1522 4459 1573 4513 per
1592 4443 1624 4514 ig
1641 4446 1672 4499 ει
1690 4461 1702 4497 ε

370 4528 482 4585 litteras
505 4529 618 4584 ueteres
644 4525 807 4581 scribebant
832 4520 860 4575 B
890 4536 939 4575 rex
967 4537 1019 4592 per
1047 4523 1120 4592 get
1143 4538 1156 4574 s
1181 4523 1292 4575 ueteres
1320 4521 1464 4578 scribebat
1489 4523 1526 4578 M
1602 4529 1635 4579 ts
1659 4545 1703 4582 sn-

370 4623 530 4680 pranacuae
553 4613 670 4678 utroque
693 4607 750 4664 loeo
776 4603 813 4658 M
886 4607 919 4656 19
944 4602 1141 4657 alitterarum
1159 4600 1255 4657 lucum
1273 4601 1349 4656 BM
1420 4607 1454 4658 21
1481 4603 1559 4678 uam]
1588 4622 1646 4662 uon
1670 4607 1708 4662 M

406 4707 458 4761 per
475 4689 496 4743 k
515 4688 695 4744 scribendum
714 4690 760 4744 est
777 4689 810 4740 nt
829 4699 900 4738 canu
921 4685 1000 4752 (corr.
1016 4683 1103 4752 iano)
1123 4683 1272 4738 banendae
1291 4685 1383 4756 kaput
1401 4684 1513 4756 quoties
1532 4683 1544 4740 i
1563 4701 1614 4756 per
1633 4705 1652 4756 q
1671 4689 1703 4740 ut

364 4776 418 4842 qni
437 4769 557 4841 quirites
576 4769 605 4824 B
624 4787 674 4841 per
694 4769 732 4826 ka
751 4765 932 4824 scribendum
957 4767 1000 4820 est
1018 4767 1052 4819 ut
1075 4765 1151 4820 luno
1171 4763 1293 4820 kalenda
1313 4767 1405 4837 capud
1426 4765 1558 4837 quotiens
1578 4785 1595 4822 u
1615 4787 1666 4840 per
1684 4790 1701 4840 q

369 4852 401 4905 ut
429 4849 543 4920 qnando
571 4848 697 4919 quirides
729 4849 766 4904 M
842 4853 877 4902 23
907 4844 991 4918 civis]
1022 4845 1101 4900 cuitus
1132 4847 1170 4901 M
1246 4855 1281 4902 24
1312 4847 1505 4922 existimatur]
1535 4849 1644 4907 extima
1669 4851 1705 4906 Μ

369 4935 404 4986 tt
424 4949 437 4986 ε
455 4932 485 4986 ει
503 4949 517 4984 a
537 4931 575 4986 Μ
1523 4937 1528 4948 ’
