3590 5486
273 407 275 413 .
325 359 393 428 216
769 356 1004 418 ΟΔΒΒΙΟΒΟΒΠ
1022 355 1222 418 excantat

326 474 349 514 p·
364 462 419 506 mi
433 463 458 504 Ρ.

417 547 499 612 llacc
522 546 657 611 breviter
675 547 754 612 dlota
777 547 938 612 sulliciant.
976 554 1114 610 ceterum
1133 549 1187 630 qul
1209 565 1245 612 es
1264 546 1394 612 roluerlt
1416 547 1508 614 latlus
1530 547 1667 631 plenius·

234 635 238 644 ⁵
328 675 388 740 qus
412 675 611 740 cognoscere,
635 675 705 721 oum
728 657 914 742 praefatione
938 675 993 720 sua
1017 655 1154 720 codicem
1176 655 1270 740 legat,
1293 675 1384 740 quem
1408 665 1513 722 nostra
1537 659 1667 722 curlosl·

328 775 389 830 tate
413 767 622 851 formavimus,
645 765 676 830 id
700 775 747 829 est
766 776 863 831 artem
882 764 1003 847 Donati,
1027 764 1078 827 cul
1097 763 1134 828 de
1153 764 1368 848 orthographia
1391 765 1504 830 librum
1522 775 1555 830 et
1574 765 1667 830 allum

328 876 366 939 de
400 873 589 956 etymologiis
621 875 823 958 lnssrulmus,
856 883 998 958 quartum
1031 891 1154 956 quoquc
1188 873 1225 938 de
1259 874 1463 939 schematibus
1492 873 1669 938 Sacerdotis

329 984 536 1068 adiunximus,
565 991 716 1065 quatenus
739 983 867 1066 diligens
895 981 992 1045 lector
1020 985 1052 1046 ln
1076 1000 1137 1046 uno
1161 983 1265 1046 codlce
1289 985 1425 1065 reperire
1449 985 1560 1067 possit,
1586 983 1694 1065 quoda

330 1093 389 1156 arti
411 1093 626 1175 grammaticae
650 1091 830 1174 deputatum
852 1108 920 1153 esse
944 1093 1109 1172 cognoscit

621 1398 661 1483 Q.
689 1396 873 1472 Parnm
901 1397 965 1472 nn
995 1361 1382 1472 onunouaarnn

425 1541 543 1608 lustitia
567 1560 638 1605 cum
661 1540 821 1624 scrlbltur,
849 1545 938 1606 tertla
963 1541 1073 1626 syllaba
1103 1543 1146 1604 sic
1170 1549 1271 1624 sonat,
1300 1544 1386 1623 quasi
1411 1551 1532 1606 constet
1555 1561 1593 1606 ex
1617 1546 1669 1608 tn‘·

333 1651 392 1714 hus
416 1649 526 1714 litteris
550 1659 593 1714 tz
617 1659 651 1713 et
671 1653 696 1735 i,
720 1668 791 1713 cum
813 1649 922 1744 haheat
946 1650 1035 1735 duas,
1059 1660 1072 1715 t
1095 1651 1168 1712 et.l.
1206 1647 1259 1712 sed
1284 1650 1449 1714 notandum
1473 1653 1545 1733 quia
1567 1654 1601 1714 in
1624 1651 1670 1714 lrls

333 1758 454 1841 syllahls
473 1761 530 1822 iste
550 1777 644 1823 sonan
663 1758 781 1822 litterae
801 1779 816 1822 s
836 1761 981 1823 inmixtus
1003 1760 1133 1823 lnrenlri
1157 1765 1275 1822 tantum
1293 1767 1409 1842 potest,
1434 1777 1511 1842 quac
1530 1768 1670 1823 constant
1686 1785 1709 1822 n

334 1886 371 1931 ex
396 1869 496 1930 teti
520 1876 625 1932 eteas
653 1872 792 1950 sequitur
821 1867 932 1930 vocalis
960 1865 1126 1950 quamlibet,
1156 1876 1191 1930 ut
1214 1865 1319 1930 Tatius
1349 1876 1381 1931 et
1408 1877 1469 1931 atra
1496 1871 1612 1934 iustitia
1640 1882 1672 1932 et

335 1975 414 2039 talla.
441 1977 635 2058 excipiuntur
654 1975 801 2058 quaedam
820 1979 941 2039 nomina
960 1959 1093 2058 propria,
1112 1993 1189 2059 quae
1207 1977 1369 2057 peregrina
1389 1985 1469 2039 saint.
1494 1975 1547 2039 sed
1567 1976 1605 2040 ab
1623 1977 1670 2040 his

334 2081 457 2166 syllabis
481 2083 654 2149 excluditur
676 2103 770 2149 sonus
794 2103 809 2146 s
832 2083 966 2168 litterae,
989 2101 1065 2165 quas
1087 2086 1227 2165 sequitur
1251 2083 1351 2147 littera
1374 2086 1399 2166 i,
1423 2093 1457 2147 ut
1475 2087 1531 2148 otii
1554 2088 1671 2150 iustltll.

334 2196 409 2256 ltem
432 2209 493 2256 non
517 2203 605 2256 sonat
628 2213 657 2277 a,
681 2213 751 2258 cum
775 2192 917 2276 syllabam
941 2193 964 2254 a·
988 2191 1141 2256 antecedit
1163 2192 1264 2257 littera
1287 2211 1317 2275 s,
1347 2199 1381 2255 ut
1408 2195 1519 2256 iustius
1536 2196 1671 2257 'castius

428 2384 441 2433 1
466 2377 538 2434 haec
560 2376 687 2434 breuiter
711 2376 758 2447 (ds
781 2377 847 2436 add.
867 2377 895 2448 b)
920 2375 1132 2434 delinitionibus
1156 2374 1356 2432 tantummdo
1379 2375 1458 2433 &cta
1481 2376 1628 2435 sufficiant
1645 2377 1674 2433 B

391 2467 407 2516 2
427 2457 555 2516 codicem
574 2458 654 2530 legat
671 2475 757 2530 quem
776 2458 812 2515 de
831 2458 1020 2531 grammatica
1045 2456 1100 2513 feci
1119 2459 1181 2513 arte
1201 2457 1356 2532 conscripsi
1379 2462 1461 2530 (corr.
1481 2459 1622 2516 conscribi
1645 2461 1673 2530 h)

336 2544 479 2614 quatenus
507 2539 630 2613 diligens
657 2537 749 2596 lector
779 2537 907 2597 inuenire
935 2539 1028 2611 possit
1056 2539 1133 2610 qnod
1160 2539 1205 2597 illi
1233 2539 1381 2612 proposito
1408 2538 1588 2610 deputatum·
1611 2557 1673 2597 esse

337 2621 491 2694 cognoscit
528 2621 611 2678 Nunc
634 2620 671 2676 ad
697 2620 768 2678 artis
791 2620 949 2678 rhetoricae
973 2620 1127 2678 divisiones
1151 2620 1386 2692 definitionesque
1400 2619 1567 2676 -ueuiamus
1600 2637 1674 2692 quse

337 2703 413 2761 sicut
436 2705 554 2762 extensa
578 2703 663 2774 atque
689 2703 804 2775 copiosa
827 2705 871 2772 est
896 2702 939 2759 ita
962 2701 1060 2758 multis
1085 2700 1222 2760 etaloris
1245 2699 1432 2773 scriptoribus
1454 2702 1580 2758 tractata
1604 2701 1674 2760 dila·

337 2785 423 2842 tatur.
470 2783 513 2841 De
543 2783 686 2841 rethorica
711 2784 740 2841 Β
801 2833 802 2838 ,
851 2791 867 2840 t
900 2784 1056 2856 cognoscit
1094 2783 1152 2842 Sed
1179 2782 1248 2855 quia
1280 2782 1456 2840 confluentis
1483 2781 1577 2856 magis
1605 2785 1676 2841 artis

338 2865 543 2939 grammaticae
572 2865 651 2922 dicta
678 2867 733 2936 est,
770 2867 932 2923 curauimus
961 2866 1060 2938 aliqua
1087 2868 1123 2925 de
1155 2864 1280 2922 nominis
1312 2863 1450 2933 uertique
1484 2865 1592 2938 regulis
1624 2883 1676 2938 pro

338 2949 420 3020 parte
443 2945 584 3017 sumsere,
607 2963 679 3018 quas
701 2950 778 3005 recte
802 2949 915 3003 tantum
934 2947 1103 3005 Aristoteles
1127 2946 1293 3018 (aristotelis
1313 2945 1336 3002 8
1354 2945 1538 3003 arestothelis
1558 2949 1584 3002 A
1605 2965 1676 3006 corr.

340 3029 393 3086 ·lea
419 3030 447 3098 a)
472 3028 609 3086 arebonis
632 3031 728 3100 partes
751 3029 879 3085 adseruit
905 3028 992 3088 Λᾶς.
1020 3030 1146 3100 sequitur
1170 3029 1270 3086 deinde
1295 3029 1327 3083 in
1352 3028 1380 3082 A
1404 3026 1517 3083 ahaior
1542 3045 1676 3088 mm.

339 3113 431 3168 terias
458 3111 491 3167 de
518 3110 703 3167 declinatione
730 3112 874 3166 nominum
900 3115 925 3165 et
950 3111 984 3166 de
1009 3113 1205 3183 coniugatione
1231 3111 1389 3178 antonem,
1423 3108 1533 3166 arsere
1560 3111 1678 3170 nomina
1751 3109 1754 3114 ’

340 3209 413 3263 quae
433 3191 510 3263 apud
528 3206 580 3247 nos
599 3191 629 3247 in
649 3208 680 3247 as
699 3194 804 3248 meunt
822 3195 879 3247 tres
899 3189 1008 3260 speclea
1027 3190 1136 3248 habent
1156 3187 1188 3234 ὲ-
1211 3191 1316 3264 fungor
1338 3191 1414 3246 hane
1433 3207 1494 3246 rem
1514 3193 1544 3247 et
1566 3191 1619 3249 illa
1637 3211 1676 3250 re.

339 3274 418 3331 Haeo
437 3271 506 3329 satis
525 3272 564 3328 ad
582 3272 713 3344 exempla
731 3271 880 3342 analcgiae
899 3269 1004 3326 dixisse
1024 3269 1156 3329 sufficiat.
1186 3289 1261 3328 nune
1279 3271 1316 3328 ad
1332 3270 1402 3327 artis
1420 3269 1580 3330 rhetoricas
1599 3273 1677 3332 deui-

339 3355 433 3412 siones
452 3351 689 3424 definitionesque
713 3347 862 3409 ueniamns'
886 3368 942 3424 sqq.
970 3353 1017 3408 sed
1040 3353 1106 3409 haec
1124 3356 1232 3423 omnia,
1256 3369 1374 3426 qnorum
1392 3368 1464 3425 para
1486 3354 1519 3408 in
1542 3355 1678 3413 editiones
1709 3367 1713 3376 ·

343 3433 514 3491 Cassiodorii
528 3438 638 3504 recepta
651 3437 704 3500 est,
719 3450 753 3488 eu
769 3433 916 3488 Martiani
930 3433 1059 3503 Capellae
1078 3435 1149 3491 libro
1164 3437 1244 3491 tertio
1258 3453 1290 3506 p.
1301 3439 1350 3503 82,
1362 3439 1380 3490 6
1390 3463 1424 3474 -
1440 3438 1487 3500 95,
1497 3437 1534 3490 33
1549 3435 1590 3490 ed.
1605 3435 1676 3508 Ena.

340 3516 480 3586 descripta
494 3519 568 3570 sant.
597 3515 772 3570 insontem
791 3515 892 3569 ornissa
911 3513 963 3569 lrac
977 3519 1062 3583 parte
1076 3531 1132 3585 pro
1146 3532 1178 3572 ea
1192 3517 1299 3586 scripta
1313 3519 1379 3570 ssent
1397 3513 1478 3582 haec,
1497 3515 1610 3586 reliqua
1628 3517 1678 3588 qui

340 3595 466 3652 uoluerit
483 3593 513 3650 in
527 3595 585 3651 alic
600 3598 721 3666 quaerat
735 3594 888 3651 uolumine.
916 3613 983 3652 nam
1002 3612 1056 3668 ego
1075 3597 1232 3654 deacribtor
1250 3597 1287 3652 ad
1305 3595 1420 3666 potiora
1438 3594 1598 3652 diaconem
1613 3597 1678 3653 reli·

341 3691 462 3746 quorum
481 3675 588 3732 oblitus
608 3695 671 3732 sum
690 3679 741 3732 aut
759 3677 817 3733 lora
836 3677 957 3749 neglexi.
987 3679 1065 3734 Inter
1083 3679 1208 3734 rationes
1228 3677 1385 3735 rethoricas
1399 3676 1621 3734 obseruandum
1641 3680 1677 3747 cf.

342 3761 408 3816 rhet.
424 3761 473 3815 lat.
489 3760 529 3817 ed.
547 3759 634 3814 Halm
644 3777 675 3830 p.
686 3765 750 3815 501.
769 3759 942 3830 interpositis
956 3759 1167 3826 delinitionibus
1180 3760 1218 3814 ad
1233 3764 1320 3815 artem
1334 3759 1500 3816 rhetoricam
1512 3759 1678 3829 pertinenti·

343 3843 394 3899 orn
411 3841 538 3912 seqnitur
556 3841 654 3896 deinde
673 3843 808 3910 mpositio
827 3842 898 3897 artis
916 3841 1075 3895 rhetoricae.

436 3929 451 3980 'l
476 3923 591 3994 Papirii
613 3925 799 3994 fragmentum
823 3929 856 3981 in
878 3921 1214 3980 eodieePalatino1753
1238 3922 1374 3992 seriptum
1398 3927 1437 3977 est
1460 3921 1538 3990 fiii
1562 3921 1679 3993 incipi)

343 4005 435 4078 quinti
456 4004 561 4077 papirii
580 4004 733 4074 ortograiia
751 4005 874 4061 leliciter
891 4002 993 4059 lectori
1012 4005 1042 4059 et
1060 4002 1205 4074 scriptori:
1225 4004 1260 4072 ef.
1280 4019 1395 4075 gramm.
1411 4003 1460 4059 lat.
1480 4019 1505 4059 o.
1524 4003 1571 4058 VI
1585 4005 1678 4074 praef.

239 4151 241 4156 ¹
342 4106 374 4158 p.
391 4087 467 4142 VII.
495 4103 530 4142 ea
543 4085 635 4142 eodern
654 4085 746 4142 codiee
762 4089 884 4157 primam
899 4084 1002 4140 editam
1021 4089 1060 4138 est
1078 4084 1113 4140 ab
1129 4085 1241 4140 Ioanne
1255 4084 1392 4140 sichardo
1410 4085 1444 4139 in
1461 4085 1581 4140 editione
1594 4084 1678 4140 Basi-

343 4171 472 4236 leensia.
493 4172 569 4225 1527
588 4166 610 4233 s.
632 4171 698 4235 106,
719 4166 762 4233 Ὀ.
781 4166 935 4224 sarran
952 4165 1002 4221 DE
1023 4161 1320 4222 ORTHOGRAPHIA
1338 4163 1611 4222 emoriturum.
1646 4163 1680 4220 Si

344 4253 477 4308 diuinare
500 4249 576 4315 licet,
600 4261 668 4302 essin·
685 4249 900 4305 existimaverim
925 4249 1099 4320 Papyrinm,
1129 4251 1179 4320 qni
1202 4267 1221 4306 a
1244 4248 1393 4303 Prmciarm
1417 4248 1495 4302 toties
1518 4245 1680 4316 Pnpysinni

343 4333 456 4389 omnine
479 4333 585 4388 citatur
607 4330 640 4385 de
663 4347 693 4385 re
715 4332 913 4400 grammatica,
936 4331 1018 4386 essina
1040 4331 1180 4400 eannplar
1203 4344 1324 4400 marsque
1342 4327 1451 4383 Hassis
1474 4328 1532 4382 iam
1555 4328 1613 4382 mm
1634 4343 1679 4382 aa·

341 4419 500 4484 peetamses,
523 4413 659 4468 mnsam
682 4411 835 4482 aliqnando
855 4410 993 4480 pahlico’.
1023 4412 1056 4466 in
1079 4413 1161 4468 titolo
1180 4411 1311 4468 editionis
1330 4410 1435 4465 dicitnr
1458 4405 1576 4479 Papyrii
1594 4405 1678 4464 Prae·

344 4493 448 4552 tentati
471 4493 663 4565 fragmentum
686 4492 721 4548 ds
746 4489 965 4562 orthographia:
990 4491 1025 4559 cf.
1044 4508 1159 4563 gramm.
1180 4493 1228 4548 lat.
1253 4492 1271 4549 l.
1291 4507 1313 4548 c.
1331 4509 1362 4562 p.
1383 4489 1444 4544 IX.
1469 4505 1504 4545 em
1521 4489 1680 4545 Basileenci

346 4579 467 4634 editione
485 4576 601 4646 Papirii
618 4577 805 4646 tiamnentnm
824 4573 952 4643 repetivit
970 4571 1089 4642 Lipsius
1106 4573 1140 4627 de
1157 4578 1222 4629 rect.
1237 4575 1374 4655 pronam.
1389 4571 1438 4627 lat.
1453 4570 1523 4642 ling.
1539 4585 1562 4627 c.
1577 4574 1627 4636 14,
1646 4585 1680 4624 ee·

347 4658 482 4714 Palatino
500 4659 592 4714 codiee
610 4659 757 4729 Angustus
782 4654 987 4710 Wilmannsins
1005 4670 1074 4710 mres.
1094 4654 1183 4712 Rhen.
1202 4671 1226 4709 e.
1249 4651 1379 4708 XXIII
1396 4668 1422 4708 a.
1443 4656 1521 4708 1868
1538 4667 1567 4722 p.
1587 4656 1640 4708 401

347 4745 364 4795 a
384 4741 518 4796 coustant
536 4755 570 4795 ex
588 4742 602 4794 t
626 4737 844 4804 Wilmannsins,
863 4738 976 4792 constat
993 4737 1006 4791 t
1024 4738 1110 4793 codex
