3564 5482
338 359 406 428 382
912 356 1090 416 DOSITHEI

338 463 497 511 mmmm

340 561 412 614 sunt
435 567 511 632 quae
542 567 597 634 per
621 567 653 611 se
682 546 805 630 quidem
833 547 1046 633 proteruntur,
1074 549 1127 612 sed
1155 567 1211 632 per
1240 568 1273 614 εε
1300 553 1451 632 syllabam
1481 551 1581 614 iacere
1611 567 1674 612 uon

339 669 476 744 possunt
523 668 596 722 sunt
619 665 719 722 autem
743 675 872 722 numero
891 656 958 742 vti,
982 658 996 720 i
1016 657 1026 720 i
1050 676 1079 720 m
1103 676 1123 721 n
1148 678 1164 722 r
1187 677 1202 722 ε
1225 677 1253 722 1.
1299 678 1337 722 ox
1359 660 1408 724 his
1432 659 1542 743 duplex
1567 671 1617 722 est
1642 678 1675 720 r:

340 775 458 832 conettt
481 769 562 831 enim
586 775 638 830 aut
661 784 698 830 ex
722 784 742 848 g
764 775 795 830 et
818 784 848 852 ε,
877 777 911 830 ut
939 785 993 830 rex
1021 769 1117 850 regis,
1146 776 1198 831 aut
1226 786 1263 832 ex
1287 786 1304 831 o
1327 779 1358 832 et
1387 788 1416 852 s,
1445 778 1480 832 ai
1507 770 1559 852 pix
1586 770 1676 852 picis,

339 876 468 960 ideoque
497 876 597 940 littera
625 885 761 958 negatur.
809 885 908 941 mutue
938 886 1010 939 sunt
1037 893 1113 958 quae
1143 895 1199 940 neo
1229 895 1285 961 per
1313 895 1346 940 se
1379 879 1510 961 proierri
1543 885 1677 960 possunt

341 1004 398 1049 nec
425 985 576 1066 syllabam
604 983 713 1047 iecere.
760 993 833 1046 sunt
859 992 961 1047 nutem
988 1001 1115 1048 numero
1145 984 1238 1069 viiii,
1271 985 1291 1048 b
1319 1004 1336 1048 c
1364 986 1383 1048 d
1412 1004 1431 1068 g
1458 985 1478 1048 h
1505 985 1526 1048 k
1555 1005 1575 1068 p
1604 1005 1624 1067 q
1654 993 1676 1046 t.
1702 1005 1714 1046 ε

341 1113 377 1156 ex
411 1093 459 1156 his
492 1073 695 1176 supervacuae
726 1093 905 1176 quibusdam
933 1094 1075 1157 ridentur
1103 1093 1121 1156 k
1151 1103 1182 1158 et
1210 1113 1245 1178 η,
1278 1093 1358 1176 quod
1386 1113 1403 1157 ο
1432 1093 1532 1158 littera
1567 1093 1676 1156 harum

341 1205 441 1268 iocum
464 1204 561 1286 possit
583 1201 718 1285 impiere.
739 1199 745 1286 Ι
766 1202 785 1264 h
805 1220 927 1285 quoquo
945 1203 1137 1283 aspirationis
1161 1211 1247 1286 uoto,
1272 1220 1331 1266 non
1355 1202 1455 1266 littero
1475 1205 1676 1266 existimatur.

342 1334 359 1398 y
383 1323 415 1376 et
438 1333 454 1376 τ
476 1321 603 1394 propter
626 1329 734 1394 graeca
758 1313 880 1376 uomina
903 1311 1097 1375 admittimus.

432 1425 456 1484 Α
490 1421 589 1485 littera
622 1421 746 1505 naeniis,
779 1439 856 1504 queo
889 1420 1012 1503 quidem
1045 1439 1101 1504 por
1134 1439 1166 1484 εε
1200 1421 1272 1484 iacit
1303 1423 1455 1500 syllabam
1487 1419 1611 1484 brevem
1646 1429 1678 1482 et

342 1533 462 1616 longum
490 1533 623 1612 itemque
652 1549 766 1594 conexo
795 1548 866 1594 oum
889 1529 955 1594 aliie
978 1539 1039 1594 tam
1062 1532 1234 1614 praeposita
1258 1548 1348 1613 quam
1372 1530 1470 1595 medin
1496 1531 1678 1611 finiensque,
1693 1553 1716 1591 ιι

343 1653 378 1706 ut
405 1639 511 1704 Ahalm
540 1649 611 1702 noto
639 1641 729 1702 etiam
758 1641 979 1722 praenominis,
1007 1657 1076 1702 cum
1100 1639 1209 1703 Auium
1239 1639 1302 1703 solu
1331 1639 1483 1721 significo,¹
1534 1637 1679 1702 eiittern
1734 1683 1736 1686 -

343 1749 455 1814 uocalis
478 1767 534 1831 per
558 1767 591 1812 εε
614 1750 767 1810 nominato
791 1750 927 1831 itemque
951 1765 1021 1810 cum
1044 1747 1110 1812 niiis
1134 1751 1237 1812 iuncta
1260 1758 1291 1812 et
1314 1747 1422 1812 breves
1446 1735 1517 1813 taen
1539 1750 1679 1829 syllabas

344 1870 375 1923 et
397 1859 511 1940 longas.
558 1859 568 1920 i
591 1855 691 1920 littere
716 1855 825 1918 vocalis
850 1856 1003 1921 interdum
1023 1859 1173 1921 transiens
1191 1860 1223 1921 in
1243 1859 1474 1922 consonantium
1493 1867 1678 1941 potestatem

343 1986 399 2052 per
432 1985 465 2030 ee
498 1985 554 2030 neo
583 1967 684 2028 minus
717 1962 783 2027 niiis
817 1966 929 2028 sociatu
962 1975 1023 2030 tam
1052 1965 1160 2030 breves
1190 1967 1261 2030 iacit
1283 1969 1420 2048 syllabas
1443 1986 1533 2051 quam
1559 1967 1679 2050 longas:

345 2087 416 2141 itote
438 2077 572 2160 numeri,
596 2093 665 2138 cum
689 2091 783 2137 uuum
809 2074 964 2155 signiiiout
1010 2092 1029 2137 ο
1052 2073 1153 2138 littero
1176 2075 1287 2138 vocalis
1311 2084 1373 2138 tam
1396 2077 1562 2158 corripitur
1585 2094 1677 2158 quem
1693 2095 1716 2135 u

345 2184 525 2268 producitur
559 2193 589 2246 et
622 2181 783 2266 singularis
816 2192 846 2246 et
879 2201 949 2246 cum
983 2183 1049 2246 nliis
1082 2184 1229 2267 copulatu.
1286 2203 1305 2247 u
1339 2182 1440 2247 iittern
1472 2183 1583 2247 vocalis
1617 2202 1678 2246 non

439 2395 531 2452 Codex
549 2393 750 2467 Sanpaiienoio.
790 2402 804 2451 1
824 2392 966 2465 syllabam
986 2409 1037 2452 οω.
1112 2399 1260 2452 inumero
1275 2411 1325 2452 om.
1400 2401 1417 2452 ³
1436 2397 1470 2452 ui
1484 2401 1549 2452 anie
1563 2393 1614 2466 pix
1626 2411 1678 2452 οτι.

384 2485 401 2535 5
420 2475 561 2550 nyllnbnm
580 2492 632 2532 οπο.
707 2481 723 2530 ii
743 2473 884 2545 nyilnbnm
898 2490 948 2530 am.
1026 2479 1059 2530 10
1074 2475 1147 2549 inm]
1163 2475 1251 2532 etiem
1325 2483 1358 2532 11
1375 2475 1468 2533 nolum
1542 2481 1576 2532 12
1591 2477 1679 2534 breue

421 2557 546 2632 syllabae
565 2573 616 2614 am.
692 2562 726 2613 11
745 2555 818 2630 tom]
838 2555 926 2614 etiam
998 2556 1094 2614 breuia
1111 2557 1183 2614 inuit
1201 2574 1288 2628 quam
1364 2564 1397 2614 15
1416 2556 1490 2631 tem]
1510 2557 1599 2614 etiem

349 2758 435 2833 ἀλλὰ
453 2756 535 2830 καθ’
558 2755 661 2830 ἑαυτὰ
681 2753 856 2846 σνλλαβῆν
873 2760 1013 2847 ποιῆσαι
1033 2756 1076 2826 οὐ
1095 2754 1249 2828 δύναται.
1277 2761 1369 2827 ἔστιν
1390 2757 1427 2828 δέ
1445 2755 1508 2828 τόν
1527 2755 1681 2848 ἀριθμὸν

350 2871 431 2943 ἕπτοί
500 2870 568 2938 .έκ
594 2865 726 2937 τούτων
756 2869 902 2936 διπλοῦν
930 2868 1022 2937 έστιν
1051 2864 1089 2937 τὸ
1119 2891 1147 2936 x.
1194 2867 1401 2956 συνέστηκεν
1423 2865 1489 2957 γὰρ
1512 2863 1534 2956 ῆ
1559 2869 1597 2938 έκ
1620 2872 1682 2938 τοῦ

350 2979 444 3070 goni
463 3005 491 3069 ε,
515 2973 562 3058 ὥς
584 2973 622 3046 τὸ
646 3000 701 3045 rex
719 2985 816 3066 repis,
840 2969 919 3065 ῆέκ
937 2978 1000 3045 τοῦ
1020 3001 1036 3044 n
1054 2975 1111 3044 καὶ
1131 3002 1160 3066 s,
1183 2973 1229 3058 ὡς
1247 2974 1285 3046 τὸ
1305 2985 1356 3066 pix
1375 2985 1459 3066 pinis.
1498 2974 1556 3046 διὰ
1579 2980 1680 3046 τοῦτο

351 3087 488 3180 γράμμα
521 3083 682 3172 δονεῖται.
737 3081 860 3173 ἄφωνοί
899 3083 991 3154 ἐστιν
1023 3078 1045 3152 δι
1079 3081 1157 3154 οὔτε
1187 3082 1269 3154 καθ’
1310 3082 1411 3169 έαυτόι
1449 3085 1682 3172 ἐπιφωνεῖσθαι

352 3198 496 3269 δύναται
520 3192 597 3266 οὔτε
621 3191 796 3282 σνλλαβῆν
820 3195 970 3281 ποιῆσαι,
1018 3196 1110 3262 ἔστιν
1135 3192 1172 3264 δὲ
1194 3201 1199 3277 Ι
1219 3191 1280 3264 τὸν
1303 3191 1458 3283 ἀριθμὸν
1488 3195 1599 3263 έννέα.
1647 3195 1717 3265 έκε

350 3307 482 3378 τούτων
510 3301 654 3393 περισσά
681 3323 772 3373 τισιν
801 3300 1013 3392 δοκιμάζεται
1043 3299 1080 3371 τὸ
1109 3309 1130 3371 k
1157 3301 1213 3371 καὶ
1241 3300 1279 3372 τὸ
1304 3327 1337 3392 q,
1366 3301 1418 3373 ότι
1441 3300 1479 3372 τό
1504 3328 1521 3371 o
1544 3301 1683 3392 γράμμα

352 3413 414 3486 τὸν
446 3412 578 3484 τούτων
610 3410 717 3482 τόπον
752 3409 896 3482 δύναται
934 3407 1184 3501 ἀναπληρῶσαι.
1240 3410 1296 3480 καί
1328 3409 1367 3480 τό
1402 3416 1422 3479 h
1452 3415 1517 3499 τῆς
1546 3413 1684 3490 δασείας

354 3537 506 3614 σημεῖον,
537 3519 613 3610 οὐχὶ
641 3519 778 3611 γρόμμα
806 3517 1091 3610 ὑπολαμβάνεται.
1143 3519 1181 3590 τὸ
1214 3547 1238 3590 υ
1271 3519 1309 3589 δὲ
1341 3525 1402 3588 καί
1430 3517 1468 3589 τό
1503 3525 1520 3604 ζ
1552 3516 1611 3588 διδ
1626 3507 1684 3588 ’τὰ

355 3628 514 3721 έλληνιιιόι
538 3627 689 3719 ὀνόματα
711 3628 982 3719 προσβόλλομεν.
1360 3641 1363 3646 “

446 3738 630 3829 Αγοόμμα
658 3742 808 3828 φωνῆεν,
842 3736 923 3828 ὅπερ
956 3737 1019 3828 μὲν
1052 3728 1116 3806 οὖν
1148 3733 1230 3806 καθ’
1263 3734 1362 3806 ἑαυτό
1389 3752 1484 3808 ποιεῖ
1508 3735 1684 3826 συλλαβῆν
1698 3771 1720 3811 ιο

355 3856 518 3940 βραχεῖαν
540 3847 596 3916 καλ
620 3846 764 3936 μακρόν,
788 3844 913 3936 ὁμοίως
936 3845 974 3916 δέ
999 3848 1266 3935 συνεζευγμένον
1289 3843 1371 3935 μετὰ
1394 3843 1509 3916 ἄλλων
1527 3847 1584 3916 καὶ
1603 3872 1685 3936 ποο-

357 3957 570 4047 τασσόμενον
593 3957 650 4024 καὶ
673 3958 778 4046 μέσον
801 3957 858 4025 καλ
882 3957 936 4025 έπλ
958 3957 1090 4042 τέλους,
1114 3951 1159 4036 ὡς
1182 3953 1220 4024 τὸ
1240 3961 1346 4045 Ahala,
1369 3954 1425 4024 καὶ
1445 3967 1587 4045 σημεῖον
1606 3982 1685 4044 χρη-

357 4069 537 4158 ματισμοῦ,
571 4061 670 4134 ὁπότε
699 4054 817 4133 Αὖλον
850 4063 959 4152 μόνον
993 4068 1158 4152 σημαίνει.
1210 4090 1226 4132 ε
1258 4063 1396 4154 γράμμα
1429 4065 1569 4152 φωνῆεν
1601 4059 1683 4132 καθ’

358 4173 457 4248 ἑαυτό
482 4171 681 4263 ὀνομασθέν
705 4170 830 4262 ὁμοίως
853 4199 887 4242 τε
911 4171 992 4261 μετὰ
1017 4170 1131 4242 όιλλων
1155 4171 1296 4260 ζευχθλν
1326 4173 1382 4242 καί
1411 4175 1570 4260 βραχείας
1596 4183 1689 4239 ποιεῖ

358 4281 529 4372 συλλαβὰς
551 4283 607 4352 καλ
631 4279 769 4372 μακρός.
816 4291 826 4350 i
849 4280 987 4370 γράμμα
1010 4285 1150 4370 φωνῆεν
1176 4279 1251 4350 ἔσθ’
1278 4278 1333 4350 ὅτε
1362 4277 1609 4369 μετερχόμενον
1638 4283 1687 4361 είς
1700 4315 1722 4355 n

358 4397 421 4484 τῆν
448 4397 518 4465 τῶν
546 4389 744 4482 σνμφοόνων
772 4388 922 4479 δύναμιν
949 4389 1030 4459 καθ’
1063 4389 1178 4477 ἑαυτό,
1212 4389 1314 4460 οὐδὲν
1348 4394 1488 4458 ἔλαττον
1519 4388 1576 4457 καὶ
1605 4385 1688 4476 μετὰ

359 4503 473 4575 ἄλλων
496 4505 706 4592 ἐζευγμένον,
728 4501 784 4570 καλ
807 4505 965 4588 βραχείας
987 4513 1079 4569 ποιεί
1100 4496 1270 4587 συλλαβὰς
1293 4499 1349 4567 καὶ
1373 4497 1515 4586 μακρός·
1543 4510 1687 4586 σημεῖον

361 4611 528 4701 ἀριθμοῦ,
552 4608 653 4681 ὁπότε
677 4613 737 4680 ἕνα
761 4614 926 4698 σημαίνει.
973 4633 991 4676 ο
1009 4607 1147 4698 γράμμα
1165 4611 1305 4695 φωνῆεν
1322 4605 1379 4676 καὶ
1399 4607 1614 4675 συστέλλεται
1632 4609 1690 4676 καὶ

362 4723 540 4791 ἐκτείνεται
558 4721 615 4790 καὶ
634 4717 744 4810 μόνον
762 4718 819 4787 καὶ
838 4712 919 4806 μετὰ
939 4713 1051 4785 ἄλλων
1071 4715 1306 4805 ζευγνύμενον.
1353 4740 1373 4784 u
1391 4712 1529 4804 γηόμμα
1548 4718 1690 4804 φωνῆεν

453 4921 563 4994 3regin
582 4937 633 4978 atu.
708 4925 723 4976 i
743 4938 793 4976 και
811 4936 891 4974 τοττι
911 4917 1030 4982 δασειας
1104 4921 1137 4972 12
1158 4935 1195 4981 ως
1213 4935 1246 4971 το
1265 4917 1320 4971 αλα
