3590 5486
349 381 417 450 220
957 377 1080 438 REDAE

226 535 231 545 Ι
349 579 405 634 tua
430 563 474 655 (p.
498 566 581 654 611,
606 567 646 635 lt
672 569 718 632 ed.
741 563 860 654 llalm),
884 571 1023 652 sequitur
1046 569 1183 651 Pompeii
1206 573 1443 636 commentarius
1466 573 1499 636 in
1524 569 1691 636 Donatum:

350 680 387 742 ci.
411 698 537 762 gramm.
561 677 611 741 lat
636 697 662 741 v.
687 677 725 741 tv
748 700 777 762 p.
801 677 925 742 xxxiii
949 688 981 743 et
1004 676 1028 737 tl
1051 697 1079 761 p.
1105 675 1157 741 84.

279 807 285 818 ·
440 787 601 852 Lectiones
625 789 717 851 trium
738 786 877 851 codicum
896 805 966 852 cum
990 789 1027 850 lls
1052 805 1129 870 quae
1153 788 1185 849 in
1209 789 1312 870 priore
1332 789 1483 872 scriptura
1504 807 1567 852 non
1592 788 1690 853 multo

349 902 433 981 post,
458 903 491 959 ut
513 895 647 978 ridetur,
670 903 783 959 mutata
804 905 876 960 sunt
898 898 1048 979 integram
1072 895 1214 979 indicari,
1239 899 1360 960 omissis
1380 897 1501 980 quidem
1521 897 1691 962 levioribus

351 1007 520 1090 scripturae
544 1003 772 1086 discrepamus,
796 1021 872 1084 quae
892 1001 1006 1066 nudius
1025 1006 1171 1068 momenti
1194 1006 1226 1068 in
1249 1003 1307 1068 boc
1330 1007 1511 1088 praesertim
1536 1008 1690 1090 scriptore

350 1123 430 1178 sunt
469 1111 507 1176 de
532 1114 643 1176 ceteris
667 1110 838 1194 codicibus,
861 1129 991 1195 quorum
1016 1131 1143 1195 magum
1162 1122 1304 1195 superest
1322 1131 1485 1198 numerus,
1509 1133 1570 1177 non
1584 1135 1688 1197 quae·

351 1224 416 1305 sivi,
431 1240 530 1304 neque
549 1222 712 1283 certiorem
731 1239 838 1284 eorum
857 1219 948 1284 fldem
967 1239 1034 1284 esse
1054 1231 1129 1303 puto
1149 1239 1240 1303 quam
1259 1239 1365 1286 eorum
1385 1241 1462 1304 quos
1481 1221 1614 1287 adhibui
1652 1245 1688 1289 ex

349 1329 521 1394 bisantem
544 1331 576 1392 in
599 1331 707 1411 primis
729 1329 941 1392 lionaeensem
966 1337 1090 1392 secutus
1115 1347 1196 1412 sum,
1225 1347 1316 1410 quem
1340 1339 1371 1392 at
1394 1329 1569 1412 diligentius
1593 1351 1687 1414 quam

349 1437 483 1520 reliquos
507 1437 584 1500 duos
612 1439 760 1519 scriptum
784 1455 852 1500 esse
881 1438 983 1500 inveni
1011 1444 1042 1500 et
1065 1436 1102 1500 ab
1126 1435 1243 1500 Halmio
1267 1437 1305 1500 ad
1333 1455 1381 1501 me
1407 1441 1532 1502 missum
1564 1441 1687 1522 inipso

350 1565 443 1629 opere
462 1546 600 1609 iaciendo
620 1547 749 1610 excussi.
788 1564 882 1628 quare
902 1545 992 1610 buius
1011 1547 1205 1628 potissimum
1224 1547 1376 1628 scriptura
1395 1555 1536 1610 accurate
1556 1548 1687 1612 iudicata

350 1663 405 1717 est
444 1655 596 1717 editorum
620 1652 826 1736 exemplorum
855 1653 1004 1717 lectiones
1030 1655 1135 1737 paucis
1167 1653 1242 1716 locis
1271 1653 1418 1717 adnotari.
1458 1653 1558 1718 editus
1586 1663 1687 1720 autem

351 1772 399 1826 est
426 1762 476 1827 bic
503 1763 581 1826 liber
608 1764 741 1846 primum
766 1780 835 1825 cum
858 1761 925 1826 aliis
954 1763 1157 1843 grammaticis
1180 1760 1341 1825 Mediolani
1364 1781 1389 1825 a.
1417 1759 1513 1846 1473,
1537 1763 1647 1827 deinde
1671 1783 1687 1828 a

226 1936 231 1944 ,
349 1871 420 1936 lano
445 1871 606 1936 Parrhasio
630 1869 789 1934 Mediolani
818 1889 843 1933 a.
871 1867 972 1935 1504:
1002 1872 1040 1935 cl.
1069 1888 1193 1953 prauam.
1218 1868 1267 1933 lat.
1301 1890 1327 1933 v.
1352 1869 1390 1933 lV
1418 1891 1446 1954 p.
1470 1869 1510 1934 tx
1534 1881 1564 1934 et
1588 1871 1687 1936 XLIV.

349 1980 501 2044 Parrhasii
531 1980 695 2044 editionem
720 1982 817 2043 secuti
847 1989 919 2042 sunt
948 1982 1000 2062 qui
1025 1987 1131 2064 postea
1155 1979 1202 2043 rel
1226 1999 1295 2043 cum
1320 1979 1385 2044 aliis
1412 1983 1617 2063 grammaticis
1641 1981 1687 2044 rel

349 2108 419 2153 cum
438 2088 564 2172 reliquis
583 2087 681 2152 Bedae
700 2088 786 2152 libris
810 2088 891 2153 bunc
915 2089 1027 2153 librum
1047 2089 1217 2154 ediderunt
1256 2107 1356 2172 neque
1380 2091 1407 2152 is
1430 2092 1499 2171 quis
1521 2092 1684 2154 novissime

307 2179 314 2191 ⁸
348 2215 418 2260 enm
443 2195 551 2278 edidit,
575 2195 705 2260 Gilesius
728 2195 827 2260 Bedae
852 2217 900 2280 op.
924 2216 949 2260 r.
973 2195 1012 2260 vt
1034 2217 1063 2280 p.
1083 2194 1128 2262 40
1143 2217 1224 2283 sqq.,
1247 2217 1338 2262 manu
1363 2201 1493 2281 scriptos
1516 2197 1613 2262 libros
1637 2199 1686 2262 ad·

348 2305 449 2370 bibuit
471 2305 517 2368 rel
541 2306 579 2369 ad
603 2304 844 2370 emendationem
869 2307 1034 2389 quidquam
1059 2306 1195 2371 contulit

439 2413 671 2495 lnscriptioaem
704 2411 773 2477 libri
796 2417 835 2478 de
858 2424 929 2478 orte
951 2419 1081 2478 metrica
1109 2432 1166 2498 pro
1191 2433 1225 2478 ea
1249 2433 1326 2496 quae
1350 2416 1448 2479 adbuc
1473 2415 1686 2480 ex'Parrbasii

349 2523 481 2586 editione
504 2530 668 2604 propagata
692 2520 856 2606 terebatur,
880 2525 1069 2586 demetrios
1089 2526 1227 2607 ratione,
1250 2524 1380 2586 restitui.
1419 2541 1488 2586 nam
1508 2526 1589 2586 etin
1609 2527 1683 2587 anti·

349 2633 504 2714 quissimis
514 2629 671 2694 codicibus
685 2631 726 2692 ita
741 2631 906 2712 inscrIptus
921 2629 1032 2713 legitur
1042 2639 1074 2693 et
1087 2633 1153 2713 lpse
1165 2630 1245 2693 Beda
1259 2630 1317 2693 hoc
1329 2633 1451 2694 nomine
1465 2631 1577 2695 librum
1593 2635 1683 2714 sigui·

350 2740 449 2802 ilcavlt
472 2757 500 2821 p.
516 2735 619 2823 2364,
642 2741 699 2802 sed
719 2741 779 2802 boc
803 2743 927 2803 interim
946 2747 1052 2803 nostro
1071 2744 1172 2820 operi,
1197 2743 1281 2818 qetod
1298 2743 1337 2803 de
1356 2747 1426 2802 arie
1445 2744 1576 2803 metrica
1597 2743 1684 2803 caedi·

349 2866 425 2924 mus,
448 2852 525 2911 satas
545 2867 611 2912 esse
625 2855 780 2928 putamus,
800 2847 969 2930 eodemque
989 2848 1078 2910 modo
1104 2850 1135 2910 in
1154 2847 1254 2911 indice
1278 2847 1426 2910 librorum
1446 2866 1462 2909 a
1482 2867 1514 2910 se
1534 2847 1685 2913 editorum

350 2965 419 3039 post
438 2955 596 3020 historiam
619 2956 854 3020 ecclesiasticam
873 2975 899 3018 r.
915 2955 956 3019 lll
975 2975 1003 3038 p.
1020 2953 1086 3020 316
1111 2956 1157 3020 ed.
1177 2955 1243 3039 Gil,
1267 2959 1379 3020 libram
1400 2960 1439 3020 de
1459 2959 1686 3038 orttoaropiia

350 3065 509 3145 ubbabeti
526 3067 637 3128 ordine
657 3067 844 3140 distinctum,
859 3068 930 3127 item
949 3067 1062 3127 librum
1078 3068 1116 3128 dc
1134 3069 1265 3129 metrica
1281 3073 1352 3129 orte
1366 3075 1397 3128 et
1414 3067 1489 3128 haic
1503 3067 1686 3130 adiunctum

349 3174 388 3237 de
411 3174 618 3236 schematibus
641 3176 706 3236 sive
729 3176 768 3236 de
795 3178 893 3251 tropis
921 3175 1063 3236 libellam.
1102 3172 1230 3235 alterum
1260 3171 1347 3255 illud,
1376 3172 1457 3254 quod
1486 3191 1567 3236 nunc
1596 3175 1685 3257 vulgo

349 3290 508 3364 receptum
538 3290 601 3362 est,
616 3282 666 3343 ·in
701 3279 821 3344 duobus
849 3279 1003 3344 veteribus
1036 3279 1123 3343 libris
1151 3283 1266 3362 inveni,
1295 3278 1399 3342 codiee
1428 3279 1565 3344 Parisino
1594 3279 1683 3346 4841

350 3391 467 3454 decimo
491 3387 612 3452 saeculo
637 3391 765 3473 scripto,
794 3389 899 3452 Bedae
924 3391 1104 3470 presbyteri
1132 3391 1171 3452 tic
1193 3391 1325 3452 metrica
1354 3391 1489 3464 ratione,
1519 3397 1550 3451 et
1579 3389 1685 3453 codice

350 3498 535 3561 Bononiensi
555 3499 714 3562 undecimo
734 3497 855 3561 saeculo
875 3499 999 3580 scripto,
1014 3501 1123 3576 incipit
1142 3501 1344 3575 concrepatio
1363 3497 1491 3560 Bacdae
1506 3500 1687 3578 presbyteri

351 3611 390 3672 cie
413 3611 544 3670 metrica
567 3597 691 3670 ratione
714 3609 858 3687 inprimis
881 3609 920 3669 de
943 3609 1062 3669 litteris.

440 3715 545 3778 Restat
572 3723 607 3777 ut
635 3713 672 3777 de
705 3717 822 3777 ratione
850 3713 921 3778 libri
948 3722 979 3776 et
1007 3713 1043 3776 de
1073 3712 1249 3776 auctoribus
1276 3731 1353 3793 quos
1375 3711 1456 3775 Beda
1486 3723 1610 3777 secutus
1638 3725 1686 3779 est

350 3842 445 3907 pauca
474 3823 580 3885 dicam.
616 3823 724 3904 incipit
750 3825 844 3903 igitur
872 3824 1093 3885 institutionem
1127 3839 1308 3884 amensura
1336 3821 1531 3905 syllabarum,
1559 3822 1596 3884 de
1625 3842 1685 3904 qua

351 3941 420 4015 post
438 3919 675 4014 dispalationem
694 3929 731 3992 de
754 3931 864 3994 litteris
888 3933 1035 4013 prooemii
1060 3929 1126 3993 loco
1146 3931 1216 3994 buic
1241 3933 1319 4014 parti
1343 3933 1546 4014 praepositam
1567 3942 1684 4015 septem

351 4039 501 4122 capitibus
521 4039 672 4103 disseruit
698 4038 807 4101 deinde
826 4023 862 4101 de
883 4039 958 4120 ipsis
972 4041 1077 4101 metris
1097 4041 1287 4122 praecipiens
1302 4039 1455 4103 uberrime
1475 4039 1684 4103 hexametrum

351 4149 532 4231 dactylicum
557 4157 589 4211 et
612 4150 807 4211 coniunctum
832 4165 902 4209 cum
927 4165 962 4209 eo
986 4157 1211 4229 pentametrum
1235 4167 1356 4212 versum
1380 4151 1528 4212 tractarit
1565 4147 1601 4211 ad
1628 4147 1683 4212 laos
1781 4163 1786 4184 ¹

351 4260 432 4321 enim
452 4275 559 4321 versus
578 4259 678 4321 omnia
698 4276 774 4338 quae
793 4239 862 4339 post
881 4255 1005 4318 brevem
1024 4259 1244 4339 expositionem
1263 4257 1376 4339 pedum
1394 4258 1591 4319 metricorum
1611 4258 1683 4321 item

352 4375 468 4449 septem
489 4365 638 4448 capitibus
654 4369 767 4449 scripta
782 4373 853 4429 sunt
867 4383 892 4425 c.
911 4361 1043 4427 10-16
1062 4367 1225 4448 pertinent.
1260 4373 1430 4446 sequuntur
1449 4373 1566 4446 septem
1586 4368 1683 4448 capita

331 4474 388 4551 ,de
413 4473 594 4556 quibusdam
618 4484 786 4537 metrorum
816 4471 993 4555 generibus,
1022 4471 1133 4554 quibus
1156 4475 1343 4535 recentiores
1372 4483 1477 4554 poetae
1501 4475 1533 4534 in
1557 4475 1683 4542 canticis

351 4593 382 4646 et
395 4582 520 4666 hymnis
539 4587 686 4668 usiusuut.
724 4593 878 4666 postremo
898 4581 934 4644 de
954 4580 1128 4644 discrimine
1149 4581 1281 4664 rlrptbmi
1301 4591 1331 4643 et
1350 4582 1440 4642 metri
1459 4589 1490 4641 ct
1509 4580 1546 4643 de
1565 4585 1683 4662 generi·

353 4691 410 4753 bus
433 4695 601 4756 carminum
624 4695 656 4756 in
681 4693 739 4756 iine
764 4690 832 4755 libri
857 4687 976 4753 duobus
1000 4689 1149 4772 capitibus
1173 4688 1306 4753 breviter
1338 4688 1509 4770 disputarit
1547 4707 1583 4751 ex
1607 4691 1683 4752 anti·

352 4799 511 4880 quioribus
531 4811 631 4863 atatem
651 4803 854 4884 grammaticis
873 4818 950 4880 quos
970 4807 1094 4861 secutus
1114 4808 1161 4860 est
1180 4801 1244 4880 ipse
1264 4799 1429 4861 nominarit
1445 4796 1511 4879 bos,
1533 4797 1683 4861 Donatum

352 4916 469 4992 quater,
492 4927 521 4990 p.
545 4905 635 4973 2350
659 4908 696 4970 de
721 4929 738 4969 v
762 4908 874 4991 littera,
898 4927 926 4990 p.
952 4903 1041 4969 2354
1065 4907 1102 4968 de
1126 4906 1313 4988 liquentibus
1337 4906 1446 4971 litteris
1471 4906 1563 4971 etde
1587 4906 1682 4970 vocali
