3610 5482
496 361 597 419 vittlt
617 361 734 420 LONGI
753 362 802 420 DE
823 361 1118 422 uuuuounnpnts
1426 366 1469 430 47

132 473 155 512 μ
170 463 234 505 ens
250 465 277 505 u
291 463 316 504 r.

132 547 192 611 hec
213 557 279 611 set
300 557 312 612 t
330 551 445 632 pariter
463 553 620 614 renuntiat
640 551 802 616 silentium.
837 551 890 615 sed
910 555 936 614 si
956 551 1012 615 hoc
1031 561 1198 637 sectentur,
1219 549 1224 636 Ι
1244 555 1363 635 possint
1383 554 1473 616 etiam

132 657 297 746 plerasque
317 669 519 724 consonantes
538 669 569 723 et
588 679 694 725 omnes
713 661 908 729 semivocales
926 680 983 742 pro
1003 660 1123 743 syllabis
1142 645 1266 744 ponere.
1304 681 1373 726 nam
1393 660 1472 744 apud

130 763 286 828 Lucilium
314 769 346 830 in
374 787 469 854 nouo,
496 771 528 832 in
557 787 617 850 qno
646 769 684 830 de
712 767 822 832 litteris
853 769 999 853 disputat,
1030 787 1136 832 omnes
1164 773 1262 832 vicem
1292 768 1474 852 syllabarum

129 873 271 960 implent,
295 895 365 940 cnm
390 876 464 940 dicit

101 993 115 1034 ⁵
254 981 317 1072 pa
341 1005 379 1048 re
404 1005 475 1049 non
499 986 650 1050 multum
675 986 779 1050 abest
801 987 868 1051 hoc
893 987 1184 1070 cacosyntheton
1208 997 1317 1071 atque
1341 989 1474 1051 canina

5 1137 6 1208 y
299 1095 330 1156 si
351 1094 477 1177 lingua
500 1073 583 1169 dico
607 1096 701 1160 nihil
725 1096 766 1160 ad
796 1115 848 1160 me
873 1115 1003 1160 nomen
1026 1095 1093 1158 hoc
1118 1094 1174 1158 illi
1199 1105 1269 1180 est,

5 1211 6 1220 ’
129 1201 207 1262 item

5 1333 6 1390 ι
256 1303 315 1388 †s
339 1309 510 1376 n'ostrum
532 1321 568 1376 et
591 1317 680 1378 semi
704 1331 835 1396 graece
861 1311 956 1394 quood
982 1313 1138 1376 dicimus
1162 1315 1276 1394 sigma

16 1493 26 1502 ,
203 1405 207 1410 ¹
297 1420 350 1484 nil
375 1425 538 1486 errroris
562 1391 681 1486 habet
1229 1495 1234 1502 y

5 1529 6 1544 ¹
88 1537 260 1612 1⁰,apparet
275 1549 347 1612 ergo
367 1531 441 1594 haec
458 1530 532 1595 nihil
547 1531 627 1594 aliud
643 1550 732 1614 qulam
752 1530 852 1594 locum
872 1529 1001 1613 syllabae
1022 1539 1126 1594 tenere
1148 1550 1203 1594 nec
1224 1541 1323 1595 tamen
1344 1529 1472 1614 syllabas

129 1657 210 1700 esse.
249 1656 309 1701 non
334 1657 407 1722 ergo
431 1633 637 1702 accedendum
661 1641 709 1703 'est
732 1641 769 1702 iis
793 1641 844 1721 qui
868 1647 977 1722 putant
1009 1641 1075 1702 sine
1101 1639 1198 1704 ¹vocali
1227 1640 1369 1724 syllabam
1397 1644 1474 1716 fieri

124 1765 229 1825 posse,
253 1755 288 1810 ut
312 1750 403 1810 etium
422 1748 673 1829 significationem
693 1750 775 1810 vocis
794 1749 947 1831 terminet,
971 1749 1114 1830 quoniam
1133 1757 1161 1811 st
1179 1747 1334 1812 silentium
1353 1747 1470 1811 denun-

129 1856 195 1916 tiet.
235 1865 267 1918 et
294 1865 412 1918 errant:
441 1874 510 1918 nam
538 1864 569 1918 et
592 1875 611 1918 x
636 1857 784 1938 significat
813 1855 924 1938 aliquid
956 1849 1016 1941 (sic
1040 1843 1280 1921 enim'b'tterum
1302 1835 1471 1942 coeamus),
1500 1853 1502 1856 ’

130 1982 233 2045 neque
259 1971 359 2026 tamen
382 1963 451 2026 ideo
476 1963 586 2046 syllaba
615 1973 666 2027 aut
694 1963 769 2027 lexis
793 1973 849 2026 est.
887 1971 918 2026 et
948 1941 1022 2026 haec
1052 1967 1116 2046 ipsa
1145 1974 1263 2030 constat
1292 1985 1328 2027 ex
1352 1984 1369 2028 e
1393 1973 1423 2028 et
1447 1985 1471 2049 s,

61 2081 114 2160 ,¹⁵
130 2091 188 2134 nec
214 2049 293 2135 ideo¹
307 2081 338 2136 et
361 2071 442 2135 illam
466 2075 625 2154 quisquam
650 2070 793 2154 syllabam
818 2069 906 2148 dixit,
931 2071 984 2134 sed
1012 2071 1162 2154 duplicem
1182 2075 1322 2156 litteram.
1360 2071 1469 2136 deinde

130 2179 205 2262 qnid
234 2180 316 2262 quod
340 2189 370 2242 et
394 2199 483 2264 voces
507 2199 567 2244 non
592 2179 880 2263 scriptileshabent
909 2163 1009 2243 tamen
1039 2182 1303 2264 significationem,
1332 2184 1468 2262 quamvis

130 2287 226 2352 scribi
246 2286 467 2373 nonpossint?
491 2308 560 2353 nam
580 2299 611 2352 et
630 2290 794 2372 digitorum
809 2307 884 2352 sono
899 2308 1012 2371 pueros
1027 2289 1064 2352 ad
1080 2289 1324 2373 respondendum
1345 2289 1470 2353 ciemus.

221 2397 406 2488 lucipiamus
430 2418 511 2462 nunc
534 2398 571 2462 dc
596 2397 766 2462 litterarum
788 2405 939 2480 potestate
959 2399 1119 2462 disserere.
1158 2417 1192 2461 ac
1211 2400 1344 2480 primum
1365 2399 1468 2462 eadem

128 2517 177 2570 est
201 2517 376 2571 nostrarum
401 2517 534 2590 potestas
558 2507 715 2592 vocalium,
739 2525 816 2589 quae
841 2508 898 2570 tuit
922 2506 1107 2570 Graecorum
1127 2507 1206 2589 apud
1225 2509 1367 2588 antiquos
1387 2509 1468 2570 circa

87 2619 356 2698 ”correptionem
380 2616 687 2700 promotionemque,
712 2617 861 2698 siqnidem
885 2614 964 2698 apud
988 2616 1055 2678 illos
1080 2618 1214 2698 quinque
1240 2623 1357 2678 tautum
1382 2616 1467 2677 inere

129 2723 263 2806 vocales,
287 2745 309 2786 a
332 2745 348 2788 ε
372 2747 385 2787 ι
410 2745 428 2787 ο
451 2746 489 2806 ιι,
518 2735 620 2808 atque
637 2723 692 2787 hae
717 2723 856 2787 similiter
883 2723 1131 2806 producebantur
1154 2721 1468 2807 corripiebanturqne,

128 2835 211 2896 sicut
245 2832 396 2915 hodieque
426 2853 447 2896 α
476 2855 488 2895 ι
516 2854 554 2914 v,
589 2851 665 2916 quae
694 2830 883 2914 appellantur
916 2834 995 2915 apud
1024 2833 1091 2896 illos
1118 2831 1241 2896 κοιναί.
1283 2831 1403 2918 p'ostea,
1432 2842 1466 2895 ut
1520 2858 1522 2862 ·

222 3043 316 3100 caea
335 3043 487 3100 sannaus
525 3043 679 3114 1p0n0nc
751 3001 1286 3115 cutymn11·'1osytnmsesn
1352 3049 1385 3098 11
1406 3043 1468 3100 aas

128 3195 213 3252 poseo
232 3195 285 3236 ose.
379 3185 413 3236 tu
432 3177 587 3238 terminent
605 3176 740 3250 quoniam
755 3155 901 3233 silentium
920 3136 1102 3250 denuntiat:
1121 3179 1215 3236 littera
1234 3195 1249 3235 e
1264 3153 1362 3249 primu
1380 3195 1468 3236 manu

128 3318 321 3388 supereniptu
415 3321 447 3370 to
467 3313 595 3370 litterum
614 3330 665 3370 oun
751 3319 784 3370 14
804 3312 923 3370 ethaeo
942 3259 1031 3401 etiaim
1050 3316 1163 3372 constot
1181 3332 1215 3371 ox
1234 3272 1251 3368 ιι
1270 3315 1300 3370 st
1318 3331 1331 3368 s
1352 3314 1468 3401 Ceuipea

127 3441 266 3495 eupmer.
282 3441 305 3492 e,
324 3425 445 3480 litim
459 3439 475 3477 c
488 3439 624 3493 superscr.
640 3425 679 3476 c*
755 3427 787 3476 tu
807 3419 959 3493 scriptiles]
979 3419 1125 3494 simplices
1201 3428 1233 3479 ts
1255 3440 1289 3480 oc
1308 3405 1402 3496 primii

129 3513 163 3564 at
183 3506 257 3564 lineo
276 3505 409 3562 siuniliter
564 3507 570 3520 '

196 3661 236 3751 ⁸1
258 3695 308 3753 sed
326 3693 439 3752 scilicet
456 3659 481 3750 ιι
498 3694 553 3751 hoc
572 3696 726 3766 sectentur,
745 3695 860 3767 possent
877 3691 906 3748 Β
998 3696 1014 3748 t
1038 3693 1071 3748 iu
1089 3691 1199 3750 Leemiii
1216 3695 1342 3752 coroebus
1360 3695 1467 3751 retinui

128 3783 291 3848 eornepturn
309 3777 412 3833 codicis
429 3778 608 3848 scripturam,
622 3778 704 3833 creiees
717 3782 793 3832 certo
810 3773 963 3831 numdatio
982 3775 1096 3830 inuecto
1113 3791 1171 3832 uon
1189 3783 1237 3833 eet.
1265 3793 1312 3833 ar
1326 3791 1382 3846 pro
1401 3791 1465 3831 are

128 3861 247 3914 coniecit
269 3857 442 3916 Eleusine.
482 3859 522 3913 At
544 3875 602 3914 non
624 3858 748 3914 multum
772 3857 834 3915 obit
856 3855 911 3912 hoo
935 3856 1171 3934 cecomntheton,
1195 3859 1283 3928 atque
1307 3857 1410 3914 conius
1434 3857 1465 3914 si

128 3938 229 4011 lingue
247 3939 325 4008 dico,
343 3937 416 3994 nihil
437 3953 468 3993 er
486 3953 545 4006 me;
564 3955 669 3995 nomen
687 3939 742 3994 hoo
760 3937 804 3992 illi
823 3940 868 3993 est
886 3937 914 3992 I.
934 3935 1034 3992 Douso
1052 3936 1144 3993 Lucil.
1159 3943 1212 3994 sot.
1226 3940 1275 3995 ret.
1290 3957 1323 4009 p.
1338 3943 1382 4010 14,
1402 3955 1465 3994 ere

127 4035 185 4076 non
209 4019 332 4076 multum
355 4019 438 4076 obest
461 4037 486 4086 r;
511 4017 571 4075 Hoc
594 4019 828 4091 cacosyntheton,
853 4020 939 4088 utque
966 4017 1068 4075 conius
1092 4018 1117 4073 si
1143 4017 1197 4075 tibi
1221 4019 1321 4092 lingna
1341 4021 1365 4074 u
1388 4021 1461 4086 dico,

128 4101 202 4157 nihil
225 4099 337 4156 adtinet
356 4100 393 4156 nd
411 4116 471 4170 ms,
494 4115 599 4156 nomen
622 4099 677 4155 hoc
696 4097 741 4156 illi
759 4101 803 4155 est
822 4098 972 4155 commen
991 4099 1094 4154 Philol.
1113 4115 1137 4155 o.
1160 4087 1286 4155 XVIII
1300 4117 1330 4170 p.
1352 4106 1419 4170 726,
1439 4099 1464 4153 R

126 4181 299 4240 nonnullum
317 4181 406 4240 habet
423 4185 478 4240 hoo
493 4181 727 4253 cemeynthetom
746 4183 835 4251 utque
852 4182 955 4237 mnino
969 4179 1016 4236 Sic
1034 4179 1135 4254 lingna
1153 4179 1218 4236 dico
1238 4180 1323 4238 ‘nihil
1342 4197 1375 4237 ar
1394 4182 1464 4238 me':

128 4282 234 4322 nomen
252 4264 289 4321 nb
307 4264 362 4322 hoo
381 4268 425 4322 eet
442 4265 489 4322 Illi
507 4265 542 4321 L.
563 4265 719 4320 Muellerum
737 4261 770 4317 de
788 4279 818 4317 re
836 4267 912 4318 metr.
928 4268 1001 4334 poet.
1021 4263 1069 4320 lat.
1084 4280 1116 4334 p.
1132 4267 1186 4318 139
1201 4268 1226 4318 et
1240 4263 1333 4318 Lucil.
1348 4267 1401 4318 sut.
1418 4262 1466 4316 rel.

645 4347 666 4387 n

123 4419 154 4472 p.
174 4405 214 4456 48
288 4401 348 4457 tei
366 4399 421 4456 tibi
439 4401 540 4474 lingue
558 4399 599 4468 Β,
618 4399 642 4455 si
661 4399 761 4471 lingum
778 4399 863 4455 codex
888 4399 986 4454 Vrsini
1059 4400 1253 4454 8snostrum
1272 4401 1360 4469 atque
1379 4399 1464 4454 serui·
1553 4459 1556 4466 ,

127 4499 231 4553 graece
251 4480 288 4536 F.
308 4481 409 4537 Dousu
426 4481 520 4537 Lucii.
538 4487 590 4536 sot.
609 4481 657 4537 rel.
675 4499 704 4551 p.
724 4487 791 4550 123,
810 4500 823 4536 s
842 4484 1002 4538 nostrornm
1022 4481 1109 4537 etiam
1128 4497 1231 4553 pruses
1252 4481 1409 4536 Muellerus

128 4561 240 4618 unihil
254 4561 357 4619 enoris
372 4559 409 4630 R,
424 4560 466 4616 nil
480 4559 581 4618 erroris
596 4559 696 4616 Dousa
730 4605 734 4611 .
771 4569 803 4618 11
825 4563 967 4634 syllabam
982 4561 1093 4618 scilicet
1106 4578 1168 4618 esee
1187 4559 1216 4616 R
1288 4561 1350 4619 sine
1369 4565 1469 4620 vocali

127 4643 271 4715 syllabem
285 4645 319 4698 nt
332 4641 420 4699 etiam
430 4641 667 4713 significationem
679 4644 756 4700 vocis
770 4644 934 4714 terminent,
945 4642 1080 4714 qnoniam
1095 4643 1240 4700 silentium
1255 4643 1426 4700 denuntient
1436 4643 1464 4698 R

193 4731 228 4780 13
247 4725 289 4780 sic
307 4725 384 4782 enim
403 4741 537 4781 vocsmm
555 4721 584 4778 Β
677 4726 847 4793 insertasse
865 4726 916 4782 ssd
934 4725 1077 4796 duplicem
1097 4725 1225 4781 litterum
1244 4725 1374 4781 dicimus.
1394 4725 1464 4796 quid

127 4805 205 4876 qnod
223 4813 271 4862 etc.
360 4813 395 4863 ts
414 4821 499 4862 voees
516 4821 573 4860 non
593 4801 737 4873 simplices
757 4805 864 4861 habent
882 4805 910 4860 Β
961 4825 965 4830 ·
999 4815 1032 4863 18
1052 4823 1085 4863 ec
1104 4808 1195 4878 primo
1215 4807 1260 4862 Β
1333 4815 1366 4865 ts
1390 4825 1463 4878 quse

128 4891 196 4946 eunt
214 4887 387 4946 Graecorum
406 4885 435 4943 Β
