3604 5486
537 351 716 410 uxnuata
734 349 1006 410 ntoovtuottvtt
1372 349 1441 416 485

107 467 128 506 p.
142 457 185 498 aec
198 455 226 498 1..

198 540 361 604 lncludunt
389 540 459 604 buic
488 543 547 624 rei,
575 539 662 623 Verg.
687 542 759 605 den.
784 541 811 604 ll
840 541 911 616 (19)
939 537 1135 602 includunt
1162 559 1270 604 caeco
1300 540 1408 602 lateri
1432 587 1439 602 .
1517 525 1530 534 ”

106 649 305 714 includuntur
328 651 360 711 in
384 648 462 713 banc
481 668 560 732 rem,
584 650 645 714 Cic.
661 651 698 714 de
713 651 811 736 suppl.
827 654 874 727 (ia
897 650 983 712 Verr.
1007 649 1033 707 l'
1044 649 1177 725 45117)
1195 649 1441 713 includuntur

105 762 142 822 in
166 775 355 821 carcerem
379 758 643 823 condemnati.

197 866 231 929 ln
254 869 439 950 praepositio
463 870 633 932 communis
657 869 810 934 interdum
829 867 910 932 aliud
929 867 1116 952 significans,
1138 867 1292 931 interdurn
1312 867 1439 931 licenter

79 979 204 1060 aposita
228 978 384 1040 inventtnr
407 1023 414 1038 .
438 979 470 1040 in
494 975 543 1039 illa
567 996 602 1040 re
626 977 782 1062 conditur,
805 976 892 1058 Verg.
916 994 1017 1058 georg.
1042 974 1098 1038 llll
1122 977 1222 1052 (473)

298 1103 403 1168 quarn
427 1084 539 1150 multa
563 1087 598 1149 in
623 1086 724 1150 lollio
746 1090 865 1151 artum
890 1105 927 1149 se
952 1085 1051 1148 milia
1075 1084 1250 1169 condunt,

106 1179 287 1258 idem'bem
311 1193 338 1257 ll
363 1196 459 1271 (401)
484 1203 519 1258 et
551 1204 636 1260 nota
669 1195 879 1261 conduntur
912 1197 947 1258 ln
981 1192 1060 1256 alro
1083 1239 1091 1256 .
1116 1195 1147 1257 in
1174 1194 1260 1258 illum
1288 1194 1440 1278 conditur,

63 1314 69 1328 ·
104 1302 193 1385 Verg.
217 1304 290 1367 den.
314 1303 355 1366 Xl
379 1305 474 1380 (187)

305 1412 484 1476 condltnr
506 1413 738 1478 tetenebrae
761 1412 875 1478 altum
900 1413 1058 1495 caligine
1083 1411 1235 1496 caelum,

66 1523 185 1584 widem
215 1540 316 1603 georg.
341 1521 353 1583 l
377 1523 473 1598 (438)
502 1532 537 1586 et
565 1541 644 1586 cum
673 1541 711 1586 se
740 1522 865 1586 condit
892 1525 927 1585 in
956 1521 1072 1586 undas
1100 1533 1131 1587 et
1153 1523 1185 1584 in
1209 1521 1315 1585 eodem
1340 1523 1438 1597 (442)

105 1630 278 1694 conditus
300 1633 335 1694 in
360 1630 490 1695 nubem
514 1681 521 1694 .
544 1634 576 1695 in
600 1631 649 1696 illa
673 1650 707 1696 re
731 1632 877 1714 concidit,
900 1630 986 1712 l'erg.
1010 1631 1084 1694 den.
1108 1628 1132 1689 V
1156 1630 1251 1704 (333)

786 1740 850 1804 sed
874 1759 1013 1823 pronus
1036 1743 1072 1804 in
1095 1741 1176 1821 ipso

250 1849 414 1914 concidit
438 1849 694 1933 immundoque
719 1848 779 1931 [in]
804 1850 890 1913 iimo
914 1866 1095 1931 sacroque
1119 1867 1253 1910 cruore
1277 1897 1284 1910 .

106 1959 137 2020 in
162 1956 210 2020 bia
234 1958 364 2040 ebusus,
389 1957 476 2039 Vcrg.
500 1958 573 2022 den.
598 1956 635 2019 Vl
659 1958 754 2034 (339)

66 2081 91 2122 ie
336 2065 527 2129 excideret
550 2069 663 2150 puppi
688 2067 817 2131 mediis
841 2067 988 2129 eilusus
1012 2069 1049 2129 in
1072 2067 1212 2131 undis:

105 2173 313 2255 diligentiores
347 2175 468 2258 quidam
501 2178 689 2256 grammatici
722 2176 780 2240 boc
812 2178 854 2238 ita
888 2175 980 2238 dividi
1014 2175 1132 2258 solunt,
1169 2194 1238 2239 cum
1271 2179 1303 2239 ln
1332 2175 1438 2240 mediis

105 2283 195 2346 undis
220 2293 315 2367 esset,
338 2287 434 2366 puppi
457 2286 573 2348 eiusne
597 2285 763 2367 exciderat,
787 2283 874 2367 quale
899 2293 946 2348 eat
969 2284 1043 2347 illud
1062 2285 1233 2350 Tullianum
1253 2303 1309 2368 pro
1328 2285 1438 2349 Roscio

105 2394 148 2471 (p.
177 2393 269 2455 dioec.
298 2395 401 2456 Amer.
429 2393 548 2470 3231),
579 2397 654 2478 qui,
687 2404 856 2476 tanquam
884 2397 916 2457 si
944 2393 1064 2457 oiiusa
1094 2395 1182 2476 reip.
1212 2397 1438 2476 sempiterna

104 2520 174 2563 nox
202 2512 316 2586 esset,
343 2505 392 2566 ita
422 2502 580 2566 ruebant
607 2505 643 2566 in
672 2501 839 2567 tenebris
867 2505 1063 2585 omniaque
1091 2485 1367 2590 miscebant,·ld
1392 2515 1439 2566 eet

65 2625 90 2666 ιο
106 2628 165 2673 oon
190 2613 221 2674 in
251 2611 393 2675 tenebras
422 2612 459 2676 de
488 2611 599 2676 illustri
627 2611 728 2694 aliquo
756 2611 822 2674 loco
850 2612 993 2695 ruebant,
1026 2611 1079 2676 aed
1113 2611 1205 2675 reluti
1238 2613 1269 2675 in
1302 2610 1439 2676 tenebris

104 2730 359 2785 conversarentur
382 2719 511 2807 ruebant
539 2722 648 2803 offusa,
676 2724 788 2804 quippe
817 2720 1007 2803 circundata,
1035 2731 1124 2785 nocte
1153 2723 1228 2802 reip.
1275 2719 1328 2783 aed
1358 2720 1436 2783 banc

104 2847 225 2892 onlnem
255 2839 361 2894 acutae
384 2833 515 2894 rationis
539 2830 764 2894 distinctionem
789 2830 920 2893 elocutio
944 2829 1113 2894 Salustiana
1137 2827 1295 2893 conlundit
1318 2831 1349 2892 in
1375 2829 1436 2909 lug.

105 2937 185 3001 bello
199 2939 301 3014 (de)
321 2937 363 3002 ab
378 2938 480 3002 Zama
500 2937 659 3002 discedit
678 2942 713 3002 in
733 2939 789 3002 bis
809 2937 963 3003 urbibus
982 2958 1072 3022 quac
1092 2939 1133 3000 ad
1152 2957 1189 3000 se
1209 2939 1436 3002 deiecerant.

104 3050 135 3110 ln
160 3047 209 3110 illa
233 3050 415 3111 reveniens
439 3067 494 3131 pro
518 3048 561 3111 illi
585 3049 630 3110 rel
654 3051 835 3129 proveniens
859 3048 905 3110 rel
929 3051 960 3110 in
984 3047 1032 3111 illa
1058 3065 1091 3110 re
1114 3039 1204 3136 digne
1228 3065 1283 3110 serr
1308 3046 1437 3110 iellciter

63 3170 89 3212 aa
104 3175 248 3238 nascens,
271 3154 357 3236 Verg.
382 3157 455 3222 den.
479 3158 503 3218 V
526 3159 624 3232 (344)

286 3269 427 3347 gratior
450 3276 485 3329 et
508 3266 663 3349 pulcbro
687 3267 840 3328 veniens
864 3269 899 3328 ln
924 3283 1079 3347 corpore
1104 3269 1237 3330 virtus:

104 3377 149 3435 sic
174 3393 229 3457 per
252 3373 428 3437 adverbium
453 3369 510 3436 to'ot
534 3394 636 3455 georg.
662 3375 674 3437 l
699 3375 773 3448 (54)

351 3483 410 3546 bic
434 3495 593 3566 segetes,
618 3484 696 3547 ttttc
722 3487 873 3547 vestiunt
898 3484 1047 3547 laticina
1072 3503 1173 3548 urae:

104 3594 149 3653 sic
174 3590 232 3654 Sal.
251 3591 330 3672 bello
350 3593 434 3655 Catil.
454 3593 536 3668 (33)
560 3592 621 3654 sed
647 3595 729 3674 quia
754 3611 958 3674 provenere
983 3591 1035 3654 ibi
1060 3597 1285 3675 scriptorum
1309 3611 1437 3672 magna

64 3702 283 3780 pingente.
730 3779 733 3786 .

196 3808 342 3874 immunis
374 3809 456 3874 illiue
484 3813 542 3893 rei,
583 3811 671 3888 Verp.
701 3811 773 3872 len.
802 3808 857 3871 llll
885 3810 981 3884 (559)
1014 3813 1170 3872 immune
1205 3808 1293 3872 belli
1327 3819 1437 3892 atque

102 3921 252 4000 impune
276 3921 439 4000 quietum
464 3923 497 3998 ·!

729 4067 772 4098 con

197 4111 289 4168 mace
310 4109 463 4168 Parrhasii
498 4109 728 4182 decademnati]
757 4109 886 4166 damnati
960 4111 1071 4167 iidem
1091 4129 1142 4168 om.
1220 4119 1252 4168 10
1271 4111 1300 4168 in
1320 4113 1434 4185 ecdem]

103 4191 182 4249 idem
275 4199 308 4250 18
332 4191 434 4266 offusa]
465 4192 555 4250 alinea
640 4197 674 4246 tt
695 4191 787 4247 olium
805 4191 911 4264 quippe
930 4191 1036 4264 qnippe
1055 4193 1202 4250 circundat
1220 4193 1249 4248 in
1269 4197 1366 4264 noem,
1389 4196 1437 4250 aed

103 4275 191 4330 deleto
205 4271 311 4346 qnippe
321 4276 475 4346 posteriore
488 4273 546 4329 loco
615 4278 650 4328 2³
665 4271 781 4328 orbibus
796 4289 866 4330 corr.
882 4273 998 4344 urbibus
1072 4281 1107 4333 ac
1122 4266 1208 4346 et]ee
1282 4280 1437 4348 timagora

103 4356 147 4412 bis
164 4357 313 4426 mptum,
331 4355 379 4412 aed
394 4357 546 4426 posteriore
564 4355 623 4411 ioco
640 4355 756 4410 deletum
774 4359 815 4410 eet
886 4361 920 4410 11
941 4355 1025 4428 Verg.
1045 4371 1096 4414 oro.

196 4507 231 4556 10
249 4499 359 4573 condit]
384 4499 489 4558 condet
519 4499 660 4571 Verpsliaa
752 4505 785 4556 13
803 4499 951 4558 immundo
974 4499 1004 4556 in
1027 4499 1094 4556 imo
1118 4517 1153 4556 ea
1176 4497 1311 4557 (dedidit
1329 4499 1435 4558 Linde·

103 4597 226 4638 etam
313 4587 347 4637 18
366 4581 391 4639 ci
410 4581 512 4639 salinae
534 4597 568 4638 ea
586 4582 678 4638 codice
696 4581 839 4638 Anniani
857 4583 979 4653 protulit
999 4579 1175 4638 Geretcoiua
1192 4583 1271 4653 opud
1289 4583 1437 4640 Hatmtom

104 4663 137 4717 ie
156 4661 213 4720 Oic.
233 4661 251 4722 l.
270 4679 293 4720 c.
376 4669 411 4720 tc
431 4661 469 4718 ab
492 4664 579 4719 Zamn
601 4663 723 4720 discedit
746 4665 775 4718 et
797 4663 827 4719 in
851 4663 893 4719 eie
916 4661 1046 4734 urbibus,
1075 4679 1149 4734 qnae
1168 4661 1206 4720 etl
1225 4681 1255 4721 ae
1274 4664 1438 4722 deiecerant

104 4741 231 4814 aab'eqne
250 4742 377 4800 mnnitee
396 4745 460 4802 loco
479 4743 799 4810 autumnitanorum,
819 4745 962 4816 praesidia
975 4745 1098 4816 imponit
1112 4744 1278 4801 Sollertiae:
1297 4748 1333 4815 cs.
1348 4763 1437 4820 supra

101 4841 131 4894 p.
145 4829 255 4896 {desto
319 4833 355 4883 td
370 4827 479 4898 gratior
493 4828 522 4882 et
536 4825 656 4897 pulchro
676 4825 816 4898 Verpriiua
880 4831 915 4883 te
929 4825 1002 4898 illic]
1018 4825 1103 4882 illiG
1167 4827 1436 4899 amputantem

105 4905 264 4963 Immunem
283 4909 358 4964 tanti
377 4906 447 4964 belli
466 4911 552 4978 atque
572 4909 688 4980 impune
708 4909 835 4980 quietam
860 4909 1000 4980 Verpiliua
