3590 5486
602 327 652 386 DE
673 327 972 387 onrflonttarfltn
1385 322 1452 390 269

115 445 136 484 μ
150 433 209 476 mss
223 431 250 474 1³.

159 559 163 568 ·
208 517 311 582 Clamo
335 517 475 581 clamoris
499 517 645 600 simplicis
669 527 732 602 est,
749 515 910 582 concla'mo
934 515 1025 580 simul
1048 534 1118 579 eum
1142 515 1255 580 multis.
1292 524 1339 578 est
1363 517 1454 578 etiam

115 627 263 708 acclamo,
287 644 356 690 cum
377 624 452 688 lalso
471 625 603 708 aliquem
622 644 747 710 accuso,
770 629 850 690 sicut
869 625 976 688 Cicero
995 623 1019 707 †
1037 625 1075 688 de
1093 627 1195 707 prasio
1219 619 1326 688 ‘solis
1349 626 1454 686 inno·

116 753 204 799 cens
228 733 561 798 acclamationibus
583 737 737 816 punitus
761 728 842 798 est’.
879 732 1010 796 reclamo
1034 732 1167 815 aliquem
1188 741 1349 797 exeuntem
1373 733 1454 795 roci·

117 853 201 926 tans3
227 842 356 906 inclamo
371 852 402 907 et
417 842 570 907 succlamo
584 842 796 906 murmurandi
810 851 870 925 est;
888 842 1043 926 proclamo
1057 841 1197 906 laudandi
1211 841 1258 906 rel
1272 841 1456 924 deprecandi

80 969 92 1010 a
116 952 273 1036 exaltatl03
296 950 432 1015 declamo
456 949 673 1034 rhetorizandi;
701 950 848 1035 exclamo,
870 952 991 1034 quando
1014 969 1071 1033 pro
1095 950 1209 1014 viribus
1235 969 1338 1015 rocem
1362 950 1455 1015 elevo.

209 1059 308 1122 Curso
344 1057 401 1122 boc
431 1067 548 1122 tantum
577 1059 739 1144 significat,
773 1059 853 1141 quod
882 1062 915 1123 in
943 1061 1053 1124 itinere
1087 1062 1204 1143 positus
1233 1059 1346 1126 nullam
1378 1061 1455 1123 lncio

118 1167 485 1253 comperendinationem3
518 1187 608 1232 curso
637 1179 752 1253 autem,
781 1169 869 1251 paulo
899 1171 990 1232 citins
1018 1168 1117 1252 aliqua
1147 1172 1327 1233 necessitate
1357 1179 1456 1232 estor-

78 1281 83 1287 '
119 1289 233 1360 quente
257 1278 402 1341 lestinare
426 1294 532 1360 cogor·;
562 1281 677 1340 cursito
702 1297 788 1362 vero,
817 1277 937 1361 quando
966 1277 1053 1340 hoste
1078 1296 1125 1340 me
1154 1279 1334 1360 insequente
1365 1278 1456 1358 logio.

210 1385 298 1451 Circa
322 1387 359 1450 ad
383 1383 530 1448 risibilem
556 1389 711 1451 materiam
736 1387 781 1451 vel
809 1387 911 1451 locum
935 1388 1082 1470 pertinet,
1113 1405 1185 1469 erga
1207 1397 1309 1451 autem
1333 1386 1370 1449 ad
1394 1387 1456 1447 ani·

83 1514 105 1553 ιο
119 1515 203 1562 mum
232 1505 363 1579 spectat,
390 1496 519 1558 maxime
548 1513 617 1558 cum
647 1493 778 1577 aliquem
805 1497 1038 1579 propensiorem
1066 1496 1208 1559 allectum
1235 1503 1323 1576 gerat
1355 1495 1479 1576 proxi--

122 1623 254 1669 morum.
292 1607 373 1667 circa
397 1601 434 1666 ad
457 1611 579 1684 tempus
602 1602 746 1688 relertur,
769 1605 892 1667 circiter
916 1602 953 1665 ad
977 1621 1148 1668 numerum.

126 1745 128 1749 ·
212 1712 324 1777 Carcer
351 1710 405 1776 ubi
437 1711 576 1774 homines
605 1721 786 1776 coercentur
820 1711 1015 1794 singulariter
1047 1731 1182 1797 semper,
1208 1730 1348 1776 carceres
1376 1711 1458 1775 unde

121 1841 233 1886 curram
256 1820 456 1885 effunduntur
479 1817 637 1902 pluraliter
660 1820 814 1904 dicuntur,
838 1830 1003 1902 utrumque
1028 1821 1203 1885 masculine.

212 1929 300 2012 Cepit
323 1928 361 1992 de
385 1926 531 2011 capiendo
555 1929 732 2013 scribimus,
757 1931 857 2010 coepit
880 1928 917 1992 de
941 1928 1123 2011 incipiendo.
1162 1937 1269 2011 coepta
1293 1945 1349 2010 per
1372 1925 1457 2009 dlplr·

16 2097 18 2106 ,
82 2055 106 2096 ss
121 2038 270 2120 tbongoo,
295 2039 414 2119 incepta
437 2054 494 2119 per
518 2036 685 2119 simplicem
709 2055 735 2100 e.
1352 2119 1355 2126 ⁴

213 2144 377 2208 Columbae
401 2162 478 2226 quae
498 2145 692 2208 mansuefieri
715 2154 845 2226 possunt
868 2153 899 2208 et
922 2145 1062 2211 domibus
1081 2145 1276 2230 adsuescere,
1300 2143 1459 2228 palumbes

121 2257 204 2319 lerae
229 2264 261 2318 et
284 2256 364 2316 saxis
388 2251 535 2336 silvisque
558 2253 770 2318 inhabitantes.

215 2361 417 2426 Conserlbere
441 2371 489 2426 est
512 2363 606 2426 mults
629 2363 720 2426 simul
744 2362 893 2447 scribere3
917 2365 1091 2428 exscribere
1116 2364 1196 2446 quod
1220 2363 1291 2428 alibi
1311 2365 1459 2446 scriptum

122 2475 162 2534 sit
187 2471 369 2554 translerre;
394 2470 615 2555 transcribere,
639 2489 710 2534 cum
732 2473 782 2535 ins
806 2481 945 2535 nostrum
969 2475 1000 2536 in
1025 2471 1116 2536 adum
1140 2473 1263 2554 transit3
1290 2470 1460 2534 inscribere

85 2582 116 2638 so·
123 2581 326 2644 accusationis
341 2587 397 2663 est,
411 2579 585 2643 adscribere
600 2579 825 2662 adsignationis,
840 2578 1014 2644 describere
1030 2579 1171 2644 dictionis
1186 2579 1232 2642 vel
1253 2578 1460 2641 ordinationis.

215 2684 452 2752 consuescimus
474 2687 568 2771 bona,
590 2688 794 2751 insuescimus
819 2687 908 2768 mala,
932 2689 1141 2752 adsuescimus
1165 2696 1301 2769 utraque.

216 2793 354 2860 Crassmi
377 2799 515 2880 corporis
539 2805 586 2860 est
609 2807 641 2860 et
664 2798 800 2880 saginae,
823 2798 956 2880 grassari
978 2797 1070 2860 animi
1094 2805 1124 2859 et
1148 2794 1344 2858 crudelitatis.

218 2931 345 2996 llllibuit
372 2940 543 3014 unguento,
572 2943 642 2994 non
657 2929 793 2994 delibuit.
835 2907 969 2996 disertus
991 2941 1094 2995 orator
1118 2940 1178 3014 est,
1207 2931 1346 2994 desertus
1376 2930 1462 2993 dere·

127 3039 227 3104 lictus.
265 3040 381 3104 delator
405 3042 458 3122 qui
480 3039 581 3104 delert
604 3037 641 3101 ad
665 3039 883 3123 accusandum,
910 3038 1019 3104 dilator
1043 3042 1095 3122 q'ui
1118 3039 1221 3105 dlliert
1243 3039 1281 3102 ad
1305 3040 1463 3122 proleren·

87 3139 113 3181 ²⁵
126 3149 208 3213 dum.
237 3149 334 3214 deluit
356 3158 480 3234 purgat,
503 3147 592 3213 diluit
612 3157 771 3230 temperat
809 3147 926 3212 deduco
945 3148 983 3212 de
1002 3150 1099 3212 amico
1118 3147 1330 3232 producendo,
1353 3147 1463 3212 diduco

127 3265 229 3320 autem
253 3266 302 3321 ost
324 3257 469 3322 distraho.
1428 3239 1436 3254 ⁶

219 3363 414 3430 Dimidiatum
438 3365 562 3430 calicem
590 3365 668 3449 bibi,
695 3383 757 3429 non
785 3364 944 3428 dimidium
972 3365 1075 3429 dicere
1103 3363 1257 3428 debemus.
1295 3382 1355 3428 non
1382 3367 1464 3428 enlm

129 3474 230 3556 ipsum
253 3491 305 3536 ras
328 3472 408 3538 bibis
431 3473 486 3538 sed
510 3474 591 3556 quod
616 3476 695 3536 intra
719 3491 780 3536 ras.
794 3484 849 3536 est

219 3580 374 3646 Donamus
398 3591 428 3646 et
451 3581 525 3645 illud
549 3581 630 3664 quod
655 3580 761 3644 damus
786 3591 816 3643 et
839 3581 924 3644 illum
948 3583 998 3644 cul
1022 3582 1139 3646 damus.

223 3809 360 3884 tetiam]
384 3813 415 3867 et
435 3809 470 3866 P.
493 3815 559 3868 onte
582 3811 627 3866 est
649 3807 737 3866 etiarn
761 3809 820 3866 clia
842 3809 924 3866 vent
938 3809 1067 3882 acclamo
1091 3812 1218 3882 dsfisdts‘o
1235 3811 1347 3868 oiddur
1364 3812 1467 3868 omissa

131 3911 185 3952 esse
259 3899 277 3948 2
296 3909 362 3949 enm
380 3890 454 3948 laiso
474 3921 509 3933 -
526 3897 545 3947 4
563 3890 708 3948 susalnmo
726 3905 777 3948 om.
797 3890 856 3950 Le.
875 3889 1016 3949 Ciceronis
1033 3893 1117 3950 verba
1135 3893 1210 3950 nude
1224 3894 1316 3964 petito
1333 3893 1391 3948 sint
1408 3905 1467 3946 non

131 3975 228 4032 isoesss'
287 3972 361 4030 lslso
379 3987 432 4030 osu.
451 3972 499 4040 M,
518 3973 584 4030 add.
605 3973 634 4028 P
688 3977 705 4028 8
725 3971 849 4028 reclama
868 3971 994 4044 aliquem
1013 3978 1134 4032 exeunte
1154 3973 1183 4030 P
1241 3972 1419 4030 lsncclama
1440 3970 1469 4025 P

174 4063 191 4113 t
211 4054 350 4112 exaltatio
365 4054 395 4111 P
408 4061 434 4112 et
447 4055 550 4112 Albini
563 4055 683 4125 ostboqr.
700 4070 731 4124 p.
746 4059 835 4123 2329,
855 4054 994 4112 exultatio
1010 4054 1078 4111 ML
1133 4061 1149 4111 t
1169 4053 1313 4127 signifieat
1325 4070 1377 4110 oss.
1394 4053 1431 4108 M

134 4143 148 4194 t
168 4135 501 4209 comperendinationem
520 4135 550 4192 P
621 4133 716 4208 curso]
735 4152 831 4201 curros
851 4137 890 4193 M
961 4137 1060 4208 sliqno
1081 4137 1110 4193 P
1191 4136 1309 4193 thosis
1329 4153 1374 4192 me
1393 4135 1467 4191 inse·

133 4221 241 4293 quante
261 4219 290 4274 P
307 4218 421 4276 tostam
439 4233 486 4274 me
503 4217 672 4289 insequente
692 4215 731 4270 M
747 4216 859 4274 hostem
877 4218 1074 4288 insequentem
1093 4218 1120 4273 L
1200 4224 1234 4274 10
1253 4218 1358 4289 aliquis
1377 4217 1415 4272 M
1447 4243 1452 4254 ·

133 4301 218 4374 parat
235 4297 262 4354 L
285 4299 362 4372 gerit
380 4299 420 4356 M
440 4302 561 4372 ponent
578 4298 608 4354 P
693 4297 888 4366 proximorum
906 4315 959 4358 ons.
978 4300 1005 4355 L
1097 4305 1129 4354 11
1155 4298 1231 4354 circs
1249 4297 1287 4354 ad
1307 4303 1421 4371 tempus
1442 4301 1470 4357 P
1587 4318 1592 4327 ·

134 4383 242 4440 circum
260 4382 296 4438 ad
315 4383 429 4454 tempus
447 4379 515 4436 ML
598 4386 633 4437 to
652 4383 800 4438 mansueta
818 4381 880 4438 lieri
897 4381 927 4436 P
1010 4387 1046 4438 18
1065 4380 1141 4452 quod
1160 4378 1212 4436 elii
1230 4380 1368 4451 scriptum
1387 4380 1425 4435 sit
1443 4379 1473 4435 P

135 4463 212 4534 qnod
230 4461 296 4520 aliis
314 4461 454 4533 scriptum
472 4464 518 4520 est
536 4461 575 4518 M
590 4460 667 4533 quod
680 4459 746 4518 aliis
760 4459 799 4518 sit
812 4461 840 4517 L
897 4467 930 4518 19
950 4460 1098 4519 mansioni
1115 4459 1145 4515 P
1195 4460 1337 4534 nostrum]
1357 4467 1426 4516 unffi
1441 4461 1471 4516 P

179 4543 335 4601 inscribere
349 4542 541 4600 accusationis
555 4545 599 4600 est
613 4542 773 4600 adscribere
787 4541 996 4615 adsignationis
1007 4542 1036 4597 P
1048 4541 1200 4598 inscribere
1215 4540 1424 4612 adsignationis
1434 4541 1472 4596 M

135 4624 289 4683 imoribere
304 4621 493 4680 accusationis
507 4625 552 4681 est
565 4623 592 4680 L
653 4629 688 4679 20
702 4622 749 4680 vel
764 4623 952 4682 ordinationis
966 4641 1018 4681 om.
1033 4623 1076 4692 M,
1091 4623 1156 4680 add.
1172 4625 1229 4680 PL
1285 4627 1319 4679 22
1335 4621 1469 4694 mmsari]

137 4705 262 4778 grassari
281 4705 321 4762 M
374 4704 404 4759 et
421 4703 551 4778 saginae]
571 4703 712 4776 &sagene
733 4703 762 4760 P
815 4704 940 4776 gmsssri
957 4721 1028 4761 cors.
1047 4705 1167 4762 crusari
1188 4705 1225 4760 M
1278 4711 1313 4760 28
1333 4704 1468 4778 disertus]

138 4787 267 4844 dmerlns
287 4786 317 4842 P
378 4793 414 4844 tt
433 4785 532 4860 diluit]
552 4784 645 4844 deluit
662 4784 692 4841 P
751 4791 786 4842 aa
805 4785 878 4843 illud
897 4786 987 4859 qnod]
1006 4785 1080 4842 illud
1098 4803 1172 4857 qnae
1192 4786 1231 4843 M
1246 4785 1291 4842 illi
1310 4787 1386 4857 qnod
1406 4785 1433 4842 L

138 4866 233 4941 illum]
252 4866 326 4924 illud
346 4867 386 4924 M
