<?xml version="1.0" encoding="UTF-8"?>
<!DOCTYPE html PUBLIC "-//W3C//DTD XHTML 1.0 Transitional//EN"
    "http://www.w3.org/TR/xhtml1/DTD/xhtml1-transitional.dtd">
<html xmlns="http://www.w3.org/1999/xhtml" xml:lang="en" lang="en">
 <head>
  <title>
</title>
<meta http-equiv="Content-Type" content="text/html;charset=utf-8" />
  <meta name='ocr-system' content='tesseract 3.04.00' />
  <meta name='ocr-capabilities' content='ocr_page ocr_carea ocr_par ocr_line ocrx_word'/>
</head>
<body>
  <div class='ocr_page' id='page_1' title='image "./grammaticilatin00unkngoog/grammaticilatin00unkngoog_0186.png"; bbox 0 0 3616 5482; ppageno 0'>
   <div class='ocr_carea' id='block_1_1' title="bbox 613 301 1462 396">
    <p class='ocr_par' dir='ltr' id='par_1_1' title="bbox 613 301 1462 396">
     <span class='ocr_line' id='line_1_1' title="bbox 613 301 1462 396; baseline 0.012 -11"><span class='ocrx_word' id='word_1_1' title='bbox 613 329 662 386; x_wconf 83' lang='lat' dir='ltr'>nn</span> <span class='ocrx_word' id='word_1_2' title='bbox 682 328 981 388; x_wconf 77' lang='lat' dir='ltr'>oucuocnnemn</span> <span class='ocrx_word' id='word_1_3' title='bbox 1198 301 1200 304; x_wconf 69' lang='grc'><strong>’</strong></span> <span class='ocrx_word' id='word_1_4' title='bbox 1399 327 1462 396; x_wconf 72' lang='lat'>171</span> 
     </span>
    </p>
   </div>
   <div class='ocr_carea' id='block_1_2' title="bbox 128 431 1462 611">
    <p class='ocr_par' dir='ltr' id='par_1_2' title="bbox 16 431 1462 611">
     <span class='ocr_line' id='line_1_2' title="bbox 128 431 307 482; baseline -0.011 -8"><span class='ocrx_word' id='word_1_5' title='bbox 128 444 150 482; x_wconf 81' lang='lat' dir='ltr'>p.</span> <span class='ocrx_word' id='word_1_6' title='bbox 164 432 225 474; x_wconf 66' lang='lat' dir='ltr'>mi.</span> <span class='ocrx_word' id='word_1_7' title='bbox 240 431 307 474; x_wconf 70' lang='lat'>⁹81³.</span> 
     </span>
     <span class='ocr_line' id='line_1_3' title="bbox 129 483 1462 611; baseline 0.003 -34.687"><span class='ocrx_word' id='word_1_8' title='bbox 129 517 214 582; x_wconf 84' lang='lat' dir='ltr'>vidua</span> <span class='ocrx_word' id='word_1_9' title='bbox 242 519 345 611; x_wconf 86' lang='lat' dir='ltr'>ripere</span> <span class='ocrx_word' id='word_1_10' title='bbox 373 519 470 580; x_wconf 83' lang='lat' dir='ltr'>viator</span> <span class='ocrx_word' id='word_1_11' title='bbox 498 519 649 601; x_wconf 77' lang='lat' dir='ltr'>vitisator,</span> <span class='ocrx_word' id='word_1_12' title='bbox 677 525 798 600; x_wconf 88' lang='lat' dir='ltr'>praeter</span> <span class='ocrx_word' id='word_1_13' title='bbox 829 516 980 598; x_wconf 78' lang='lat' dir='ltr'><strong>bitumen,</strong></span> <span class='ocrx_word' id='word_1_14' title='bbox 1015 520 1084 598; x_wconf 90' lang='lat' dir='ltr'>quia</span> <span class='ocrx_word' id='word_1_15' title='bbox 1113 521 1215 582; x_wconf 87' lang='lat' dir='ltr'>neutri</span> <span class='ocrx_word' id='word_1_16' title='bbox 1243 483 1364 602; x_wconf 83' lang='lat' dir='ltr'>generis</span> <span class='ocrx_word' id='word_1_17' title='bbox 1393 537 1462 582; x_wconf 91' lang='lat' dir='ltr'>con·</span> 
     </span>
    </p>
   </div>
   <div class='ocr_carea' id='block_1_3' title="bbox 16 624 1580 2044">
    <p class='ocr_par' dir='ltr' id='par_1_3' title="bbox 16 624 1580 2044">
     <span class='ocr_line' id='line_1_4' title="bbox 127 624 1464 708; baseline 0.002 -18.77"><span class='ocrx_word' id='word_1_18' title='bbox 127 629 237 690; x_wconf 88' lang='lat' dir='ltr'>sistens</span> <span class='ocrx_word' id='word_1_19' title='bbox 266 643 428 688; x_wconf 89' lang='lat' dir='ltr'>numerum</span> <span class='ocrx_word' id='word_1_20' title='bbox 461 625 675 708; x_wconf 87' lang='lat' dir='ltr'>disyllaborum</span> <span class='ocrx_word' id='word_1_21' title='bbox 709 628 852 707; x_wconf 81' lang='lat' dir='ltr'>excessit3</span> <span class='ocrx_word' id='word_1_22' title='bbox 891 624 981 687; x_wconf 91' lang='lat' dir='ltr'>bilem</span> <span class='ocrx_word' id='word_1_23' title='bbox 1015 628 1104 688; x_wconf 90' lang='lat' dir='ltr'>etiam</span> <span class='ocrx_word' id='word_1_24' title='bbox 1138 625 1330 691; x_wconf 75' lang='lat' dir='ltr'>discretionis</span> <span class='ocrx_word' id='word_1_25' title='bbox 1359 646 1464 692; x_wconf 88' lang='lat' dir='ltr'>causa:</span> 
     </span>
     <span class='ocr_line' id='line_1_5' title="bbox 16 715 1464 818; baseline 0.003 -26"><span class='ocrx_word' id='word_1_26' title='bbox 16 715 17 792; x_wconf 75' lang='lat'><em>}</em></span> <span class='ocrx_word' id='word_1_27' title='bbox 127 753 195 798; x_wconf 88' lang='lat' dir='ltr'>nam</span> <span class='ocrx_word' id='word_1_28' title='bbox 218 736 246 798; x_wconf 92' lang='lat' dir='ltr'>si</span> <span class='ocrx_word' id='word_1_29' title='bbox 270 734 369 798; x_wconf 88' lang='lat' dir='ltr'>lellem</span> <span class='ocrx_word' id='word_1_30' title='bbox 389 737 553 818; x_wconf 91' lang='lat' dir='ltr'>signilicat,</span> <span class='ocrx_word' id='word_1_31' title='bbox 576 734 669 818; x_wconf 86' lang='lat' dir='ltr'>perb</span> <span class='ocrx_word' id='word_1_32' title='bbox 694 745 821 816; x_wconf 92' lang='lat' dir='ltr'>mutam,</span> <span class='ocrx_word' id='word_1_33' title='bbox 845 735 872 796; x_wconf 90' lang='lat' dir='ltr'>si</span> <span class='ocrx_word' id='word_1_34' title='bbox 895 733 1046 796; x_wconf 88' lang='lat' dir='ltr'>abiectum</span> <span class='ocrx_word' id='word_1_35' title='bbox 1066 733 1178 817; x_wconf 88' lang='lat' dir='ltr'>aliquid</span> <span class='ocrx_word' id='word_1_36' title='bbox 1197 754 1233 797; x_wconf 89' lang='lat' dir='ltr'>ac</span> <span class='ocrx_word' id='word_1_37' title='bbox 1256 737 1339 817; x_wconf 82' lang='lat' dir='ltr'>parri</span> <span class='ocrx_word' id='word_1_38' title='bbox 1364 734 1464 818; x_wconf 87' lang='lat' dir='ltr'>prelii,</span> 
     </span>
     <span class='ocr_line' id='line_1_6' title="bbox 16 829 1580 927; baseline -0.001 -21"><span class='ocrx_word' id='word_1_39' title='bbox 16 879 17 912; x_wconf 56' lang='lat' dir='ltr'>n</span> <span class='ocrx_word' id='word_1_40' title='bbox 125 829 222 925; x_wconf 81' lang='lat' dir='ltr'>perv</span> <span class='ocrx_word' id='word_1_41' title='bbox 250 843 412 908; x_wconf 83' lang='lat' dir='ltr'>scribetur.</span> <span class='ocrx_word' id='word_1_42' title='bbox 450 842 553 907; x_wconf 92' lang='lat' dir='ltr'>bibula</span> <span class='ocrx_word' id='word_1_43' title='bbox 581 851 682 906; x_wconf 89' lang='lat' dir='ltr'>autem</span> <span class='ocrx_word' id='word_1_44' title='bbox 711 861 728 904; x_wconf 86' lang='lat' dir='ltr'>a</span> <span class='ocrx_word' id='word_1_45' title='bbox 755 840 849 904; x_wconf 84' lang='lat' dir='ltr'>verbo</span> <span class='ocrx_word' id='word_1_46' title='bbox 878 841 958 924; x_wconf 92' lang='lat' dir='ltr'>quod</span> <span class='ocrx_word' id='word_1_47' title='bbox 988 851 1035 906; x_wconf 90' lang='lat' dir='ltr'>est</span> <span class='ocrx_word' id='word_1_48' title='bbox 1062 841 1133 905; x_wconf 91' lang='lat' dir='ltr'>bibo</span> <span class='ocrx_word' id='word_1_49' title='bbox 1163 842 1348 927; x_wconf 84' lang='lat' dir='ltr'>traducitur,</span> <span class='ocrx_word' id='word_1_50' title='bbox 1376 845 1464 906; x_wconf 90' lang='lat' dir='ltr'>cuius</span> <span class='ocrx_word' id='word_1_51' title='bbox 1571 860 1580 874; x_wconf 63' lang='lat'>²</span> 
     </span>
     <span class='ocr_line' id='line_1_7' title="bbox 16 925 547 1035; baseline 0.017 -27"><span class='ocrx_word' id='word_1_52' title='bbox 16 925 17 1008; x_wconf 49' lang='lat' dir='ltr'>J</span> <span class='ocrx_word' id='word_1_53' title='bbox 102 960 232 1034; x_wconf 82' lang='lat' dir='ltr'>spostea</span> <span class='ocrx_word' id='word_1_54' title='bbox 256 951 376 1035; x_wconf 87' lang='lat' dir='ltr'>regulas</span> <span class='ocrx_word' id='word_1_55' title='bbox 400 952 547 1016; x_wconf 78' lang='lat' dir='ltr'>dabimus.</span> 
     </span>
     <span class='ocr_line' id='line_1_8' title="bbox 215 1059 1464 1145; baseline 0.003 -24.45"><span class='ocrx_word' id='word_1_56' title='bbox 215 1059 259 1123; x_wconf 90' lang='lat' dir='ltr'>llo</span> <span class='ocrx_word' id='word_1_57' title='bbox 287 1059 389 1124; x_wconf 81' lang='lat' dir='ltr'>brevis</span> <span class='ocrx_word' id='word_1_58' title='bbox 416 1061 464 1124; x_wconf 81' lang='lat' dir='ltr'>rel</span> <span class='ocrx_word' id='word_1_59' title='bbox 491 1061 638 1145; x_wconf 89' lang='lat' dir='ltr'>producta</span> <span class='ocrx_word' id='word_1_60' title='bbox 668 1077 791 1122; x_wconf 79' lang='lat' dir='ltr'>servans</span> <span class='ocrx_word' id='word_1_61' title='bbox 820 1061 1006 1142; x_wconf 93' lang='lat' dir='ltr'>principium</span> <span class='ocrx_word' id='word_1_62' title='bbox 1036 1063 1166 1124; x_wconf 90' lang='lat' dir='ltr'>nominis</span> <span class='ocrx_word' id='word_1_63' title='bbox 1199 1081 1254 1144; x_wconf 91' lang='lat' dir='ltr'>per</span> <span class='ocrx_word' id='word_1_64' title='bbox 1282 1083 1299 1123; x_wconf 87' lang='lat' dir='ltr'>r</span> <span class='ocrx_word' id='word_1_65' title='bbox 1332 1062 1464 1126; x_wconf 90' lang='lat' dir='ltr'>litteram</span> 
     </span>
     <span class='ocr_line' id='line_1_9' title="bbox 60 1159 1463 1256; baseline 0.001 -24.939"><span class='ocrx_word' id='word_1_66' title='bbox 60 1243 66 1256; x_wconf 34' lang='grc' dir='ltr'><strong><em>ι</em></strong></span> <span class='ocrx_word' id='word_1_67' title='bbox 111 1159 370 1248; x_wconf 65' lang='lat' dir='ltr'>&#39;communisse</span> <span class='ocrx_word' id='word_1_68' title='bbox 397 1179 548 1253; x_wconf 75' lang='lat' dir='ltr'>potestate</span> <span class='ocrx_word' id='word_1_69' title='bbox 576 1167 743 1252; x_wconf 77' lang='lat' dir='ltr'>scribetur,</span> <span class='ocrx_word' id='word_1_70' title='bbox 770 1177 803 1231; x_wconf 92' lang='lat' dir='ltr'>ut</span> <span class='ocrx_word' id='word_1_71' title='bbox 826 1167 964 1231; x_wconf 80' lang='lat' dir='ltr'>uoluntas</span> <span class='ocrx_word' id='word_1_72' title='bbox 989 1168 1126 1251; x_wconf 85' lang='lat' dir='ltr'>voluptas</span> <span class='ocrx_word' id='word_1_73' title='bbox 1149 1188 1259 1252; x_wconf 78' lang='lat' dir='ltr'>vorago</span> <span class='ocrx_word' id='word_1_74' title='bbox 1283 1168 1463 1233; x_wconf 88' lang='lat' dir='ltr'>vocabulum</span> 
     </span>
     <span class='ocr_line' id='line_1_10' title="bbox 125 1274 1464 1362; baseline -0.001 -22"><span class='ocrx_word' id='word_1_75' title='bbox 125 1281 256 1342; x_wconf 83' lang='lat' dir='ltr'>uomitus</span> <span class='ocrx_word' id='word_1_76' title='bbox 286 1287 403 1362; x_wconf 81' lang='lat' dir='ltr'>votum;</span> <span class='ocrx_word' id='word_1_77' title='bbox 436 1277 517 1342; x_wconf 90' lang='lat' dir='ltr'>bono</span> <span class='ocrx_word' id='word_1_78' title='bbox 547 1274 755 1342; x_wconf 89' lang='lat' dir='ltr'>tantummodo</span> <span class='ocrx_word' id='word_1_79' title='bbox 787 1275 922 1358; x_wconf 88' lang='lat' dir='ltr'>regulam</span> <span class='ocrx_word' id='word_1_80' title='bbox 952 1286 1129 1360; x_wconf 79' lang='lat' dir='ltr'>superante,</span> <span class='ocrx_word' id='word_1_81' title='bbox 1160 1296 1196 1339; x_wconf 90' lang='lat' dir='ltr'>eo</span> <span class='ocrx_word' id='word_1_82' title='bbox 1226 1277 1307 1359; x_wconf 92' lang='lat' dir='ltr'>quod</span> <span class='ocrx_word' id='word_1_83' title='bbox 1342 1281 1373 1340; x_wconf 89' lang='lat' dir='ltr'>iu</span> <span class='ocrx_word' id='word_1_84' title='bbox 1408 1279 1464 1340; x_wconf 90' lang='lat' dir='ltr'>tria</span> 
     </span>
     <span class='ocr_line' id='line_1_11' title="bbox 125 1383 1463 1472; baseline -0.002 -21"><span class='ocrx_word' id='word_1_85' title='bbox 125 1405 237 1470; x_wconf 83' lang='lat' dir='ltr'>genera</span> <span class='ocrx_word' id='word_1_86' title='bbox 261 1389 455 1472; x_wconf 82' lang='lat' dir='ltr'>dispertitum</span> <span class='ocrx_word' id='word_1_87' title='bbox 479 1391 533 1472; x_wconf 86' lang='lat' dir='ltr'>sit,</span> <span class='ocrx_word' id='word_1_88' title='bbox 557 1405 626 1451; x_wconf 90' lang='lat' dir='ltr'>cum</span> <span class='ocrx_word' id='word_1_89' title='bbox 649 1384 875 1467; x_wconf 87' lang='lat' dir='ltr'>praedictorum</span> <span class='ocrx_word' id='word_1_90' title='bbox 900 1383 974 1447; x_wconf 91' lang='lat' dir='ltr'>nibil</span> <span class='ocrx_word' id='word_1_91' title='bbox 998 1386 1124 1468; x_wconf 87' lang='lat' dir='ltr'>liguram</span> <span class='ocrx_word' id='word_1_92' title='bbox 1148 1385 1305 1449; x_wconf 91' lang='lat' dir='ltr'>mobilium</span> <span class='ocrx_word' id='word_1_93' title='bbox 1328 1388 1463 1468; x_wconf 90' lang='lat' dir='ltr'>recipiat.</span> 
     </span>
     <span class='ocr_line' id='line_1_12' title="bbox 91 1491 1466 1578; baseline 0.002 -24"><span class='ocrx_word' id='word_1_94' title='bbox 91 1515 113 1554; x_wconf 77' lang='lat' dir='ltr'>ro</span> <span class='ocrx_word' id='word_1_95' title='bbox 214 1494 262 1559; x_wconf 79' lang='lat' dir='ltr'>liu</span> <span class='ocrx_word' id='word_1_96' title='bbox 281 1515 337 1560; x_wconf 87' lang='lat' dir='ltr'>seu</span> <span class='ocrx_word' id='word_1_97' title='bbox 361 1496 509 1578; x_wconf 91' lang='lat' dir='ltr'>producta</span> <span class='ocrx_word' id='word_1_98' title='bbox 528 1513 582 1558; x_wconf 89' lang='lat' dir='ltr'>seu</span> <span class='ocrx_word' id='word_1_99' title='bbox 603 1500 743 1575; x_wconf 91' lang='lat' dir='ltr'>correpta</span> <span class='ocrx_word' id='word_1_100' title='bbox 767 1493 861 1555; x_wconf 91' lang='lat' dir='ltr'>luerit</span> <span class='ocrx_word' id='word_1_101' title='bbox 882 1495 1069 1577; x_wconf 88' lang='lat' dir='ltr'>praeposita,</span> <span class='ocrx_word' id='word_1_102' title='bbox 1094 1494 1112 1556; x_wconf 94' lang='lat' dir='ltr'>b</span> <span class='ocrx_word' id='word_1_103' title='bbox 1137 1491 1251 1558; x_wconf 81' lang='lat' dir='ltr'>mutam</span> <span class='ocrx_word' id='word_1_104' title='bbox 1275 1493 1412 1578; x_wconf 91' lang='lat' dir='ltr'>babebit,</span> <span class='ocrx_word' id='word_1_105' title='bbox 1432 1503 1466 1558; x_wconf 91' lang='lat' dir='ltr'>nt</span> 
     </span>
     <span class='ocr_line' id='line_1_13' title="bbox 125 1600 1463 1668; baseline -0.001 -2"><span class='ocrx_word' id='word_1_106' title='bbox 125 1603 224 1668; x_wconf 83' lang='lat' dir='ltr'>buxus</span> <span class='ocrx_word' id='word_1_107' title='bbox 244 1604 317 1668; x_wconf 88' lang='lat' dir='ltr'>bulo</span> <span class='ocrx_word' id='word_1_108' title='bbox 336 1604 460 1668; x_wconf 88' lang='lat' dir='ltr'>bustum</span> <span class='ocrx_word' id='word_1_109' title='bbox 480 1604 588 1668; x_wconf 88' lang='lat' dir='ltr'>bucina</span> <span class='ocrx_word' id='word_1_110' title='bbox 607 1601 716 1667; x_wconf 85' lang='lat' dir='ltr'>bucula</span> <span class='ocrx_word' id='word_1_111' title='bbox 738 1610 768 1665; x_wconf 91' lang='lat' dir='ltr'>et</span> <span class='ocrx_word' id='word_1_112' title='bbox 786 1600 1012 1665; x_wconf 90' lang='lat' dir='ltr'>huiuscemodi</span> <span class='ocrx_word' id='word_1_113' title='bbox 1031 1606 1139 1666; x_wconf 92' lang='lat' dir='ltr'>omnia.</span> <span class='ocrx_word' id='word_1_114' title='bbox 1174 1603 1352 1666; x_wconf 86' lang='lat' dir='ltr'>nulloeuim</span> <span class='ocrx_word' id='word_1_115' title='bbox 1374 1603 1463 1667; x_wconf 92' lang='lat' dir='ltr'>modo</span> 
     </span>
     <span class='ocr_line' id='line_1_14' title="bbox 125 1711 1462 1796; baseline -0.001 -21.151"><span class='ocrx_word' id='word_1_116' title='bbox 125 1721 245 1794; x_wconf 90' lang='lat' dir='ltr'>poterat</span> <span class='ocrx_word' id='word_1_117' title='bbox 268 1713 332 1796; x_wconf 88' lang='lat' dir='ltr'>ipsa</span> <span class='ocrx_word' id='word_1_118' title='bbox 356 1713 414 1776; x_wconf 85' lang='lat' dir='ltr'>sibi</span> <span class='ocrx_word' id='word_1_119' title='bbox 438 1733 455 1774; x_wconf 85' lang='lat' dir='ltr'>r</span> <span class='ocrx_word' id='word_1_120' title='bbox 478 1713 578 1776; x_wconf 89' lang='lat' dir='ltr'>littera</span> <span class='ocrx_word' id='word_1_121' title='bbox 602 1711 749 1795; x_wconf 84' lang='lat' dir='ltr'>praeponi</span> <span class='ocrx_word' id='word_1_122' title='bbox 772 1728 833 1771; x_wconf 93' lang='lat' dir='ltr'>non</span> <span class='ocrx_word' id='word_1_123' title='bbox 857 1712 1020 1773; x_wconf 89' lang='lat' dir='ltr'>coniuncta</span> <span class='ocrx_word' id='word_1_124' title='bbox 1042 1713 1134 1775; x_wconf 90' lang='lat' dir='ltr'>etiam</span> <span class='ocrx_word' id='word_1_125' title='bbox 1153 1711 1209 1774; x_wconf 92' lang='lat' dir='ltr'>alia</span> <span class='ocrx_word' id='word_1_126' title='bbox 1233 1715 1411 1790; x_wconf 82' lang='lat' dir='ltr'>consonanti</span> <span class='ocrx_word' id='word_1_127' title='bbox 1432 1714 1462 1772; x_wconf 92' lang='lat' dir='ltr'>in</span> 
     </span>
     <span class='ocr_line' id='line_1_15' title="bbox 16 1816 1465 1906; baseline -0.002 -22"><span class='ocrx_word' id='word_1_128' title='bbox 16 1859 17 1906; x_wconf 69' lang='lat' dir='ltr'>t</span> <span class='ocrx_word' id='word_1_129' title='bbox 124 1823 222 1904; x_wconf 81' lang='lat' dir='ltr'>prima</span> <span class='ocrx_word' id='word_1_130' title='bbox 246 1821 367 1902; x_wconf 77' lang='lat' dir='ltr'>syllaba.</span> <span class='ocrx_word' id='word_1_131' title='bbox 412 1841 482 1885; x_wconf 89' lang='lat' dir='ltr'>oum</span> <span class='ocrx_word' id='word_1_132' title='bbox 511 1831 611 1883; x_wconf 88' lang='lat' dir='ltr'>tamen</span> <span class='ocrx_word' id='word_1_133' title='bbox 635 1816 790 1880; x_wconf 90' lang='lat' dir='ltr'>dissimilis</span> <span class='ocrx_word' id='word_1_134' title='bbox 815 1819 959 1880; x_wconf 88' lang='lat' dir='ltr'>contiuuo</span> <span class='ocrx_word' id='word_1_135' title='bbox 988 1817 1088 1881; x_wconf 89' lang='lat' dir='ltr'>littera</span> <span class='ocrx_word' id='word_1_136' title='bbox 1114 1819 1207 1881; x_wconf 88' lang='lat' dir='ltr'>luerit</span> <span class='ocrx_word' id='word_1_137' title='bbox 1230 1817 1406 1902; x_wconf 87' lang='lat' dir='ltr'>subsecuta,</span> <span class='ocrx_word' id='word_1_138' title='bbox 1430 1830 1465 1882; x_wconf 94' lang='lat' dir='ltr'>ut</span> 
     </span>
     <span class='ocr_line' id='line_1_16' title="bbox 16 1923 1463 2044; baseline -0.003 -52"><span class='ocrx_word' id='word_1_139' title='bbox 16 1975 18 2044; x_wconf 59' lang='lat'>,</span> <span class='ocrx_word' id='word_1_140' title='bbox 125 1927 226 1992; x_wconf 79' lang='lat' dir='ltr'>nultus</span> <span class='ocrx_word' id='word_1_141' title='bbox 250 1928 358 2012; x_wconf 82' lang='lat' dir='ltr'>uulgus</span> <span class='ocrx_word' id='word_1_142' title='bbox 383 1928 549 2012; x_wconf 86' lang='lat' dir='ltr'>Vulcanus,</span> <span class='ocrx_word' id='word_1_143' title='bbox 573 1946 628 2011; x_wconf 90' lang='lat' dir='ltr'>per</span> <span class='ocrx_word' id='word_1_144' title='bbox 652 1946 669 1987; x_wconf 86' lang='lat' dir='ltr'>r</span> <span class='ocrx_word' id='word_1_145' title='bbox 693 1926 865 2008; x_wconf 80' lang='lat' dir='ltr'>digammon</span> <span class='ocrx_word' id='word_1_146' title='bbox 886 1925 1048 1989; x_wconf 90' lang='lat' dir='ltr'>scribetur.</span> <span class='ocrx_word' id='word_1_147' title='bbox 1070 1923 1076 2009; x_wconf 94' lang='grc' dir='ltr'>Ι</span> <span class='ocrx_word' id='word_1_148' title='bbox 1096 1945 1165 1990; x_wconf 85' lang='lat' dir='ltr'>narn</span> <span class='ocrx_word' id='word_1_149' title='bbox 1185 1929 1211 1990; x_wconf 92' lang='lat' dir='ltr'>si</span> <span class='ocrx_word' id='word_1_150' title='bbox 1234 1928 1331 2009; x_wconf 90' lang='lat' dir='ltr'>prima</span> <span class='ocrx_word' id='word_1_151' title='bbox 1352 1926 1463 2009; x_wconf 80' lang='lat' dir='ltr'>syllaba</span> 
     </span>
    </p>
   </div>
   <div class='ocr_carea' id='block_1_4' title="bbox 16 2100 1568 2484">
    <p class='ocr_par' dir='ltr' id='par_1_4' title="bbox 16 2100 1411 2180">
     <span class='ocr_line' id='line_1_17' title="bbox 16 2100 1411 2180; baseline -0.002 -19"><span class='ocrx_word' id='word_1_152' title='bbox 16 2159 17 2180; x_wconf 50' lang='lat'>,</span> <span class='ocrx_word' id='word_1_153' title='bbox 216 2103 343 2178; x_wconf 76' lang='lat' dir='ltr'>lquia}</span> <span class='ocrx_word' id='word_1_154' title='bbox 353 2103 430 2175; x_wconf 90' lang='lat' dir='ltr'>quod</span> <span class='ocrx_word' id='word_1_155' title='bbox 449 2103 509 2159; x_wconf 83' lang='lat' dir='ltr'>AO</span> <span class='ocrx_word' id='word_1_156' title='bbox 579 2107 749 2158; x_wconf 70' lang='lat' dir='ltr'>tanumeros</span> <span class='ocrx_word' id='word_1_157' title='bbox 768 2100 797 2155; x_wconf 99' lang='grc' dir='ltr'><strong><em>Β</em></strong></span> <span class='ocrx_word' id='word_1_158' title='bbox 870 2100 1091 2172; x_wconf 80' lang='lat' dir='ltr'>dissyllaborum</span> <span class='ocrx_word' id='word_1_159' title='bbox 1110 2101 1170 2158; x_wconf 80' lang='lat' dir='ltr'>Ro</span> <span class='ocrx_word' id='word_1_160' title='bbox 1240 2102 1298 2160; x_wconf 87' lang='lat' dir='ltr'>bile</span> <span class='ocrx_word' id='word_1_161' title='bbox 1317 2101 1411 2159; x_wconf 80' lang='lat' dir='ltr'>ABG</span> 
     </span>
    </p>

    <p class='ocr_par' dir='ltr' id='par_1_5' title="bbox 16 2179 1465 2256">
     <span class='ocr_line' id='line_1_18' title="bbox 16 2179 1465 2256; baseline -0.002 -13"><span class='ocrx_word' id='word_1_162' title='bbox 16 2237 17 2256; x_wconf 63' lang='lat'>,</span> <span class='ocrx_word' id='word_1_163' title='bbox 126 2185 305 2242; x_wconf 74' lang='lat' dir='ltr'>discrefiouis</span> <span class='ocrx_word' id='word_1_164' title='bbox 323 2200 415 2244; x_wconf 77' lang='lat' dir='ltr'>,causa</span> <span class='ocrx_word' id='word_1_165' title='bbox 438 2183 543 2240; x_wconf 81' lang='lat' dir='ltr'>dioiiur</span> <span class='ocrx_word' id='word_1_166' title='bbox 564 2199 632 2240; x_wconf 82' lang='lat' dir='ltr'>uem</span> <span class='ocrx_word' id='word_1_167' title='bbox 655 2181 683 2236; x_wconf 89' lang='grc' dir='ltr'><em>Β</em></span> <span class='ocrx_word' id='word_1_168' title='bbox 766 2186 783 2235; x_wconf 86' lang='lat' dir='ltr'>a</span> <span class='ocrx_word' id='word_1_169' title='bbox 807 2179 848 2235; x_wconf 89' lang='lat' dir='ltr'>fel</span> <span class='ocrx_word' id='word_1_170' title='bbox 866 2181 917 2240; x_wconf 74' lang='lat' dir='ltr'>uA</span> <span class='ocrx_word' id='word_1_171' title='bbox 999 2185 1133 2240; x_wconf 83' lang='lat' dir='ltr'>4nuiem</span> <span class='ocrx_word' id='word_1_172' title='bbox 1155 2198 1208 2240; x_wconf 84' lang='lat' dir='ltr'>om.</span> <span class='ocrx_word' id='word_1_173' title='bbox 1227 2185 1256 2239; x_wconf 98' lang='lat' dir='ltr'><strong><em>A</em></strong></span> <span class='ocrx_word' id='word_1_174' title='bbox 1340 2185 1465 2242; x_wconf 69' lang='lat' dir='ltr'>amobi-</span> 
     </span>
    </p>

    <p class='ocr_par' dir='ltr' id='par_1_6' title="bbox 16 2260 1465 2338">
     <span class='ocr_line' id='line_1_19' title="bbox 16 2260 1465 2338; baseline 0 -16"><span class='ocrx_word' id='word_1_175' title='bbox 16 2295 23 2338; x_wconf 59' lang='grc' dir='ltr'>ι,</span> <span class='ocrx_word' id='word_1_176' title='bbox 126 2265 195 2322; x_wconf 91' lang='lat' dir='ltr'>lium</span> <span class='ocrx_word' id='word_1_177' title='bbox 218 2265 340 2338; x_wconf 83' lang='lat' dir='ltr'>figuram</span> <span class='ocrx_word' id='word_1_178' title='bbox 364 2266 393 2321; x_wconf 98' lang='grc' dir='ltr'><strong><em>Β</em></strong></span> <span class='ocrx_word' id='word_1_179' title='bbox 477 2271 510 2321; x_wconf 85' lang='grc'>11</span> <span class='ocrx_word' id='word_1_180' title='bbox 535 2264 613 2321; x_wconf 80' lang='lat' dir='ltr'>buffo</span> <span class='ocrx_word' id='word_1_181' title='bbox 637 2260 696 2320; x_wconf 79' lang='lat' dir='ltr'>AO</span> <span class='ocrx_word' id='word_1_182' title='bbox 777 2267 810 2316; x_wconf 74' lang='lat'>12</span> <span class='ocrx_word' id='word_1_183' title='bbox 833 2266 947 2333; x_wconf 77' lang='lat' dir='ltr'>poterat</span> <span class='ocrx_word' id='word_1_184' title='bbox 964 2263 1028 2336; x_wconf 85' lang='lat' dir='ltr'>ipsa</span> <span class='ocrx_word' id='word_1_185' title='bbox 1048 2261 1103 2320; x_wconf 84' lang='lat' dir='ltr'>eibi</span> <span class='ocrx_word' id='word_1_186' title='bbox 1126 2263 1260 2320; x_wconf 79' lang='lat' dir='ltr'>ulitieru</span> <span class='ocrx_word' id='word_1_187' title='bbox 1278 2266 1418 2336; x_wconf 83' lang='lat' dir='ltr'>praeponi</span> <span class='ocrx_word' id='word_1_188' title='bbox 1436 2266 1465 2321; x_wconf 92' lang='grc' dir='ltr'><strong><em>Β</em></strong></span> 
     </span>
    </p>

    <p class='ocr_par' dir='ltr' id='par_1_7' title="bbox 16 2341 1568 2484">
     <span class='ocr_line' id='line_1_20' title="bbox 16 2341 1465 2420; baseline -0.001 -15"><span class='ocrx_word' id='word_1_189' title='bbox 16 2347 17 2378; x_wconf 64' lang='lat' dir='ltr'>n</span> <span class='ocrx_word' id='word_1_190' title='bbox 59 2382 65 2390; x_wconf 95' lang='lat'>·</span> <span class='ocrx_word' id='word_1_191' title='bbox 125 2349 239 2419; x_wconf 75' lang='lat' dir='ltr'>poterat</span> <span class='ocrx_word' id='word_1_192' title='bbox 267 2346 323 2420; x_wconf 83' lang='lat' dir='ltr'>ipsi</span> <span class='ocrx_word' id='word_1_193' title='bbox 351 2346 406 2404; x_wconf 84' lang='lat' dir='ltr'>sibi</span> <span class='ocrx_word' id='word_1_194' title='bbox 436 2344 574 2418; x_wconf 80' lang='lat' dir='ltr'>praeponi</span> <span class='ocrx_word' id='word_1_195' title='bbox 597 2346 625 2400; x_wconf 92' lang='lat' dir='ltr'><strong><em>A</em></strong></span> <span class='ocrx_word' id='word_1_196' title='bbox 654 2341 763 2415; x_wconf 76' lang='lat' dir='ltr'>polerit</span> <span class='ocrx_word' id='word_1_197' title='bbox 788 2342 850 2413; x_wconf 86' lang='lat' dir='ltr'>ipse</span> <span class='ocrx_word' id='word_1_198' title='bbox 873 2343 928 2400; x_wconf 85' lang='lat' dir='ltr'>sibi</span> <span class='ocrx_word' id='word_1_199' title='bbox 955 2345 1095 2419; x_wconf 80' lang='lat' dir='ltr'>praeponi</span> <span class='ocrx_word' id='word_1_200' title='bbox 1120 2345 1144 2402; x_wconf 83' lang='lat'><strong><em>0</em></strong></span> <span class='ocrx_word' id='word_1_201' title='bbox 1232 2361 1289 2401; x_wconf 92' lang='lat' dir='ltr'>uon</span> <span class='ocrx_word' id='word_1_202' title='bbox 1313 2347 1465 2403; x_wconf 81' lang='lat' dir='ltr'>coniuncia</span> 
     </span>
     <span class='ocr_line' id='line_1_21' title="bbox 126 2425 1568 2484; baseline 0 0"><span class='ocrx_word' id='word_1_203' title='bbox 126 2427 213 2484; x_wconf 83' lang='lat' dir='ltr'>etiarn</span> <span class='ocrx_word' id='word_1_204' title='bbox 237 2426 313 2484; x_wconf 81' lang='lat' dir='ltr'>eliae</span> <span class='ocrx_word' id='word_1_205' title='bbox 335 2429 364 2484; x_wconf 92' lang='lat' dir='ltr'><strong><em>B</em></strong></span> <span class='ocrx_word' id='word_1_206' title='bbox 381 2436 445 2483; x_wconf 76' lang='lat' dir='ltr'>&#39;nou</span> <span class='ocrx_word' id='word_1_207' title='bbox 469 2425 620 2484; x_wconf 81' lang='lat' dir='ltr'>coniuncta</span> <span class='ocrx_word' id='word_1_208' title='bbox 637 2429 673 2482; x_wconf 63' lang='lat' dir='ltr'>dei</span> <span class='ocrx_word' id='word_1_209' title='bbox 690 2427 748 2484; x_wconf 86' lang='lat' dir='ltr'>ulia</span> <span class='ocrx_word' id='word_1_210' title='bbox 768 2426 792 2483; x_wconf 84' lang='lat'><strong><em>0</em></strong></span> <span class='ocrx_word' id='word_1_211' title='bbox 814 2442 870 2482; x_wconf 91' lang='lat' dir='ltr'>uou</span> <span class='ocrx_word' id='word_1_212' title='bbox 894 2426 1047 2484; x_wconf 79' lang='lat' dir='ltr'>coniuncta</span> <span class='ocrx_word' id='word_1_213' title='bbox 1065 2443 1127 2484; x_wconf 86' lang='lat' dir='ltr'>esse</span> <span class='ocrx_word' id='word_1_214' title='bbox 1146 2427 1220 2484; x_wconf 78' lang='lat' dir='ltr'>aliae</span> <span class='ocrx_word' id='word_1_215' title='bbox 1239 2428 1267 2482; x_wconf 90' lang='lat' dir='ltr'><strong><em>A</em></strong></span> <span class='ocrx_word' id='word_1_216' title='bbox 1344 2427 1464 2484; x_wconf 69' lang='lat' dir='ltr'>laseri·</span> <span class='ocrx_word' id='word_1_217' title='bbox 1565 2435 1568 2441; x_wconf 86' lang='grc'><em>“</em></span> 
     </span>
    </p>
   </div>
   <div class='ocr_carea' id='block_1_5' title="bbox 588 2789 1001 2850">
    <p class='ocr_par' dir='ltr' id='par_1_8' title="bbox 588 2789 1001 2850">
     <span class='ocr_line' id='line_1_22' title="bbox 588 2789 1001 2850; baseline 0 -2"><span class='ocrx_word' id='word_1_218' title='bbox 588 2789 776 2848; x_wconf 71' lang='lat' dir='ltr'>maurinu</span> <span class='ocrx_word' id='word_1_219' title='bbox 794 2791 844 2848; x_wconf 79' lang='lat' dir='ltr'>DE</span> <span class='ocrx_word' id='word_1_220' title='bbox 863 2792 886 2848; x_wconf 87' lang='grc' dir='ltr'><strong><em>Β</em></strong></span> <span class='ocrx_word' id='word_1_221' title='bbox 906 2791 955 2850; x_wconf 83' lang='grc' dir='ltr'>ΕΤ</span> <span class='ocrx_word' id='word_1_222' title='bbox 974 2791 1001 2848; x_wconf 86' lang='lat' dir='ltr'>V</span> 
     </span>
    </p>
   </div>
   <div class='ocr_carea' id='block_1_6' title="bbox 41 2958 1519 4434">
    <p class='ocr_par' dir='ltr' id='par_1_9' title="bbox 41 2958 1465 3590">
     <span class='ocr_line' id='line_1_23' title="bbox 128 2958 1464 3046; baseline 0 -24"><span class='ocrx_word' id='word_1_223' title='bbox 128 2961 210 3043; x_wconf 85' lang='lat' dir='ltr'>boet,</span> <span class='ocrx_word' id='word_1_224' title='bbox 233 2979 290 3043; x_wconf 90' lang='lat' dir='ltr'>per</span> <span class='ocrx_word' id='word_1_225' title='bbox 309 2959 328 3022; x_wconf 95' lang='lat' dir='ltr'>b</span> <span class='ocrx_word' id='word_1_226' title='bbox 353 2967 467 3022; x_wconf 77' lang='lat' dir='ltr'>martam</span> <span class='ocrx_word' id='word_1_227' title='bbox 491 2958 656 3045; x_wconf 79' lang='lat' dir='ltr'>scribetur3</span> <span class='ocrx_word' id='word_1_228' title='bbox 681 2964 707 3024; x_wconf 94' lang='lat' dir='ltr'>sl</span> <span class='ocrx_word' id='word_1_229' title='bbox 731 2962 822 3024; x_wconf 83' lang='lat' dir='ltr'>breve</span> <span class='ocrx_word' id='word_1_230' title='bbox 841 2962 977 3046; x_wconf 88' lang='lat' dir='ltr'>aliquod,</span> <span class='ocrx_word' id='word_1_231' title='bbox 1001 2981 1057 3045; x_wconf 88' lang='lat' dir='ltr'>per</span> <span class='ocrx_word' id='word_1_232' title='bbox 1075 2983 1092 3022; x_wconf 85' lang='lat' dir='ltr'>v</span> <span class='ocrx_word' id='word_1_233' title='bbox 1112 2962 1282 3044; x_wconf 76' lang='lat' dir='ltr'>digammon</span> <span class='ocrx_word' id='word_1_234' title='bbox 1303 2961 1464 3024; x_wconf 86' lang='lat' dir='ltr'>scribetur.</span> 
     </span>
     <span class='ocr_line' id='line_1_24' title="bbox 41 3059 1395 3155; baseline 0.003 -25"><span class='ocrx_word' id='word_1_235' title='bbox 41 3059 42 3062; x_wconf 46' lang='lat'>&#39;</span> <span class='ocrx_word' id='word_1_236' title='bbox 128 3068 227 3132; x_wconf 88' lang='lat' dir='ltr'>bibula</span> <span class='ocrx_word' id='word_1_237' title='bbox 251 3071 333 3132; x_wconf 87' lang='lat' dir='ltr'>enlm</span> <span class='ocrx_word' id='word_1_238' title='bbox 357 3087 373 3130; x_wconf 93' lang='lat' dir='ltr'>a</span> <span class='ocrx_word' id='word_1_239' title='bbox 396 3067 468 3131; x_wconf 92' lang='lat' dir='ltr'>bibo</span> <span class='ocrx_word' id='word_1_240' title='bbox 493 3068 585 3131; x_wconf 81' lang='lat' dir='ltr'>verbo</span> <span class='ocrx_word' id='word_1_241' title='bbox 609 3069 793 3155; x_wconf 85' lang='lat' dir='ltr'>traducitur,</span> <span class='ocrx_word' id='word_1_242' title='bbox 818 3073 905 3134; x_wconf 88' lang='lat' dir='ltr'>cuius</span> <span class='ocrx_word' id='word_1_243' title='bbox 929 3081 1034 3154; x_wconf 88' lang='lat' dir='ltr'>postea</span> <span class='ocrx_word' id='word_1_244' title='bbox 1059 3071 1179 3154; x_wconf 87' lang='lat' dir='ltr'>regulas</span> <span class='ocrx_word' id='word_1_245' title='bbox 1204 3071 1395 3134; x_wconf 86' lang='lat' dir='ltr'>meditemur.</span> 
     </span>
     <span class='ocr_line' id='line_1_25' title="bbox 193 3175 1465 3263; baseline 0.003 -26"><span class='ocrx_word' id='word_1_246' title='bbox 193 3176 258 3240; x_wconf 56' lang='lat' dir='ltr'>„Vo</span> <span class='ocrx_word' id='word_1_247' title='bbox 286 3176 387 3240; x_wconf 83' lang='lat' dir='ltr'>brevis</span> <span class='ocrx_word' id='word_1_248' title='bbox 415 3175 462 3239; x_wconf 88' lang='lat' dir='ltr'>vel</span> <span class='ocrx_word' id='word_1_249' title='bbox 489 3177 637 3259; x_wconf 89' lang='lat' dir='ltr'>producta</span> <span class='ocrx_word' id='word_1_250' title='bbox 667 3178 831 3242; x_wconf 88' lang='lat' dir='ltr'>observans</span> <span class='ocrx_word' id='word_1_251' title='bbox 859 3181 1043 3262; x_wconf 89' lang='lat' dir='ltr'>principium</span> <span class='ocrx_word' id='word_1_252' title='bbox 1071 3199 1127 3263; x_wconf 91' lang='lat' dir='ltr'>per</span> <span class='ocrx_word' id='word_1_253' title='bbox 1151 3200 1169 3242; x_wconf 80' lang='lat' dir='ltr'>r</span> <span class='ocrx_word' id='word_1_254' title='bbox 1191 3180 1322 3244; x_wconf 86' lang='lat' dir='ltr'>litteram</span> <span class='ocrx_word' id='word_1_255' title='bbox 1355 3179 1465 3242; x_wconf 88' lang='lat' dir='ltr'>vocalis</span> 
     </span>
     <span class='ocr_line' id='line_1_26' title="bbox 127 3283 1464 3370; baseline -0.001 -22"><span class='ocrx_word' id='word_1_256' title='bbox 127 3289 233 3350; x_wconf 76' lang='lat' dir='ltr'>ambsa</span> <span class='ocrx_word' id='word_1_257' title='bbox 263 3293 413 3368; x_wconf 88' lang='lat' dir='ltr'>potestate</span> <span class='ocrx_word' id='word_1_258' title='bbox 441 3283 607 3369; x_wconf 89' lang='lat' dir='ltr'>scribetur,</span> <span class='ocrx_word' id='word_1_259' title='bbox 636 3295 671 3350; x_wconf 98' lang='lat' dir='ltr'>ut</span> <span class='ocrx_word' id='word_1_260' title='bbox 699 3286 838 3350; x_wconf 83' lang='lat' dir='ltr'>voluntas</span> <span class='ocrx_word' id='word_1_261' title='bbox 866 3288 1003 3370; x_wconf 84' lang='lat' dir='ltr'>voluptas</span> <span class='ocrx_word' id='word_1_262' title='bbox 1030 3305 1140 3370; x_wconf 81' lang='lat' dir='ltr'>vorago</span> <span class='ocrx_word' id='word_1_263' title='bbox 1165 3287 1343 3362; x_wconf 89' lang='lat' dir='ltr'>vocabulum</span> <span class='ocrx_word' id='word_1_264' title='bbox 1367 3289 1464 3348; x_wconf 82' lang='lat' dir='ltr'>vomis</span> 
     </span>
     <span class='ocr_line' id='line_1_27' title="bbox 79 3375 1463 3486; baseline 0.002 -31"><span class='ocrx_word' id='word_1_265' title='bbox 79 3375 113 3448; x_wconf 59' lang='lat'>‘⁵</span> <span class='ocrx_word' id='word_1_266' title='bbox 128 3404 241 3479; x_wconf 82' lang='lat' dir='ltr'>votnm,</span> <span class='ocrx_word' id='word_1_267' title='bbox 276 3393 355 3457; x_wconf 91' lang='lat' dir='ltr'>bono</span> <span class='ocrx_word' id='word_1_268' title='bbox 389 3394 597 3458; x_wconf 88' lang='lat' dir='ltr'>tantummodo</span> <span class='ocrx_word' id='word_1_269' title='bbox 626 3394 762 3486; x_wconf 91' lang='lat' dir='ltr'>regulam</span> <span class='ocrx_word' id='word_1_270' title='bbox 795 3405 972 3478; x_wconf 88' lang='lat' dir='ltr'>spernente,</span> <span class='ocrx_word' id='word_1_271' title='bbox 1006 3415 1042 3458; x_wconf 94' lang='lat' dir='ltr'>eo</span> <span class='ocrx_word' id='word_1_272' title='bbox 1080 3395 1160 3478; x_wconf 82' lang='lat' dir='ltr'>qrrod</span> <span class='ocrx_word' id='word_1_273' title='bbox 1195 3398 1228 3459; x_wconf 91' lang='lat' dir='ltr'>iu</span> <span class='ocrx_word' id='word_1_274' title='bbox 1261 3397 1319 3459; x_wconf 87' lang='lat' dir='ltr'>tria</span> <span class='ocrx_word' id='word_1_275' title='bbox 1352 3414 1463 3477; x_wconf 87' lang='lat' dir='ltr'>genera</span> 
     </span>
     <span class='ocr_line' id='line_1_28' title="bbox 126 3501 1234 3590; baseline 0.001 -25"><span class='ocrx_word' id='word_1_276' title='bbox 126 3503 318 3586; x_wconf 89' lang='lat' dir='ltr'>dispertitur,</span> <span class='ocrx_word' id='word_1_277' title='bbox 341 3523 411 3566; x_wconf 90' lang='lat' dir='ltr'>cum</span> <span class='ocrx_word' id='word_1_278' title='bbox 435 3501 661 3590; x_wconf 89' lang='lat' dir='ltr'>praedictorum</span> <span class='ocrx_word' id='word_1_279' title='bbox 687 3503 760 3566; x_wconf 89' lang='lat' dir='ltr'>nibil</span> <span class='ocrx_word' id='word_1_280' title='bbox 785 3505 911 3586; x_wconf 88' lang='lat' dir='ltr'>liguram</span> <span class='ocrx_word' id='word_1_281' title='bbox 937 3503 1092 3566; x_wconf 90' lang='lat' dir='ltr'>mobilium</span> <span class='ocrx_word' id='word_1_282' title='bbox 1117 3507 1234 3586; x_wconf 88' lang='lat' dir='ltr'>recipit.</span> 
     </span>
    </p>

    <p class='ocr_par' dir='ltr' id='par_1_10' title="bbox 125 3593 1463 3911">
     <span class='ocr_line' id='line_1_29' title="bbox 153 3593 1463 3701; baseline 0 -27"><span class='ocrx_word' id='word_1_283' title='bbox 153 3610 159 3619; x_wconf 88' lang='lat'>&#39;</span> <span class='ocrx_word' id='word_1_284' title='bbox 215 3611 261 3676; x_wconf 83' lang='lat' dir='ltr'>liu</span> <span class='ocrx_word' id='word_1_285' title='bbox 285 3614 348 3674; x_wconf 84' lang='lat' dir='ltr'>sive</span> <span class='ocrx_word' id='word_1_286' title='bbox 372 3610 520 3701; x_wconf 87' lang='lat' dir='ltr'>producta</span> <span class='ocrx_word' id='word_1_287' title='bbox 539 3629 594 3672; x_wconf 93' lang='lat' dir='ltr'>seu</span> <span class='ocrx_word' id='word_1_288' title='bbox 615 3621 755 3694; x_wconf 89' lang='lat' dir='ltr'>correpta</span> <span class='ocrx_word' id='word_1_289' title='bbox 779 3613 872 3674; x_wconf 87' lang='lat' dir='ltr'>luerit</span> <span class='ocrx_word' id='word_1_290' title='bbox 895 3593 1080 3695; x_wconf 84' lang='lat' dir='ltr'>praeposita,</span> <span class='ocrx_word' id='word_1_291' title='bbox 1104 3613 1123 3674; x_wconf 92' lang='lat' dir='ltr'>b</span> <span class='ocrx_word' id='word_1_292' title='bbox 1148 3622 1262 3675; x_wconf 89' lang='lat' dir='ltr'>mutam</span> <span class='ocrx_word' id='word_1_293' title='bbox 1286 3613 1408 3675; x_wconf 86' lang='lat' dir='ltr'>babebit</span> <span class='ocrx_word' id='word_1_294' title='bbox 1432 3615 1463 3674; x_wconf 91' lang='lat' dir='ltr'>ln</span> 
     </span>
     <span class='ocr_line' id='line_1_30' title="bbox 125 3717 1462 3804; baseline 0.001 -24"><span class='ocrx_word' id='word_1_295' title='bbox 125 3723 293 3804; x_wconf 88' lang='lat' dir='ltr'>scriptura,</span> <span class='ocrx_word' id='word_1_296' title='bbox 317 3729 350 3782; x_wconf 87' lang='lat' dir='ltr'>nt</span> <span class='ocrx_word' id='word_1_297' title='bbox 373 3719 486 3802; x_wconf 83' lang='lat' dir='ltr'>buxus,</span> <span class='ocrx_word' id='word_1_298' title='bbox 510 3717 583 3781; x_wconf 85' lang='lat' dir='ltr'>bulo</span> <span class='ocrx_word' id='word_1_299' title='bbox 602 3719 833 3801; x_wconf 78' lang='grc' dir='ltr'><strong><em>φυσίγναθος,</em></strong></span> <span class='ocrx_word' id='word_1_300' title='bbox 857 3719 994 3803; x_wconf 88' lang='lat' dir='ltr'>lmstum,</span> <span class='ocrx_word' id='word_1_301' title='bbox 1014 3719 1137 3802; x_wconf 89' lang='lat' dir='ltr'>bucina,</span> <span class='ocrx_word' id='word_1_302' title='bbox 1156 3719 1265 3784; x_wconf 91' lang='lat' dir='ltr'>bucula</span> <span class='ocrx_word' id='word_1_303' title='bbox 1286 3731 1317 3783; x_wconf 87' lang='lat' dir='ltr'>et</span> <span class='ocrx_word' id='word_1_304' title='bbox 1336 3721 1462 3784; x_wconf 88' lang='lat' dir='ltr'>huiusce</span> 
     </span>
     <span class='ocr_line' id='line_1_31' title="bbox 127 3826 1462 3911; baseline 0 -21"><span class='ocrx_word' id='word_1_305' title='bbox 127 3828 206 3890; x_wconf 90' lang='lat' dir='ltr'>modi</span> <span class='ocrx_word' id='word_1_306' title='bbox 233 3830 343 3891; x_wconf 86' lang='lat' dir='ltr'>omnia.</span> <span class='ocrx_word' id='word_1_307' title='bbox 386 3826 468 3890; x_wconf 91' lang='lat' dir='ltr'>nullo</span> <span class='ocrx_word' id='word_1_308' title='bbox 497 3831 577 3891; x_wconf 89' lang='lat' dir='ltr'>enim</span> <span class='ocrx_word' id='word_1_309' title='bbox 607 3828 696 3890; x_wconf 91' lang='lat' dir='ltr'>modo</span> <span class='ocrx_word' id='word_1_310' title='bbox 723 3837 844 3909; x_wconf 89' lang='lat' dir='ltr'>poterat</span> <span class='ocrx_word' id='word_1_311' title='bbox 873 3830 937 3909; x_wconf 88' lang='lat' dir='ltr'>ipsu</span> <span class='ocrx_word' id='word_1_312' title='bbox 966 3826 1023 3890; x_wconf 92' lang='lat' dir='ltr'>sibi</span> <span class='ocrx_word' id='word_1_313' title='bbox 1054 3848 1071 3890; x_wconf 85' lang='lat' dir='ltr'>c</span> <span class='ocrx_word' id='word_1_314' title='bbox 1101 3829 1200 3892; x_wconf 90' lang='lat' dir='ltr'>littera</span> <span class='ocrx_word' id='word_1_315' title='bbox 1228 3831 1373 3911; x_wconf 88' lang='lat' dir='ltr'>praeponi</span> <span class='ocrx_word' id='word_1_316' title='bbox 1407 3829 1462 3890; x_wconf 87' lang='lat' dir='ltr'>alia</span> 
     </span>
    </p>

    <p class='ocr_par' dir='ltr' id='par_1_11' title="bbox 93 3937 1519 4434">
     <span class='ocr_line' id='line_1_32' title="bbox 93 3937 1463 4019; baseline 0.001 -22"><span class='ocrx_word' id='word_1_317' title='bbox 93 3952 115 3988; x_wconf 84' lang='lat'>1⁰</span> <span class='ocrx_word' id='word_1_318' title='bbox 128 3939 216 4000; x_wconf 86' lang='lat' dir='ltr'>etiam</span> <span class='ocrx_word' id='word_1_319' title='bbox 246 3944 431 3999; x_wconf 87' lang='lat' dir='ltr'>consonante</span> <span class='ocrx_word' id='word_1_320' title='bbox 459 3939 490 3999; x_wconf 92' lang='lat' dir='ltr'>in</span> <span class='ocrx_word' id='word_1_321' title='bbox 520 3937 616 4018; x_wconf 89' lang='lat' dir='ltr'>prima</span> <span class='ocrx_word' id='word_1_322' title='bbox 646 3954 706 3998; x_wconf 91' lang='lat' dir='ltr'>non</span> <span class='ocrx_word' id='word_1_323' title='bbox 736 3939 896 4000; x_wconf 90' lang='lat' dir='ltr'>coniuncta</span> <span class='ocrx_word' id='word_1_324' title='bbox 926 3937 1045 4019; x_wconf 79' lang='lat' dir='ltr'>syllaba.</span> <span class='ocrx_word' id='word_1_325' title='bbox 1084 3955 1153 4001; x_wconf 91' lang='lat' dir='ltr'>cum</span> <span class='ocrx_word' id='word_1_326' title='bbox 1185 3947 1284 4000; x_wconf 79' lang='lat' dir='ltr'>tannen</span> <span class='ocrx_word' id='word_1_327' title='bbox 1309 3937 1463 4000; x_wconf 90' lang='lat' dir='ltr'>dissimilis</span> 
     </span>
     <span class='ocr_line' id='line_1_33' title="bbox 129 4043 1463 4129; baseline -0.001 -22"><span class='ocrx_word' id='word_1_328' title='bbox 129 4047 274 4108; x_wconf 87' lang='lat' dir='ltr'>contiuuo</span> <span class='ocrx_word' id='word_1_329' title='bbox 297 4043 398 4108; x_wconf 89' lang='lat' dir='ltr'>littera</span> <span class='ocrx_word' id='word_1_330' title='bbox 422 4046 513 4108; x_wconf 87' lang='lat' dir='ltr'>luerit</span> <span class='ocrx_word' id='word_1_331' title='bbox 538 4043 716 4128; x_wconf 88' lang='lat' dir='ltr'>subsecuta,</span> <span class='ocrx_word' id='word_1_332' title='bbox 739 4053 774 4108; x_wconf 97' lang='lat' dir='ltr'>ut</span> <span class='ocrx_word' id='word_1_333' title='bbox 792 4045 894 4109; x_wconf 80' lang='lat' dir='ltr'>vultus</span> <span class='ocrx_word' id='word_1_334' title='bbox 913 4046 1020 4129; x_wconf 73' lang='lat' dir='ltr'>vulgus</span> <span class='ocrx_word' id='word_1_335' title='bbox 1039 4047 1191 4110; x_wconf 87' lang='lat' dir='ltr'>Vulcanus</span> <span class='ocrx_word' id='word_1_336' title='bbox 1210 4059 1244 4109; x_wconf 91' lang='lat' dir='ltr'>ac</span> <span class='ocrx_word' id='word_1_337' title='bbox 1265 4046 1347 4129; x_wconf 87' lang='lat' dir='ltr'>talia,</span> <span class='ocrx_word' id='word_1_338' title='bbox 1371 4065 1463 4128; x_wconf 84' lang='lat' dir='ltr'>perv</span> 
     </span>
     <span class='ocr_line' id='line_1_34' title="bbox 128 4152 1519 4236; baseline 0.001 -21"><span class='ocrx_word' id='word_1_339' title='bbox 128 4153 299 4236; x_wconf 75' lang='lat' dir='ltr'>digammon</span> <span class='ocrx_word' id='word_1_340' title='bbox 328 4152 488 4216; x_wconf 86' lang='lat' dir='ltr'>scribetur.</span> <span class='ocrx_word' id='word_1_341' title='bbox 531 4169 600 4216; x_wconf 89' lang='lat' dir='ltr'>nam</span> <span class='ocrx_word' id='word_1_342' title='bbox 628 4154 654 4214; x_wconf 91' lang='lat' dir='ltr'>si</span> <span class='ocrx_word' id='word_1_343' title='bbox 681 4155 778 4234; x_wconf 89' lang='lat' dir='ltr'>prima</span> <span class='ocrx_word' id='word_1_344' title='bbox 808 4153 918 4234; x_wconf 77' lang='lat' dir='ltr'>syllaba</span> <span class='ocrx_word' id='word_1_345' title='bbox 953 4155 1071 4217; x_wconf 89' lang='lat' dir='ltr'>desinat</span> <span class='ocrx_word' id='word_1_346' title='bbox 1099 4157 1130 4218; x_wconf 91' lang='lat' dir='ltr'>iu</span> <span class='ocrx_word' id='word_1_347' title='bbox 1160 4162 1390 4236; x_wconf 88' lang='lat' dir='ltr'>consonantem,</span> <span class='ocrx_word' id='word_1_348' title='bbox 1426 4173 1464 4216; x_wconf 84' lang='lat' dir='ltr'>ex</span> <span class='ocrx_word' id='word_1_349' title='bbox 1514 4189 1519 4196; x_wconf 92' lang='lat'>·</span> 
     </span>
     <span class='ocr_line' id='line_1_35' title="bbox 129 4259 1462 4346; baseline -0.001 -21"><span class='ocrx_word' id='word_1_350' title='bbox 129 4281 186 4344; x_wconf 90' lang='lat' dir='ltr'>qua</span> <span class='ocrx_word' id='word_1_351' title='bbox 210 4264 302 4325; x_wconf 89' lang='lat' dir='ltr'>etiam</span> <span class='ocrx_word' id='word_1_352' title='bbox 326 4259 458 4324; x_wconf 74' lang='lat' dir='ltr'>secunda</span> <span class='ocrx_word' id='word_1_353' title='bbox 482 4263 620 4346; x_wconf 87' lang='lat' dir='ltr'>incipiat,</span> <span class='ocrx_word' id='word_1_354' title='bbox 643 4261 663 4324; x_wconf 96' lang='lat' dir='ltr'>b</span> <span class='ocrx_word' id='word_1_355' title='bbox 687 4271 800 4325; x_wconf 87' lang='lat' dir='ltr'>mutam</span> <span class='ocrx_word' id='word_1_356' title='bbox 826 4265 936 4345; x_wconf 89' lang='lat' dir='ltr'>repetit</span> <span class='ocrx_word' id='word_1_357' title='bbox 960 4265 990 4326; x_wconf 91' lang='lat' dir='ltr'>in</span> <span class='ocrx_word' id='word_1_358' title='bbox 1015 4265 1181 4345; x_wconf 90' lang='lat' dir='ltr'>scriptura,</span> <span class='ocrx_word' id='word_1_359' title='bbox 1206 4271 1241 4325; x_wconf 93' lang='lat' dir='ltr'>ut</span> <span class='ocrx_word' id='word_1_360' title='bbox 1263 4261 1358 4324; x_wconf 90' lang='lat' dir='ltr'>bucca</span> <span class='ocrx_word' id='word_1_361' title='bbox 1382 4261 1462 4324; x_wconf 91' lang='lat' dir='ltr'>bulla</span> 
     </span>
     <span class='ocr_line' id='line_1_36' title="bbox 129 4369 379 4434; baseline -0.008 0"><span class='ocrx_word' id='word_1_362' title='bbox 129 4379 159 4434; x_wconf 91' lang='lat' dir='ltr'>et</span> <span class='ocrx_word' id='word_1_363' title='bbox 182 4369 301 4434; x_wconf 89' lang='lat' dir='ltr'>similia.</span> <span class='ocrx_word' id='word_1_364' title='bbox 375 4407 379 4414; x_wconf 90' lang='lat'>·</span> 
     </span>
    </p>
   </div>
   <div class='ocr_carea' id='block_1_7' title="bbox 130 4485 348 4507">
    <p class='ocr_par' dir='ltr' id='par_1_12' title="bbox 130 4485 348 4507">
     <span class='ocr_line' id='line_1_37' title="bbox 130 4485 348 4507; baseline 0 -1"><span class='ocrx_word' id='word_1_365' title='bbox 130 4485 348 4507; x_wconf 64' lang='lat' dir='ltr'>——A-</span> 
     </span>
    </p>
   </div>
   <div class='ocr_carea' id='block_1_8' title="bbox 16 4543 1465 4928">
    <p class='ocr_par' dir='ltr' id='par_1_13' title="bbox 16 4543 1465 4928">
     <span class='ocr_line' id='line_1_38' title="bbox 219 4543 1465 4619; baseline 0 -17"><span class='ocrx_word' id='word_1_366' title='bbox 219 4552 236 4602; x_wconf 81' lang='lat' dir='ltr'>a</span> <span class='ocrx_word' id='word_1_367' title='bbox 256 4545 410 4604; x_wconf 74' lang='lat' dir='ltr'>observem</span> <span class='ocrx_word' id='word_1_368' title='bbox 428 4549 566 4618; x_wconf 80' lang='lat' dir='ltr'>puuctum</span> <span class='ocrx_word' id='word_1_369' title='bbox 584 4543 769 4618; x_wconf 86' lang='lat' dir='ltr'>principium,</span> <span class='ocrx_word' id='word_1_370' title='bbox 787 4547 835 4602; x_wconf 84' lang='lat' dir='ltr'>sed</span> <span class='ocrx_word' id='word_1_371' title='bbox 853 4548 993 4619; x_wconf 75' lang='lat' dir='ltr'>puuctum</span> <span class='ocrx_word' id='word_1_372' title='bbox 1010 4545 1149 4604; x_wconf 75' lang='lat' dir='ltr'>subducto</span> <span class='ocrx_word' id='word_1_373' title='bbox 1166 4543 1270 4601; x_wconf 81' lang='lat' dir='ltr'>lineola</span> <span class='ocrx_word' id='word_1_374' title='bbox 1282 4549 1410 4602; x_wconf 75' lang='lat' dir='ltr'>mictum</span> <span class='ocrx_word' id='word_1_375' title='bbox 1423 4546 1465 4614; x_wconf 86' lang='lat' dir='ltr'>N,</span> 
     </span>
     <span class='ocr_line' id='line_1_39' title="bbox 16 4625 1463 4700; baseline 0.003 -18"><span class='ocrx_word' id='word_1_376' title='bbox 16 4691 17 4696; x_wconf 7' lang='grc' dir='ltr'>ἵ</span> <span class='ocrx_word' id='word_1_377' title='bbox 131 4625 159 4682; x_wconf 90' lang='lat' dir='ltr'>in</span> <span class='ocrx_word' id='word_1_378' title='bbox 182 4626 325 4700; x_wconf 88' lang='lat' dir='ltr'>principio</span> <span class='ocrx_word' id='word_1_379' title='bbox 347 4626 471 4684; x_wconf 86' lang='lat' dir='ltr'>nominis</span> <span class='ocrx_word' id='word_1_380' title='bbox 494 4626 590 4700; x_wconf 80' lang='lat' dir='ltr'>posita</span> <span class='ocrx_word' id='word_1_381' title='bbox 613 4625 641 4682; x_wconf 93' lang='lat' dir='ltr'><strong><em>P</em></strong></span> <span class='ocrx_word' id='word_1_382' title='bbox 710 4632 727 4681; x_wconf 80' lang='grc'>4</span> <span class='ocrx_word' id='word_1_383' title='bbox 750 4627 784 4682; x_wconf 82' lang='lat' dir='ltr'>ui</span> <span class='ocrx_word' id='word_1_384' title='bbox 806 4631 871 4682; x_wconf 83' lang='lat' dir='ltr'>unte</span> <span class='ocrx_word' id='word_1_385' title='bbox 889 4627 1022 4684; x_wconf 79' lang='lat' dir='ltr'>voluutas</span> <span class='ocrx_word' id='word_1_386' title='bbox 1045 4643 1098 4684; x_wconf 81' lang='lat' dir='ltr'>orn.</span> <span class='ocrx_word' id='word_1_387' title='bbox 1116 4625 1155 4694; x_wconf 87' lang='lat' dir='ltr'>N,</span> <span class='ocrx_word' id='word_1_388' title='bbox 1180 4625 1245 4682; x_wconf 84' lang='lat' dir='ltr'>add.</span> <span class='ocrx_word' id='word_1_389' title='bbox 1271 4625 1300 4680; x_wconf 95' lang='lat' dir='ltr'><em>P</em></span> <span class='ocrx_word' id='word_1_390' title='bbox 1371 4630 1463 4686; x_wconf 85' lang='lat' dir='ltr'>vomis</span> 
     </span>
     <span class='ocr_line' id='line_1_40' title="bbox 131 4701 1463 4780; baseline 0.002 -17"><span class='ocrx_word' id='word_1_391' title='bbox 131 4711 159 4764; x_wconf 76' lang='lat' dir='ltr'>eh</span> <span class='ocrx_word' id='word_1_392' title='bbox 181 4711 281 4766; x_wconf 77' lang='lat' dir='ltr'>votum</span> <span class='ocrx_word' id='word_1_393' title='bbox 304 4707 381 4765; x_wconf 89' lang='lat' dir='ltr'>bono</span> <span class='ocrx_word' id='word_1_394' title='bbox 403 4708 603 4775; x_wconf 76' lang='lat' dir='ltr'>tantummodo</span> <span class='ocrx_word' id='word_1_395' title='bbox 622 4707 751 4780; x_wconf 84' lang='lat' dir='ltr'>regulam</span> <span class='ocrx_word' id='word_1_396' title='bbox 771 4711 921 4780; x_wconf 75' lang='lat' dir='ltr'>spernentia</span> <span class='ocrx_word' id='word_1_397' title='bbox 942 4709 971 4766; x_wconf 91' lang='lat' dir='ltr'><strong><em>P</em></strong></span> <span class='ocrx_word' id='word_1_398' title='bbox 991 4701 1083 4766; x_wconf 77' lang='lat' dir='ltr'>vomii</span> <span class='ocrx_word' id='word_1_399' title='bbox 1101 4710 1201 4763; x_wconf 82' lang='lat' dir='ltr'>votum</span> <span class='ocrx_word' id='word_1_400' title='bbox 1223 4707 1322 4779; x_wconf 46' lang='lat' dir='ltr'>bonon,</span> <span class='ocrx_word' id='word_1_401' title='bbox 1337 4711 1463 4766; x_wconf 76' lang='lat' dir='ltr'>lantum-</span> 
     </span>
     <span class='ocr_line' id='line_1_41' title="bbox 131 4787 1412 4862; baseline 0.001 -17"><span class='ocrx_word' id='word_1_402' title='bbox 131 4789 216 4846; x_wconf 89' lang='lat' dir='ltr'>modo</span> <span class='ocrx_word' id='word_1_403' title='bbox 239 4789 369 4862; x_wconf 59' lang='lat' dir='ltr'>remam</span> <span class='ocrx_word' id='word_1_404' title='bbox 385 4793 529 4861; x_wconf 79' lang='lat' dir='ltr'>,superant</span> <span class='ocrx_word' id='word_1_405' title='bbox 549 4789 585 4844; x_wconf 88' lang='lat' dir='ltr'><em>N</em></span> <span class='ocrx_word' id='word_1_406' title='bbox 669 4787 914 4860; x_wconf 79' lang='lat' dir='ltr'>opraodioterum</span> <span class='ocrx_word' id='word_1_407' title='bbox 934 4789 976 4846; x_wconf 87' lang='lat' dir='ltr'>nil</span> <span class='ocrx_word' id='word_1_408' title='bbox 993 4791 1028 4846; x_wconf 91' lang='grc' dir='ltr'><em>Ν</em></span> <span class='ocrx_word' id='word_1_409' title='bbox 1042 4787 1271 4861; x_wconf 84' lang='lat' dir='ltr'>praedicatorum</span> <span class='ocrx_word' id='word_1_410' title='bbox 1290 4788 1363 4846; x_wconf 87' lang='lat' dir='ltr'>nibil</span> <span class='ocrx_word' id='word_1_411' title='bbox 1384 4789 1412 4846; x_wconf 92' lang='lat' dir='ltr'><strong><em>P</em></strong></span> 
     </span>
     <span class='ocr_line' id='line_1_42' title="bbox 133 4869 1169 4928; baseline 0 -2"><span class='ocrx_word' id='word_1_412' title='bbox 133 4875 148 4926; x_wconf 82' lang='lat' dir='ltr'>t</span> <span class='ocrx_word' id='word_1_413' title='bbox 166 4871 187 4928; x_wconf 91' lang='lat' dir='ltr'>b</span> <span class='ocrx_word' id='word_1_414' title='bbox 205 4870 454 4928; x_wconf 79' lang='lat' dir='ltr'>mutum-babebit</span> <span class='ocrx_word' id='word_1_415' title='bbox 473 4869 503 4926; x_wconf 89' lang='lat' dir='ltr'><strong><em>P</em></strong></span> <span class='ocrx_word' id='word_1_416' title='bbox 519 4869 538 4928; x_wconf 95' lang='lat' dir='ltr'>b</span> <span class='ocrx_word' id='word_1_417' title='bbox 557 4871 666 4928; x_wconf 81' lang='lat' dir='ltr'>mutam</span> <span class='ocrx_word' id='word_1_418' title='bbox 684 4869 837 4928; x_wconf 82' lang='lat' dir='ltr'>habuerint</span> <span class='ocrx_word' id='word_1_419' title='bbox 854 4870 890 4928; x_wconf 82' lang='lat' dir='ltr'><em>N</em></span> <span class='ocrx_word' id='word_1_420' title='bbox 959 4879 1084 4928; x_wconf 71' lang='lat' dir='ltr'>eroon</span> <span class='ocrx_word' id='word_1_421' title='bbox 1102 4869 1169 4926; x_wconf 87' lang='lat' dir='ltr'>NP</span> 
     </span>
    </p>
   </div>
   <div class='ocr_carea' id='block_1_9' title="bbox 0 0 1814 5482">
    <p class='ocr_par' dir='ltr' id='par_1_14' title="bbox 0 0 1814 5482">
     <span class='ocr_line' id='line_1_43' title="bbox 0 0 1814 5482; baseline 0 0"><span class='ocrx_word' id='word_1_422' title='bbox 0 0 1814 5482; x_wconf 95' lang='lat' dir='ltr'> </span> 
     </span>
    </p>
   </div>
  </div>
 </body>
</html>
