3590 5486
609 369 658 426 nn
678 369 975 428 oaraoaanaam
1390 373 1456 438 2⁷7
1487 459 1493 470 ¹

118 480 141 520 p.
155 470 211 512 2282
226 471 252 512 Ρ.

212 554 355 638 inquilini
382 573 445 618 non
474 553 621 620 babentes
649 561 804 641 propriam
833 558 971 642 domum,
999 557 1053 622 sed
1086 558 1257 624 habitantes
1288 564 1320 624 iu
1349 561 1457 645 alieno,
1565 555 1569 563 ’

118 662 236 727 incolae
266 665 328 726 siro
353 663 485 730 advenae
514 667 619 748 utique
648 665 808 730 adventicii
836 665 1046 750 perhibentur,
1078 684 1156 748 quae
1185 677 1295 734 cuncta
1326 687 1363 732 ex
1394 688 1456 733 uno

118 791 244 856 graeco,
267 771 347 854 quod
367 781 415 836 est
432 765 610 859 πάροικος,
633 777 666 838 iu
686 777 781 838 sacris
804 775 914 838 litteris
934 776 1131 856 interpretata
1155 773 1310 840 habemus.
1347 797 1384 840 ex
1408 777 1456 841 his

118 881 296 944 derivantur
315 883 437 976 nomina
460 882 610 946 incolatus
630 890 661 946 et
683 882 891 966 inquilinatus.
930 883 1023 946 trahit
1046 892 1148 946 autem
1172 884 1353 969 inquilinus,
1377 889 1457 950 sicut

91 997 150 1052 aet
167 991 360 1074 peregrinus,
379 1009 620 1074 nonnumquam
639 1010 752 1055 nomeu
771 991 862 1056 datin
882 1009 980 1076 casus,
1000 1001 1034 1055 ut
1052 993 1241 1074 Augustinus
1259 992 1297 1057 de
1316 993 1456 1077 reprobis

118 1092 223 1162 ‘suut
245 1107 365 1162 autem
390 1107 426 1162 et
448 1101 522 1182 lpsi
544 1101 737 1183 peregrini
762 1109 797 1164 et
820 1099 997 1182 inquilini
1026 1119 1100 1165 nou
1123 1099 1209 1165 huic
1233 1111 1369 1186 terrae,
1393 1103 1455 1165 sed

116 1206 256 1290 populo
280 1201 366 1271 dei'.
1204 1279 1212 1292 ,

209 1314 369 1398 lmpouere
398 1325 446 1380 est
473 1334 539 1380 rem
569 1317 700 1400 aliquam
728 1319 791 1380 sire
820 1317 1009 1400 corporalem
1037 1338 1093 1384 seu
1120 1318 1340 1402 incorporalem
1365 1317 1452 1382 alteri

116 1427 163 1488 rei
193 1443 411 1507 superponere.
455 1424 508 1488 sed
533 1433 564 1489 et
590 1428 747 1509 imponere
771 1446 826 1509 pro
856 1426 992 1490 lraudem
1022 1428 1122 1492 lacere
1147 1427 1306 1510 aliquando
1335 1428 1456 1512 dicitur,

78 1550 103 1590 ιο
116 1533 198 1598 trude
226 1535 394 1617 impostura
423 1543 557 1616 vocatur,
585 1552 654 1597 oum
680 1542 839 1616 argentum
864 1533 911 1597 rel
939 1550 1047 1598 aurum
1071 1533 1168 1599 viliori
1196 1534 1315 1598 metallo
1339 1535 1453 1599 adulte·

116 1651 213 1718 ratur,
242 1648 273 1704 et
300 1645 353 1724 qul
381 1642 439 1706 hoc
467 1643 539 1706 lacit
566 1645 714 1726 impostor
742 1652 875 1706 vocatur.
913 1642 993 1707 unde
1023 1646 1114 1706 etiam
1141 1643 1230 1726 vulgo
1260 1645 1314 1725 qui
1341 1643 1452 1725 aliquid

117 1749 233 1814 lmudis
267 1750 338 1814 lacit
369 1760 421 1814 aut
454 1751 656 1815 simulationis
688 1755 837 1834 impostor
872 1751 949 1815 solet
982 1751 1139 1834 appellari:
1177 1750 1343 1834 Gregorius
1375 1769 1452 1835 papa

117 1853 259 1941 ‘coepit
290 1858 396 1923 illum
430 1860 687 1925 simulatorem
722 1869 756 1924 et
789 1860 901 1924 verbo
935 1863 1078 1924 rustico
1112 1863 1350 1942 impostorem
1382 1861 1455 1945 cla-

117 1962 239 2030 mare'.
267 1968 348 2031 uude
367 1967 461 2032 babes
480 1971 511 2031 iu
532 1987 617 2032 sacra
636 1971 788 2052 scriptura
807 1961 925 2054 (genes.
940 1967 992 2046 29,
1007 1963 1068 2052 25)
1087 1963 1221 2050 ‘quare
1240 1971 1455 2052 imposuisti

78 2069 229 2138 ramihi?
265 2093 383 2138 nonne
416 2095 482 2158 pro
511 2077 647 2140 Rachel
681 2079 819 2140 servivi
847 2071 959 2140 tibii'
998 2086 1029 2138 at
1062 2076 1094 2138 iu
1123 2094 1244 2165 regum,
1258 2071 1295 2160 (I
1318 2077 1370 2154 28,
1398 2073 1454 2163 12)

115 2177 246 2265 ‘quare
271 2186 486 2267 imposuisti
509 2182 617 2248 mihi?
641 2193 681 2248 tu
705 2203 743 2248 cs
768 2187 863 2248 enim
882 2171 1075 2265 Saul','hoc
1095 2191 1143 2246 est
1164 2178 1274 2265 ‘quara
1295 2204 1342 2248 me
1362 2187 1453 2248 simu·

115 2291 227 2355 latione
251 2291 392 2376 decipere
418 2303 449 2357 ct
471 2294 608 2358 fraudem
633 2295 732 2357 lacere
753 2287 912 2357 uoluistii'
937 2301 968 2356 et
985 2294 1173 2375 Augustinus
1198 2287 1250 2356 ‘et
1272 2292 1355 2356 ideo
1380 2293 1454 2357 sibi

115 2401 228 2462 miser
265 2402 440 2484 imponit:
478 2402 550 2465 sibi
586 2405 681 2466 euim
720 2400 886 2465 lraudem
925 2401 1015 2464 lacit
1047 2402 1108 2482 qui
1141 2400 1265 2483 pordit
1302 2401 1454 2465 meliora

114 2507 269 2572 amando
292 2505 444 2592 pelora'.
520 2565 524 2572 .

77 2634 102 2675 ro
209 2615 305 2700 large
329 2625 360 2682 et
383 2617 520 2701 largiter:
543 2618 639 2682 lullus
658 2619 813 2682 Modestus
833 2625 997 2699 utmmque
1022 2624 1106 2680 recte
1130 2615 1190 2680 dici
1214 2619 1269 2701 ait,
1293 2617 1346 2682 sed
1369 2618 1453 2701 large

113 2743 183 2788 esse
209 2724 376 2810 qualitatis,
397 2726 526 2809 largiter
548 2729 734 2809 quantitatis.

207 2831 402 2897 libidinosus
433 2853 449 2896 a
480 2833 604 2898 libidine
635 2854 691 2917 per
721 2833 756 2918 b,
792 2832 900 2896 lividus
931 2851 948 2894 a
977 2832 1072 2895 livore
1107 2851 1162 2914 per
1193 2851 1210 2896 u
1240 2833 1451 2914 proferendus.

114 2941 199 3004 larba
221 2960 278 3024 per
301 2940 333 3032 h.
434 2957 439 2970 ·

206 3048 359 3114 Luditloor
378 3051 505 3116 stultum
524 3059 555 3114 et
573 3050 693 3136 deludo,
716 3049 798 3133 quod
817 3052 899 3113 venit
918 3067 954 3112 es
975 3067 1035 3113 uno
1054 3068 1163 3132 gruem
1183 3046 1340 3136 ἐμπαίζω,
1363 3071 1449 3135 prae·

74 3177 100 3218 aa
115 3158 208 3220 terito
231 3159 367 3240 perlecto
391 3159 562 3224 luditicatus
586 3179 668 3244 sum3
691 3167 811 3223 vetares
834 3177 906 3222 aero
930 3157 1079 3222 ludificari
1103 3159 1254 3223 dixerunt.

206 3265 331 3332 Labium
355 3271 497 3352 superius
519 3269 640 3352 dicitur,
664 3267 782 3332 labrum
806 3268 949 3350 iniurius,
973 3278 1192 3331 nostrumnon
1216 3270 1275 3331 nisi
1299 3269 1379 3349 quod
1402 3271 1448 3332 in·

113 3395 243 3441 curvum
267 3386 322 3440 est
709 3453 714 3460 ¹

205 3483 313 3548 Latere
342 3496 373 3548 et
401 3485 581 3549 absconsum
610 3504 677 3548 osse
707 3485 819 3566 aliquid
848 3483 977 3547 dicimus
1007 3492 1038 3546 et
1064 3483 1124 3547 late
1153 3493 1270 3567 patere:
1300 3483 1450 3568 Vergilius

111 3587 204 3679 (Aen.
229 3589 388 3680 111237)
413 3589 466 3658 ‘et
489 3604 592 3658 scuta
615 3593 772 3657 latentia
796 3574 983 3656 condunt’.

72 3719 99 3760 ao
206 3701 306 3785 Lepus
326 3701 436 3766 animai
455 3712 516 3788 est,
539 3703 624 3786 lepos
642 3701 815 3766 iucunditas
839 3700 1016 3784 voluptatis,
1035 3699 1117 3764 uude
1141 3710 1172 3765 et
1194 3712 1314 3785 gratumr
1338 3704 1450 3788 aliquid

112 3805 248 3894 lepidum
271 3811 409 3874 dicimus.
855 3892 857 3898 Ι

203 3917 310 3983 Lim0n
333 3919 453 3984 aedium
477 3927 536 4005 est,
559 3919 646 3984 limes
671 3921 840 4002 regionum.

205 4101 219 4150 1
244 4093 294 4150 aad
316 4093 481 4150 habitantes
506 4095 545 4150 M
565 4093 699 4150 habitant
724 4092 781 4148 PL
868 4099 885 4148 2
910 4093 1065 4151 adventicii
1090 4125 1122 4136 -
1155 4097 1258 4151 cuncta
1280 4113 1331 4152 ons.
1350 4096 1377 4152 L

110 4181 127 4232 2
147 4169 330 4236 ΠὰΡΙΟΙΚΟ(
347 4175 375 4230 1.
392 4170 542 4235 l'lelKOC
562 4174 591 4230 P
672 4174 810 4231 hahemus
828 4173 1018 4247 interpretatu
1038 4175 1067 4230 P
1142 4175 1267 4247 taient]
1288 4175 1329 4230 sic
1350 4176 1378 4231 P

109 4263 127 4313 b
152 4273 257 4314 nomeu
281 4273 333 4314 ora.
353 4257 392 4312 M
463 4263 480 4313 2
503 4255 636 4327 inquilini
658 4254 725 4312 huic
750 4257 844 4312 terrae
864 4256 913 4311 sed
932 4272 989 4313 nou
1008 4256 1043 4312 do
1068 4256 1175 4328 populo
1195 4255 1241 4312 dai
1259 4255 1309 4315 Ls
1383 4263 1399 4313 9
1420 4261 1450 4315 et

109 4338 200 4396 aaa:
254 4337 319 4412 pro]
335 4355 420 4412 super
434 4338 464 4394 P
513 4344 547 4394 10
562 4336 733 4410 impostura]
748 4337 902 4408 inportuna
918 4337 947 4392 P
995 4336 1103 4409 uiliori]
1117 4335 1221 4393 uiolari
1234 4335 1264 4392 P
1312 4337 1448 4394 uetiam

108 4437 162 4478 orn.
184 4419 223 4474 M
295 4425 328 4475 12
348 4422 399 4476 uut
418 4436 470 4476 oua.
492 4420 520 4475 P
593 4426 626 4475 13
647 4420 742 4491 coepit
758 4417 1057 4475 illum'simulatoram
1077 4416 1170 4474 onnL
1245 4423 1279 4473 lb
1297 4433 1392 4474 uouue
1411 4451 1446 4463 -

108 4501 273 4574 imposuisti
290 4500 362 4557 mihi
380 4516 432 4556 orn.
453 4501 492 4556 M
554 4499 797 4557 struthion?
858 4499 1072 4556 insimulatione
1093 4498 1162 4554 ML
1227 4504 1261 4554 12
1280 4498 1403 4555 amanda
1423 4500 1451 4555 P

146 4589 182 4639 20
201 4581 470 4656 Lugaetlargitar
488 4581 538 4642 La
557 4582 682 4654 largest
702 4581 823 4654 largitus
845 4580 874 4636 P
890 4579 996 4652 largire
1011 4583 1041 4636 ot
1059 4580 1179 4652 largitor
1197 4581 1236 4637 M
1289 4581 1445 4657 Modestus]

108 4663 248 4720 molestus
268 4662 298 4719 P
368 4663 427 4721 dici
445 4664 489 4721 ait
507 4664 655 4721 Charisius
669 4680 701 4734 p.
721 4661 964 4730 101,1,dioitur
985 4662 1043 4718 PL
1061 4660 1132 4717 dicit
1151 4661 1187 4717 M
1260 4669 1293 4718 21
1314 4662 1446 4740 largiter]

108 4743 233 4817 ingiam
257 4744 285 4802 P
355 4751 390 4800 24
414 4744 534 4802 deludor
558 4741 658 4798 PML
732 4743 881 4798 ΕΝΙΤΕΖω
906 4744 945 4800 M
968 4741 1118 4799 ΕΤΠἸΕΖω
1142 4742 1170 4797 L
1194 4743 1334 4799 ΕΝΠΕΓω
1365 4744 1394 4800 P

109 4829 146 4880 22
170 4823 261 4898 quod]
286 4824 336 4896 qui
354 4825 384 4881 P
453 4829 488 4881 28
513 4824 622 4896 ahquid
642 4841 704 4880 esse
725 4822 754 4877 P
824 4829 860 4880 20
884 4823 973 4879 herus
992 4822 1099 4878 animal
1118 4826 1162 4880 ast
1186 4823 1261 4880 leros
1284 4825 1447 4884 iocunditas
1562 4829 1565 4836 ’

108 4903 270 4976 uoluptatis
291 4903 320 4960 P
390 4905 484 4979 lepor]
503 4903 584 4977 lepus
605 4905 644 4960 M
714 4905 849 4978 uoluptas
868 4907 917 4964 ὗς
991 4909 1024 4958 31
1045 4903 1172 4960 leredum
1191 4903 1221 4960 P
1284 4965 1290 4981 ,
1394 4929 1397 4937 ·
