3590 5486
343 344 408 411 194
894 345 1128 408 ciselobottn

340 456 362 496 p.
377 446 433 488 ssos
447 445 473 486 r.

340 539 493 614 tempore,
517 532 751 617 significatione,
774 533 821 596 rel
851 537 876 597 si
907 553 944 598 ex
968 534 1024 598 alia
1039 545 1137 626 ⁸parte
1166 535 1311 598 orationis
1339 533 1568 617 descenderint,
1599 553 1677 617 quae

338 638 534 704 observantes
553 643 668 718 minus,
693 651 727 705 ut
746 661 829 728 reor,
853 642 1031 707 errabimus.
1065 653 1160 707 restat
1178 661 1234 706 nos
1253 643 1291 706 de
1311 641 1330 705 b
1354 641 1467 728 littera,
1492 661 1570 726 quae
1595 645 1678 706 sirni-

338 747 408 812 llter'
427 751 457 812 in
477 748 577 813 verbis
597 752 688 813 etiam
706 753 873 834 invenitur,
897 762 1028 814 tractare
1051 751 1172 834 plenam
1193 755 1400 836 imponentes,
1423 761 1458 816 ut
1480 761 1570 835 puto,
1594 750 1677 814 labo·

337 859 381 920 ris
412 851 569 922 rationem.
616 876 685 922 nam
715 861 742 920 si
773 878 809 922 ex
840 863 962 924 nomine
992 859 1146 942 verboque
1176 862 1274 924 oratio
1307 861 1441 943 perlecto
1472 863 1678 945 componitur,

339 965 415 1028 bano
439 984 561 1048 quoque
584 977 702 1048 partem
725 975 757 1030 et
781 967 996 1032 immeditatem
1021 967 1193 1050 relinquere
1213 987 1273 1032 noo
1295 971 1503 1032 necessarlum
1527 978 1560 1034 et
1583 988 1703 1052 supras

338 1093 403 1138 eam
428 1073 565 1138 laborare
589 1093 811 1158 supervacuum
836 1075 945 1140 iudico.
989 1077 1027 1138 de
1056 1075 1112 1139 hac
1136 1079 1231 1158 igitur
1253 1088 1338 1160 parte
1363 1078 1499 1162 regulas,
1527 1087 1677 1160 quantum

336 1201 514 1269 possumus,
537 1183 671 1274 breviter
695 1183 892 1269 meditemur,
914 1186 1068 1249 indicativi
1092 1185 1172 1248 modi
1196 1187 1325 1268 primam
1348 1189 1547 1269 inspicientes
1571 1205 1676 1268 perso·

338 1311 421 1377 narn,
441 1292 525 1356 verbi
544 1294 661 1357 scilicet
680 1295 768 1356 actiui
788 1293 834 1356 rei
854 1297 944 1357 etiam
963 1297 1074 1358 neutri.
1106 1297 1285 1358 sicutenim
1305 1299 1447 1379 activum,
1467 1299 1512 1359 sio
1531 1305 1563 1360 et
1580 1297 1676 1377 pessi·

337 1419 407 1464 vum
427 1401 592 1466 scribetur:
616 1421 684 1466 nam
703 1405 735 1466 in
755 1402 967 1467 communibus
992 1413 1023 1466 et
1046 1403 1269 1485 deponentibus
1293 1404 1406 1469 nullam
1429 1407 1565 1468 inuenire
1589 1406 1676 1486 potui

337 1513 554 1590 quaestionem.
588 1531 625 1574 ex
645 1511 722 1576 datis
742 1517 822 1578 enirn
842 1516 873 1576 in
893 1515 1015 1576 nornine
1035 1513 1148 1595 regulis
1167 1515 1415 1597 exponendisque
1435 1515 1466 1576 in
1484 1511 1577 1576 uerbo
1596 1530 1674 1594 quae
1691 1534 1715 1572 ιι

337 1619 538 1682 inveniuntur
557 1619 773 1684 iudicabuntur
797 1621 923 1685 lucilius.
961 1623 1076 1704 primae
1095 1631 1196 1684 autem
1221 1640 1368 1705 personae
1393 1621 1522 1684 similem
1546 1620 1675 1683 sormam

337 1735 502 1808 sequentes
531 1731 663 1791 retinere
694 1749 754 1793 non
782 1728 909 1793 dubium
938 1740 992 1793 est
1037 1739 1068 1793 et
1095 1732 1164 1814 quis
1189 1733 1288 1793 omnis
1310 1732 1408 1813 prima
1432 1728 1543 1813 syllaba
1568 1728 1675 1810 uerbo·

338 1853 422 1917 rum,
446 1837 477 1898 in
502 1837 714 1902 communibus
739 1848 791 1902 aut
813 1838 1035 1922 deponentibus
1060 1838 1157 1902 media
1181 1857 1303 1922 quoque
1326 1857 1382 1922 per
1406 1859 1424 1900 ι
1447 1837 1580 1902 ruralem
1607 1837 1675 1900 loco

334 1946 464 2026 positam
489 1949 684 2011 consonantis
708 1946 867 2031 scribitur,
890 1956 1018 2028 excepto
1042 1945 1156 2023 baiulo,
1187 1945 1281 2012 bullio
1304 1949 1395 2010 etiam
1420 1949 1502 2010 iuxta
1526 1963 1617 2027 quom
1642 1947 1673 2008 in

407 2124 424 2174 2
444 2119 601 2179 ennoimos
615 2120 707 2178 ABO
759 2122 851 2179 restet
865 2122 963 2178 utnon
980 2152 1015 2163 -
1033 2123 1189 2179 mactemus
1206 2121 1309 2178 Oorrs'c
1364 2127 1381 2178 e
1400 2121 1484 2194 puio]
1503 2123 1572 2193 pote
1590 2120 1619 2177 Β

335 2197 480 2257 laboribus
497 2200 598 2259 Carrio
653 2209 670 2259 o
685 2207 715 2260 et
728 2202 929 2261 inmeditntnm
944 2203 1104 2275 relinquere
1120 2203 1311 2262 necessarium
1324 2201 1355 2260 et
1368 2219 1455 2275 snprn
1464 2218 1528 2260 eom
1542 2202 1676 2258 laborare

333 2300 390 2339 non
404 2299 612 2355 superuacuum
625 2282 654 2339 Β
669 2287 699 2341 et
711 2284 911 2342 inmeditntnm
926 2283 1085 2356 relinquere
1098 2301 1156 2340 non
1169 2284 1362 2342 necessorinm
1374 2285 1404 2340 ei
1418 2301 1505 2356 supro
1514 2299 1579 2342 enm
1593 2281 1674 2339 labo·

335 2380 398 2421 rnre
414 2381 472 2420 non
486 2381 692 2436 superuacuum
707 2367 736 2421 A
752 2367 781 2422 el
794 2365 996 2423 inmediieism
1010 2365 1172 2438 relinquere
1181 2383 1239 2422 non
1248 2363 1442 2423 necessarium
1456 2367 1500 2422 esi
1513 2381 1600 2436 snper
1609 2379 1675 2420 esni

333 2444 465 2503 laborare
491 2462 700 2517 superuacuum
727 2445 752 2503 G
778 2451 808 2505 et
833 2447 1043 2505 immeditatem
1069 2446 1230 2519 relinquere
1255 2465 1312 2505 non
1338 2446 1530 2504 necessarium
1556 2448 1614 2514 est,
1644 2447 1675 2500 et

334 2543 420 2598 snper
438 2543 474 2584 es
491 2526 575 2583 rnlde
595 2526 726 2584 leborsre
746 2545 954 2603 superuncnnm
974 2527 1074 2585 Carrio
1140 2533 1157 2584 6
1178 2527 1306 2602 regnier]
1325 2526 1517 2595 terminio,
1536 2543 1587 2583 οιιι.
1607 2526 1637 2581 A

282 2673 288 2686 .
335 2613 370 2663 10
385 2607 614 2680 exponendisque
629 2607 660 2664 in
673 2610 761 2667 uerbo
777 2628 850 2681 quoe
863 2611 894 2668 in
905 2611 993 2668 uerbo
1007 2609 1195 2668 inueniuntur
1207 2609 1236 2666 Β
1250 2609 1423 2682 exponendis
1436 2624 1511 2681 quse
1526 2606 1557 2663 in
1571 2607 1673 2663 nerbo-

336 2706 392 2761 qne
410 2689 595 2746 inueniuntur
612 2692 641 2745 A
652 2691 892 2765 exponendisque
909 2694 940 2750 in
958 2692 1054 2749 uerbis
1072 2691 1258 2748 inueniuntur
1278 2690 1302 2746 0
1374 2695 1408 2746 12
1428 2689 1547 2761 etquis
1565 2688 1672 2762 omnio]

334 2775 364 2828 et
382 2787 456 2843 quse
475 2770 572 2828 omnin
591 2771 682 2827 ABG
753 2775 783 2830 ei
806 2775 874 2844 qnia
892 2774 989 2831 omnin
1014 2773 1109 2846 prims
1128 2773 1239 2844 syllsbo
1258 2773 1409 2830 uerborum
1427 2771 1457 2827 in
1476 2769 1674 2828 communibus

333 2865 386 2918 ont
404 2860 611 2934 deponentibus
631 2861 763 2933 ueniunt,
782 2863 878 2920 medis
897 2881 1009 2936 quoque
1029 2864 1130 2921 Carrio
1200 2870 1234 2920 13
1254 2863 1316 2936 oui]
1336 2847 1373 2919 e't'
1387 2863 1414 2917 A
1433 2878 1467 2918 sc
1487 2861 1512 2916 0

798 3171 985 3231 nummu
1003 3171 1053 3229 DE
1074 3172 1096 3228 B
1114 3171 1164 3229 ΕΤ
1183 3171 1209 3228 V

337 3361 413 3424 quae
438 3342 578 3406 similiter
602 3345 633 3405 in
657 3340 758 3405 verbis
782 3345 872 3406 etiam
900 3345 1068 3426 invenitur,
1097 3351 1227 3405 tractare
1255 3340 1374 3424 plenam
1403 3344 1610 3424 imponentes,
1638 3352 1674 3404 ut

334 3460 422 3535 puto,
450 3451 545 3514 labori
576 3453 734 3515 rationem.
772 3471 840 3515 nam
869 3455 895 3515 si
920 3471 956 3515 er
981 3455 1101 3516 nomine
1126 3450 1279 3533 verboque
1304 3453 1401 3514 oratio
1430 3451 1565 3532 perlecta
1589 3465 1671 3511 com-

335 3563 471 3643 ponitur,
496 3560 574 3623 banc
598 3579 719 3643 quoque
744 3573 859 3643 partem
885 3571 916 3624 et
940 3560 1155 3624 immeditatem
1179 3559 1354 3640 relinquere
1378 3577 1438 3622 non
1462 3559 1671 3621 necessarium

335 3676 366 3731 et
390 3689 481 3752 supra
501 3688 567 3732 eam
591 3668 727 3732 laborare
748 3687 1006 3752 supervacaneum
1030 3668 1139 3731 iudico.
1177 3667 1215 3728 de
1239 3666 1295 3728 bec
1318 3668 1412 3748 igitur
1435 3675 1521 3749 parte
1541 3666 1672 3749 regulas,

335 3788 481 3861 quonium
500 3797 673 3863 possumus,
691 3778 824 3841 breviter
843 3778 1034 3859 meditemur,
1053 3777 1207 3838 indicativi
1226 3775 1307 3838 modi
1326 3779 1453 3858 primam
1473 3777 1670 3857 inspicientes
1686 3794 1699 3834 ι

334 3905 509 3970 personam,
537 3886 621 3949 verbi
650 3887 777 3950 scilicet·
793 3889 881 3948 activi
910 3885 956 3948 rel
985 3888 1074 3947 etiarn
1100 3886 1209 3947 neutri.
1247 3885 1432 3946 sicutenim
1456 3887 1672 3966 aelirum,sic

214 4063 216 4068 ,
335 4005 366 4061 et
389 3999 540 4080 passivum
565 3995 731 4058 scribetur:
763 4012 832 4056 narn
854 3997 887 4056 in
911 3992 1123 4057 communibus
1148 4001 1178 4055 et
1206 3992 1429 4074 deponentibus
1453 3991 1564 4056 nullom
1588 3997 1670 4056 inre·

336 4108 401 4169 urire
432 4108 518 4188 potui
547 4107 756 4186 quaestionem
786 4101 975 4184 [recipiens].
1014 4121 1050 4164 ex
1074 4102 1151 4165 datis
1176 4104 1256 4164 enim
1281 4103 1312 4163 in
1336 4103 1458 4163 nomine
1482 4101 1595 4182 regulis
1619 4121 1670 4165 ex-

335 4214 546 4297 ponendisque
566 4217 597 4276 in
616 4212 708 4275 serbo
729 4231 805 4293 quae
825 4213 1022 4274 inveniuntur
1040 4209 1255 4273 iudicabuntur
1274 4209 1400 4271 facilius.
1432 4211 1547 4290 primae
1567 4219 1670 4275 autem

334 4342 483 4406 personae
502 4323 629 4386 similem
650 4323 776 4386 formam
796 4328 959 4401 sequentes
983 4338 1129 4402 personas
1149 4321 1238 4382 otiam
1264 4315 1425 4399 [reliques]
1451 4319 1582 4380 retinere
1608 4339 1670 4382 uon
1687 4338 1714 4376 ro

335 4432 461 4496 dubium
480 4441 535 4495 est.
574 4441 604 4494 et
628 4433 697 4513 quia
722 4431 819 4493 omnis
834 4432 940 4512 prima
960 4428 1070 4510 syllaba
1090 4429 1266 4512 verborum,
1285 4429 1316 4488 in
1335 4425 1547 4490 communibus
1565 4437 1669 4492 autern

335 4551 366 4605 et
394 4540 616 4624 deponentibus
645 4539 743 4602 media
772 4558 894 4622 quoque
925 4557 980 4620 per
1008 4556 1025 4599 v
1056 4538 1188 4600 vocalem
1218 4537 1284 4600 loco
1315 4537 1443 4617 positam
1472 4541 1669 4601 consonantis

425 4743 441 4791 3
461 4739 573 4808 pentem
591 4733 801 4791 immeditstem
821 4732 980 4803 relinquere
1000 4749 1056 4788 non
1076 4730 1266 4788 necessarium
1287 4731 1330 4786 esi
1349 4747 1435 4801 super
1453 4747 1515 4786 eom
1537 4728 1670 4789 lnborere

281 4867 283 4872 .
335 4833 541 4889 superuacuum
556 4816 651 4874 iudico
672 4816 701 4873 P
772 4815 949 4886 8recipiens
967 4815 994 4869 P
1011 4813 1110 4885 Recipi
1126 4811 1163 4870 tin
1182 4813 1215 4868 N
1292 4811 1530 4869 sindicabnntnr
1547 4810 1616 4869 NP

306 4935 309 4940 ·
337 4906 370 4956 10
389 4901 541 4970 sequentes
559 4899 646 4955 etium
665 4897 788 4954 retinere
810 4895 838 4950 P
908 4903 939 4952 li
961 4898 1057 4951 nutem
1076 4913 1128 4954 orn.
1149 4895 1178 4951 P
