3602 5482
391 347 457 416 348
970 349 1132 410 svnscts

389 461 412 502 p.
426 451 460 494 ts.
474 453 502 496 ta
516 452 546 496 E.

389 545 425 600 ut
452 535 523 600 liuic
552 535 641 600 docto
670 536 759 601 docte
787 587 794 602 .
823 541 895 604 item
924 557 1001 623 quae
1028 543 1060 602 ln
1088 549 1136 604 ter
1164 548 1277 603 exeunt
1304 539 1341 602 ab
1370 558 1407 603 eo
1435 542 1557 604 nomine
1587 541 1717 621 veniunt

391 645 472 728 quod
495 649 526 709 in
551 646 650 711 dativo
673 648 705 710 ln
728 649 740 711 i
763 647 931 732 profertur,
954 655 990 711 ui
1012 647 1084 712 huic
1102 647 1173 731 agili
1192 647 1309 732 agillier
1328 697 1335 712 .
1355 666 1444 732 quant
1465 658 1566 713 tamen
1586 647 1718 731 requlam

390 753 568 836 frequenter
591 755 710 820 excedit
732 759 896 820 auctoritas
920 748 934 818 .’
951 773 1019 820 nam
1044 756 1189 840 quaedam
1214 764 1245 820 et
1267 759 1300 821 in
1323 756 1421 821 dativo
1445 777 1517 823 casu
1540 767 1718 842 permanent

390 871 422 925 et
444 882 485 926 ex
508 867 610 947 specie
634 884 690 930 sua
713 865 854 930 adverbia
877 866 1005 950 iaciunt,
1028 874 1064 930 ut
1077 864 1153 930 lalso
1167 865 1286 950 sedulo,
1302 866 1449 949 quaedam
1465 869 1718 949 contraveniunt,

389 979 424 1035 ut
447 971 518 1036 huic
542 972 633 1058 duro,
657 993 718 1039 non
742 974 832 1058 dure,
855 973 908 1038 sed
932 973 1059 1038 duriter.
1740 984 1749 1025 ⁵

294 1095 369 1148 totu
481 1081 639 1148 Adrerblis
657 1093 732 1166 quot
751 1081 914 1149 accidunt?
945 1083 1032 1168 Tua,
1050 1084 1243 1167 significatio,
1257 1064 1460 1169 'comparado,
1478 1087 1584 1168 ligura.
1624 1085 1716 1167 Signi·

389 1191 538 1256 ilcatlonls
566 1195 684 1276 species
712 1201 787 1276 quot
814 1189 909 1258 sunt?
950 1193 1074 1258 llultae:
1102 1203 1174 1258 sunt
1201 1195 1282 1257 enim
1311 1195 1457 1276 quaedam
1491 1197 1652 1278 temporis,
1686 1203 1717 1256 ut

388 1298 456 1363 herl
484 1319 582 1384 nuper
610 1301 784 1367 iamdudum
813 1302 911 1385 pridie
939 1301 1085 1385 postridie
1113 1301 1266 1365 interdum
1295 1303 1396 1364 statim
1430 1321 1511 1366 nunc
1544 1311 1620 1366 tunc
1649 1301 1716 1365 olim

387 1408 477 1472 hodie
502 1429 569 1474 cras
593 1411 737 1494 perendie
762 1421 793 1474 et
820 1419 952 1474 cetera.
977 1419 1049 1474 sunt
1076 1409 1132 1474 alla
1160 1409 1232 1492 loci,
1259 1427 1337 1492 quae
1365 1411 1488 1492 quidem
1516 1414 1548 1474 ln
1576 1421 1717 1494 quattuor

390 1521 507 1600 species
531 1519 721 1585 dlvlduntur:
749 1529 801 1584 aut
828 1523 860 1583 ln
887 1519 1002 1603 locum,
1031 1527 1065 1582 ut
1091 1518 1151 1582 huc
1179 1517 1265 1600 illuc3
1293 1521 1400 1581 autin
1424 1517 1504 1602 loco,
1533 1529 1568 1582 ut
1590 1519 1641 1582 liic
1664 1519 1715 1601 ibi3
1729 1531 1749 1568 ¹⁰

387 1635 440 1690 aut
469 1627 589 1706 eloco,
619 1637 655 1694 ut
682 1628 752 1693 ltine
776 1627 861 1709 inde3
889 1636 942 1692 aut
968 1647 1024 1711 per
1051 1627 1166 1712 locum,
1193 1635 1228 1690 ut
1255 1625 1312 1690 hac
1340 1624 1408 1689 illac
1437 1675 1444 1690 .
1472 1637 1545 1690 sunt
1573 1627 1716 1710 quaedam

388 1738 534 1818 temporis
553 1745 585 1801 et
602 1737 675 1823 loci,
694 1747 730 1803 ut
747 1737 894 1801 hactenns
912 1739 1066 1819 protinus,
1085 1735 1140 1799 alla
1160 1736 1294 1818 numeri,
1313 1743 1348 1797 ut
1366 1733 1459 1798 semel
1477 1734 1526 1798 lais
1545 1743 1593 1798 ter
1613 1743 1717 1818 quater

387 1842 489 1907 decies
513 1847 629 1910 centies
653 1846 765 1930 milies,
787 1845 843 1909 alia
868 1847 1019 1928 negantis,
1042 1852 1077 1907 ut
1100 1862 1161 1906 non
1185 1845 1308 1906 ndnime
1327 1861 1518 1926 nequaquam
1537 1843 1716 1926 nullatenus,

387 1951 444 2016 alia
471 1955 701 2040 interrogantis,
729 1965 764 2020 nt
792 1973 847 2019 cur
876 1954 1005 2038 quidita,
1037 1953 1095 2017 alie
1126 1953 1377 2037 demonstrantis,
1409 1961 1443 2016 ut
1476 1971 1515 2016 en
1544 1971 1631 2036 occe,
1662 1953 1716 2016 elia

387 2060 550 2147 hortantis,
583 2072 618 2127 ut
644 2066 704 2147 eia,
737 2062 793 2128 alia
821 2065 966 2146 optentis,
1003 2071 1037 2126 ut
1065 2065 1195 2146 utinam,
1222 2061 1279 2125 alia
1306 2063 1520 2138 existimantis,
1548 2069 1583 2126 ut
1614 2062 1715 2143 lerme,
1728 2074 1747 2115 1⁵

387 2169 443 2233 alia
466 2171 597 2255 ordinIs,
621 2183 655 2236 ut
679 2173 823 2256 deinceps
847 2170 956 2234 deinde
979 2180 1148 2256 posnemo,
1173 2171 1228 2236 alla
1249 2169 1468 2254 similitudinis,
1492 2179 1526 2236 nt
1549 2190 1607 2235 ceu
1632 2173 1714 2254 quasi

388 2277 496 2364 veluti,
516 2280 571 2344 alia
590 2279 771 2366 dubitantis,
789 2289 826 2344 ut
844 2281 985 2362 leuasse,
1009 2280 1064 2344 alia
1084 2283 1231 2364 vocantis,
1256 2288 1290 2344 ut
1308 2278 1397 2363 heus,
1421 2279 1477 2343 alia
1496 2281 1715 2364 respondentis,

306 2460 309 2467 ¹
386 2396 421 2452 ut
449 2388 522 2473 heu,
554 2389 611 2454 alia
638 2389 841 2474 prohibentis,
873 2397 908 2452 ut
940 2407 997 2473 ne,
1029 2389 1085 2453 elia
1114 2391 1410 2475 communicationis,
1445 2399 1479 2453 ut
1510 2392 1626 2472 pariter
1658 2409 1714 2452 una

386 2497 491 2583 simul,
521 2497 577 2560 alia
601 2501 814 2582 separationis,
842 2507 876 2562 ut
906 2516 1058 2584 seorsum,
1086 2499 1142 2562 alia
1170 2498 1392 2582 alternationis,
1419 2507 1455 2562 ut
1482 2501 1630 2583 vicissim,
1662 2497 1714 2561 alia

385 2609 634 2693 comparationis,
670 2619 706 2673 ut
737 2611 831 2690 magis
864 2610 979 2691 potius,
1015 2607 1072 2670 alia
1104 2615 1245 2692 eventus,
1277 2615 1313 2670 ut
1339 2609 1432 2692 lorte,
1464 2607 1520 2670 alia
1548 2609 1749 2691 adnuentis,²⁰

386 2724 420 2779 ut
452 2733 540 2798 vero,
579 2716 634 2781 alla
672 2719 747 2782 iuris
779 2716 917 2798 iurandi,
950 2726 984 2780 ut
1016 2716 1225 2781 mediusfidius
1262 2723 1399 2800 ecastor,
1441 2716 1496 2779 alia
1539 2717 1715 2800 personalia,

385 2832 421 2888 ut
457 2843 576 2889 mecum
614 2836 716 2891 tecum
748 2845 867 2910 secum,
908 2825 963 2888 alia
1000 2827 1183 2910 iterationis,
1221 2836 1256 2889 ut
1292 2828 1405 2890 iterum
1442 2844 1550 2890 rursus
1587 2829 1714 2909 saepius,

349 2943 352 2949 '
385 2933 442 2996 alia
471 2935 637 3019 qualitatis,
664 2946 699 2999 ut
727 2935 804 2999 bene
833 2933 925 3017 male,
952 2932 1008 2997 alia
1037 2937 1228 3017 quantitatis,
1257 2943 1293 2998 ut
1320 2937 1393 2998 satis
1422 2937 1549 2998 nimium
1578 2953 1714 3019 parum.

248 3023 251 3034 ¹
384 3051 457 3106 sunt
494 3053 525 3108 et
562 3043 703 3108 adverbia
734 3046 864 3128 infinita,
901 3053 936 3106 ut
969 3043 1021 3106 ubi
1054 3043 1188 3124 quando,
1225 3052 1298 3106 sunt
1329 3043 1428 3127 linita,
1465 3053 1500 3106 ut
1531 3043 1581 3109 hic
1620 3044 1713 3108 modo.

385 3152 603 3216 Aduerbiorum
627 3155 740 3236 figurae
763 3163 839 3236 quot
862 3149 958 3217 suot?
995 3149 1092 3235 linae,
1121 3150 1261 3236 simplex,
1290 3161 1324 3214 ut
1352 3154 1447 3235 iuste,
1475 3155 1656 3236 composita,
1683 3161 1747 3215 ulti

384 3263 505 3325 iniuste.
557 3261 719 3345 Recipiunt
756 3263 1011 3344 comparationem
1042 3255 1205 3322 adverbia?
1259 3257 1381 3344 Vtique,
1418 3269 1453 3322 ut
1489 3263 1568 3324 iuste
1606 3263 1713 3326 iustius

384 3369 550 3432 iustissime
571 3417 578 3432 .
598 3368 748 3432 adverbiis
772 3379 874 3432 autem
892 3369 1133 3451 praepositiones
1152 3367 1228 3431 adici
1249 3386 1318 3430 raro
1337 3378 1479 3452 possunt,
1503 3373 1640 3451 quamvis
1659 3371 1713 3432 hoc

384 3484 502 3540 veteres
531 3479 579 3540 nsi
612 3486 696 3554 sunt,
730 3487 764 3540 ut
792 3477 954 3541 Terentius
988 3479 1020 3538 in
1053 3475 1170 3559 Hecyra
1204 3471 1407 3559 ‘corripuit
1439 3478 1481 3540 de
1513 3475 1713 3562 repente’.

385 3595 509 3649 secutus
543 3595 574 3648 et
606 3585 781 3668 Lucretius,
819 3581 877 3648 ‘de
916 3579 1055 3648 subito’
1089 3635 1096 3647 .
1130 3585 1251 3668 quidam
1284 3588 1375 3648 etiarn
1409 3585 1482 3650 illud
1516 3589 1713 3670 constituunt,

384 3689 527 3758 ‘Siculo
552 3697 746 3779 prospexit
769 3693 809 3757 ab
834 3713 951 3776 usque
975 3689 1197 3776 Pachyno’.l
1724 3707 1746 3747 ³⁰

876 3888 937 3956 Dii
960 3887 1215 3958 PARTIOIPIO

474 4013 671 4095 Participium
691 4031 784 4095 quare
803 4012 918 4075 dietum
938 4008 1006 4075 est?
1042 4011 1237 4095 Participium
1259 4023 1396 4078 vocatum
1416 4025 1475 4100 est,
1497 4015 1578 4098 quod
1597 4027 1711 4099 partem

455 4171 631 4242 tquaedam
652 4172 682 4225 et
700 4171 731 4227 et
748 4167 778 4224 in
798 4168 938 4225 deiiuoB
1011 4174 1082 4224 tex
1095 4184 1147 4225 ost.
1161 4169 1230 4225 ΒΜ
1302 4163 1627 4243 epridieomssBffldcl.
1643 4173 1682 4228 Μ

383 4251 540 4332 iquidem]
556 4251 679 4322 quadam
689 4267 759 4307 corr.
771 4249 922 4321 quidsmB
988 4255 1022 4306 ts
1032 4250 1222 4307 existimantis
1233 4251 1271 4306 M
1281 4253 1481 4310 extimantisB
1496 4254 1675 4330 mutantis
1689 4251 1714 4306 V

421 4339 454 4389 tr
473 4333 554 4407 heus]
584 4350 633 4390 eus
661 4331 690 4389 Β
775 4337 807 4389 18
831 4331 899 4404 hen]
924 4347 960 4387 eu
982 4332 1011 4386 Β
1095 4338 1129 4388 19
1148 4349 1273 4390 seorsum
1299 4334 1506 4391 alitesnationis
1524 4333 1553 4389 Β
1572 4377 1578 4389 .
1598 4336 1663 4392 item
1681 4337 1710 4391 ias

381 4413 497 4485 reliquie
514 4415 572 4471 alin
590 4430 641 4470 ottt.
661 4412 690 4468 Β
763 4419 796 4469 li
817 4415 929 4471 oculor
954 4411 980 4467 V
996 4417 1089 4470 castor
1106 4415 1135 4470 Β
1209 4422 1243 4473 22
1263 4416 1368 4474 iterum
1386 4413 1425 4470 M
1439 4415 1509 4472 item
1527 4415 1557 4470 Β
1630 4423 1664 4474 28
1683 4417 1710 4474 in

382 4495 478 4552 hecha
495 4497 524 4551 B
543 4517 552 4550 :
573 4499 636 4551 lieo.
657 4494 744 4549 IIII
760 4499 806 4562 1,3
879 4494 1400 4569 sesamum]11aes.1116sa
1473 4496 1709 4567 quedemBrcs.

383 4575 619 4647 Prol.p.155,8
692 4582 727 4633 80
747 4575 837 4634 siculo
856 4575 895 4630 Μ
909 4576 976 4633 scl'o
996 4576 1031 4648 (lt.
1051 4594 1072 4633 e.
1093 4579 1200 4650 seculo)
1219 4579 1275 4635 B:
1300 4577 1378 4650 Verp.
1398 4576 1469 4633 dos.
1495 4576 1563 4632 VII
1579 4581 1640 4634 289

383 4663 417 4712 81
437 4657 487 4713 Du
506 4657 719 4715 PARTICIPIO
739 4675 790 4715 om.
810 4657 846 4712 Β.
883 4656 1032 4729 Participii
1051 4660 1152 4730 regula
1170 4659 1320 4732 praeteriti
1337 4658 1473 4730 temporis
1491 4658 1598 4729 triplex
1611 4665 1664 4732 esi,
1682 4661 1710 4716 in

381 4741 442 4808 ins,
471 4743 504 4795 ul
529 4740 621 4797 lectus
645 4740 779 4811 scriptus,
807 4740 837 4795 in
857 4756 918 4807 sus,
944 4743 977 4796 us
995 4739 1118 4811 occisus,
1146 4740 1176 4797 in
1204 4759 1256 4796 xus
1279 4744 1312 4796 ui
1335 4739 1492 4795 crucifixus.
1525 4741 1710 4810 praesensio

381 4821 576 4890 casualem,
602 4823 635 4878 ul
654 4839 751 4878 amens
770 4821 874 4878 dicens.
908 4819 997 4876 futuri
1017 4821 1152 4894 temporis
1182 4822 1277 4878 aetina
1303 4820 1511 4892 significatione
1537 4819 1568 4876 in
1595 4839 1652 4896 rus,
1679 4825 1710 4881 ut

381 4901 515 4974 lecturos,
533 4903 649 4975 pucina
667 4903 697 4960 in
716 4903 780 4976 dus,
800 4907 832 4961 ni
851 4903 988 4975 legendus
1008 4902 1047 4957 M
