3610 5482
281 301 302 370 6
557 249 563 258 ⁶
781 297 962 358 uantum
981 297 1117 358 scaviu

282 497 348 554 arat
365 507 427 554 non
447 486 620 572 apparebat,
639 487 741 552 addita
760 496 831 552 nota
849 507 913 553 raa.
936 487 1074 554 lndIcari
1098 490 1248 552 minorem
1266 487 1461 572 diligentiam·
1477 491 1615 572 require·

208 605 211 613 '
280 599 333 664 bat
355 597 509 662 Palatinus
532 595 641 682 codex,
669 600 701 662 lu
732 616 792 680 quo
817 616 852 662 ιι
876 616 952 680 quae
977 598 1014 662 ad
1038 597 1284 682 orthographiam
1308 597 1525 662 vocabulorum
1546 617 1615 683 per-

281 710 379 772 tinent
410 706 589 791 plerumque
613 707 712 770 omitti
729 713 880 789 poterant
909 707 1059 770 rationem
1076 715 1177 770 autem
1197 705 1328 772 duorum
1347 705 1496 772 librorum
1514 709 1616 773 inveni

230 835 231 840 ’
281 835 349 882 esee
377 815 468 902 hanc,
497 825 531 879 ut
558 833 595 878 ex
624 833 685 878 uno
714 824 817 878 vetere
845 814 982 897 exemplo
1006 814 1116 880 litteris
1139 815 1378 898 anglosaxoniois
1402 815 1449 879 vel
1472 820 1616 900 scotticis,

282 934 318 990 ut
340 924 474 1007 ridetur,
503 925 633 1007 scripto,
661 940 722 1004 quo
751 921 816 986 solo
840 921 947 986 Scauri
975 921 1054 988 liber
1077 926 1239 988 memoriae
1262 924 1402 1007 proditus
1424 935 1504 1010 erat,
1531 926 1616 989 ducti

282 1036 351 1098 siut
384 1031 465 1115 quod
489 1032 660 1114 exemplum
685 1020 754 1095 cuni
778 1033 810 1095 in
834 1033 949 1116 optimo
972 1029 1076 1096 codiee
1100 1031 1249 1096 herdensi
1272 1041 1413 1097 accurate
1437 1052 1615 1116 expressum

282 1144 336 1226 sit,
364 1141 575 1224 neglegentius
604 1150 636 1204 et
663 1139 767 1204 multis
792 1141 872 1204 vitiis
901 1151 1024 1204 auctum
1051 1143 1084 1206 in
1107 1141 1255 1226 Palatino,
1285 1146 1424 1225 sequitur
1451 1152 1488 1206 ut
1509 1145 1541 1206 ln
1564 1143 1616 1206 illo

282 1252 381 1315 omnis
412 1250 476 1313 iere
509 1251 678 1332 scripturae
709 1251 874 1322 auctoritas
905 1250 1033 1333 nitatur,
1065 1252 1170 1332 paucis
1201 1249 1289 1335 loeis,
1321 1253 1353 1314 in
1384 1250 1495 1334 qaalbus
1525 1252 1615 1316 verba

282 1358 431 1442 quaedam
450 1358 496 1421 rel
519 1361 629 1422 omhsa
654 1357 700 1420 vel
722 1357 933 1440 neglegentius
956 1337 1107 1439 descripta
1132 1367 1227 1442 erant,
1251 1361 1317 1422 eius
1341 1357 1416 1422 fides
1439 1360 1617 1442 suppleatur

281 1465 417 1530 Palatino
441 1463 596 1548 codice.*)
620 1465 708 1548 longa
732 1467 860 1529 maxima
884 1474 985 1528 tamen
1007 1483 1079 1548 pars
1099 1468 1250 1556 vitiorum,
1274 1467 1384 1550 quibus
1409 1467 1516 1532 Scauri
1539 1469 1617 1532 liber

282 1579 314 1639 in
338 1576 492 1639 communi
515 1573 678 1658 archetypo
702 1575 878 1657 gravissime
903 1582 1067 1656 corruptus
1087 1585 1161 1658 erat,
1185 1593 1222 1638 ex
1245 1575 1297 1639 illo
1321 1577 1359 1638 ad
1382 1585 1547 1658 utrumque
1567 1597 1617 1641 co·

281 1685 381 1750 dleem
394 1691 571 1768 propagata
601 1693 657 1747 est.
699 1701 736 1746 ex
765 1665 873 1746 eodem
904 1691 1007 1768 vetere
1037 1681 1173 1765 exemplo
1203 1683 1336 1748 derivata
1364 1694 1436 1748 suat
1465 1694 1618 1770 excerpta,

283 1812 360 1877 quae
389 1813 425 1857 ex
457 1794 544 1857 initio
580 1791 664 1876 libri,
694 1791 775 1884 quod
806 1799 871 1854 tum
902 1809 1039 1875 quoque,
1062 1809 1138 1866 ,cum
1168 1790 1218 1854 illa
1251 1789 1525 1877 componebantur,
1558 1797 1618 1857 iam
1732 1785 1739 1796 '

284 1900 455 1966 mutilatum
479 1909 554 1982 erat,
576 1899 728 1982 descripta
752 1909 783 1963 et
805 1908 950 1982 quattuor
973 1897 1130 1962 codicibus
1152 1911 1317 1983 propagata
1340 1911 1421 1966 suut
1454 1921 1491 1966 cx
1510 1902 1558 1966 his
1582 1923 1617 1966 ea

283 2029 360 2092 quae
384 2010 529 2072 memoria
553 2007 643 2090 digna
666 2025 734 2070 esse
758 2007 937 2070 videbantur
960 2007 1116 2089 adscripsi
1148 2012 1443 2093 manuscriptorum
1467 2009 1617 2075 librorum

215 2187 222 2193 ,
282 2117 465 2183 lectionibus
496 2116 597 2181 addidi
630 2115 864 2198 discrepantiam
893 2117 1040 2198 principis
1074 2115 1234 2200 editionis,
1266 2137 1395 2200 quacum
1425 2118 1618 2204 Putschiana,

283 2229 364 2292 sieut
386 2226 456 2311 dixi,
479 2225 659 2309 plerumque
683 2225 844 2308 consentit,
867 2241 1006 2307 eamque·
1019 2225 1250 2308 discrepantiam
1275 2229 1370 2310 ipsam
1395 2246 1516 2308 quoque
1541 2230 1616 2292 inte·

284 2353 370 2418 pam
393 2333 524 2418 exhibui,
548 2342 582 2397 ut
606 2341 768 2416 constaret,
793 2350 884 2414 quem
908 2333 944 2395 ad
969 2333 1091 2396 modum
1116 2333 1207 2396 rerba
1231 2337 1418 2417 grammatici
1442 2335 1513 2398 olim
1537 2336 1617 2400 edita

284 2443 422 2507 fussent
459 2461 529 2506 nam
558 2441 595 2505 ad
618 2441 860 2505 constituendam
890 2441 1052 2504 lectionem
1082 2443 1231 2524 impresso
1262 2443 1400 2525 exemplo
1433 2443 1522 2508 fldem
1556 2463 1616 2508 non
1688 2527 1692 2534 Ι

285 2551 393 2637 tribui,
423 2550 477 2614 sed
505 2568 582 2632 quae
606 2552 721 2613 rectius
748 2552 780 2612 in
810 2567 846 2612 eo
870 2566 961 2631 quam
988 2551 1020 2611 in
1042 2549 1178 2614 Palatino
1207 2551 1310 2614 codice
1338 2552 1481 2634 leguntur
1505 2571 1521 2614 ι
1546 2572 1617 2616 con·

284 2664 401 2726 iectura
419 2662 521 2743 potius
542 2657 680 2722 Siehardi
699 2676 788 2740 quam
807 2676 844 2720 er
867 2657 993 2720 meliore
1017 2659 1121 2722 codice
1144 2660 1310 2743 repetenda
1333 2670 1414 2745 sunt,
1438 2672 1490 2725 aut
1513 2666 1617 2746 siquae

210 2814 215 2823 ·
254 2827 258 2834 ,
285 2769 363 2833 sorte
398 2767 430 2832 ln
458 2769 506 2831 his
535 2784 612 2850 quae
636 2766 801 2830 Sichardus
825 2768 958 2828 correxit
982 2768 1047 2829 slne
1072 2767 1129 2830 alio
1153 2769 1257 2833 codice
1282 2788 1342 2832 non
1366 2769 1550 2836 videbuntur
1573 2774 1618 2834 in·

373 2961 401 3032 'i
420 2960 464 3017 Ex
482 2960 517 3018 iis
536 2977 611 3032 qnae
630 2959 755 3017 Palatini
774 2957 879 3015 codicis
899 2957 1072 3015 anctoritate
1091 2960 1186 3031 recepi
1206 2961 1348 3032 quaedam
1363 2980 1430 3020 rane
1449 2963 1492 3020 ita
1505 2980 1619 3036 compa·

285 3044 350 3106 ruta
367 3044 446 3108 eunt,
465 3043 499 3097 ut
516 3041 601 3098 iaeile
616 3041 778 3098 coniectura
796 3039 919 3096 inveniri
935 3039 1091 3110 potuerint
1120 3045 1187 3099 sunt
1205 3042 1293 3099 etiarn
1312 3044 1348 3100 de
1367 3043 1469 3114 quibua
1489 3044 1619 3102 dubitem

285 3139 355 3180 num
379 3122 485 3180 codicia
508 3123 648 3196 scriptura
670 3126 746 3178 aeota
769 3121 897 3178 indicata
919 3120 964 3176 rit
1002 3119 1163 3178 adscribam
1186 3123 1283 3180 maren
1306 3139 1399 3194 penca
1423 3123 1484 3181 eim
1507 3125 1619 3197 generis

285 3203 425 3276 exempla
462 3221 489 3276 p.
505 3209 576 3260 tato
594 3221 673 3276 quem
690 3219 781 3259 ιιιιιιι
798 3219 849 3258 moe
866 3201 966 3258 ledum
984 3201 1103 3258 dicimus
1120 3201 1144 3257 P
1163 3219 1228 3258 cum
1246 3205 1400 3276 excerptim
1419 3223 1496 3262 ιιιιιιι
1514 3223 1570 3262 om.
1583 3205 1617 3264 B.

284 3305 312 3358 p.
331 3291 402 3342 eata
422 3290 455 3340 ιιι
468 3281 535 3342 'cum
552 3287 585 3340 ιἰι
603 3285 688 3342 uerbo
705 3285 796 3340 maio
814 3301 828 3340 ι
847 3284 968 3340 litteram
982 3283 1078 3353 priori
1096 3281 1258 3354 'syllabae
1275 3285 1432 3356 iuiuapuut
1451 3287 1481 3358 P,
1505 3293 1537 3344 ut
1556 3304 1618 3343 cum

284 3369 317 3422 ιἰι
334 3367 529 3438 ιιιιὸοιιιιιίο
547 3383 561 3423 ι
580 3367 688 3422 litterae
706 3369 789 3438 (corr.
805 3367 925 3422 litteram
943 3363 973 3432 h)
989 3364 1085 3434 priori
1102 3365 1227 3436 iuaquat
1245 3365 1282 3422 B:
1299 3369 1394 3437 priori
1411 3369 1535 3440 syllabae
1553 3371 1617 3423 ιἰιιι-

284 3454 356 3524 qumi
373 3447 532 3506 defendunt
549 3449 690 3518 excerpta
727 3467 754 3519 p.
774 3453 846 3505 aeta
870 3453 902 3502 ut
919 3446 976 3514 fet
994 3445 1013 3500 lt
1031 3442 1063 3514 P,
1088 3451 1120 3500 ut
1137 3447 1204 3504 haee
1221 3447 1252 3504 B.
1282 3447 1321 3504 ib.
1340 3449 1374 3504 K
1389 3451 1504 3520 quidam
1522 3465 1617 3520 euper-

285 3547 407 3588 uacuom
425 3545 480 3586 ιιιι
497 3527 698 3593 iudicauemmt
716 3528 748 3597 Β,
768 3529 883 3600 quidam
900 3541 1105 3596 cuperuacuum
1125 3544 1180 3583 esee
1198 3529 1353 3586 litteram
1371 3531 1572 3586 iudicauerunt
1585 3531 1616 3586 P.

284 3631 314 3685 p.
334 3616 404 3668 atta
423 3609 495 3666 mah
513 3610 628 3680 quidam
642 3627 695 3680 per
713 3627 729 3667 ι
747 3611 778 3680 P,
797 3611 899 3666 multae
917 3609 1026 3680 quidem
1041 3625 1094 3678 per
1112 3624 1127 3664 c
1147 3609 1176 3663 B.
1206 3609 1244 3666 ib.
1264 3613 1327 3683 quie
1345 3613 1418 3668 euim
1441 3612 1494 3668 uei
1517 3611 1618 3669 ltebeiia

285 3695 390 3751 animia
412 3690 746 3748 ammiaeoaimriitudiuem
767 3694 870 3748 sentire
891 3707 950 3746 mom
969 3690 1067 3760 poerit.
1104 3707 1121 3759 q
1144 3689 1237 3745 littera
1260 3709 1344 3762 aequae
1367 3699 1501 3749 retemta
1525 3700 1564 3748 eat
1585 3693 1618 3760 P,

158 3810 167 3836 ι
287 3785 351 3856 quie
369 3784 442 3844 ιιιιιιι
460 3781 561 3836 hebetia
579 3781 670 3836 autimi
687 3797 818 3837 ιοιιοιιιιιι
836 3781 1049 3838 similitudimem
1066 3779 1168 3835 sentire
1186 3797 1244 3835 nou
1257 3785 1357 3851 possit.
1386 3802 1403 3856 q
1421 3785 1516 3839 littera
1534 3800 1619 3854 aeque

286 3865 445 3936 quaerenda
463 3867 502 3918 eet
521 3861 552 3918 B.
580 3863 619 3918 ib.
639 3863 713 3934 quod
730 3865 837 3919 auxilii
855 3865 915 3918 eiua
933 3862 1041 3926 litterae
1059 3876 1126 3914 ιιοιι
1144 3862 1288 3932 imdipehat
1306 3863 1338 3932 P,
1357 3882 1411 3935 quo
1430 3867 1540 3922 auritio
1558 3867 1619 3921 eiua

286 3948 396 4004 litterae
414 3943 558 4016 taatqetat
576 3943 606 4000 B.
636 3963 663 4016 p.
683 3950 753 4001 tear
773 3947 820 4002 aad
842 3945 935 4001 illud
953 3943 1040 3998 secuti
1063 3943 1196 3998 uidentur
1214 3942 1252 3999 P:
1272 3947 1345 4001 ettad
1363 3964 1418 4004 onr.
1439 3947 1468 4002 B.
1499 3964 1527 4018 p.
1546 3951 1617 4002 2259

285 4028 364 4084 adice
381 4026 469 4098 quod
487 4040 636 4081 ιιιιιιιιιιιιιι
655 4032 817 4097 corruptum
834 4027 873 4082 ait
891 4025 922 4096 P,
941 4026 1017 4081 adite
1035 4023 1175 4078 mammae
1193 4029 1484 4097 corrumpium'(corr.
1504 4042 1618 4096 corrup-

286 4109 355 4179 tum)
373 4108 412 4164 eit
431 4107 461 4164 B.
490 4123 518 4178 p.
534 4110 605 4162 titio
624 4123 703 4163 merito
722 4113 832 4164 autem
850 4122 1002 4178 numquam
1021 4109 1088 4160 tam
1106 4103 1211 4160 ιἰιιιιιιι
1225 4123 1278 4175 per
1292 4125 1313 4162 ιι
1331 4108 1449 4184 artubuq
1467 4108 1573 4164 dicerit
1586 4107 1617 4174 P,

286 4205 365 4246 nemo
383 4207 402 4262 u
420 4205 573 4261 mumqtram
592 4195 683 4246 ιιιιιιιι
701 4189 806 4246 insuite
822 4205 874 4260 per
887 4206 908 4244 u
922 4187 1041 4243 artatae
1059 4186 1164 4241 dt'aterit
1180 4185 1211 4243 B.
1240 4186 1278 4242 ib.
1293 4188 1454 4260 quoniam
1469 4203 1532 4258 pro
1550 4187 1618 4242 iila

223 4293 229 4304 ·
285 4288 307 4326 u
329 4271 434 4326 cederet
457 4271 493 4340 P,
516 4287 568 4343 que
591 4273 673 4340 (corr.
697 4275 765 4342 qua)
788 4287 842 4342 pro
866 4275 950 4325 autea
972 4286 992 4323 ιι
1017 4267 1120 4322 cederet
1143 4267 1173 4321 B.
1210 4267 1250 4326 ib.
1273 4271 1306 4326 ιἰι
1328 4271 1427 4327 creden
1449 4269 1501 4324 ltac
1525 4267 1618 4323 littera

222 4413 224 4416 ,
287 4353 440 4406 ιιιιιιιιιιιι
463 4354 596 4408 utimur
615 4350 647 4421 P,
670 4353 703 4406 im
726 4353 825 4408 maden
847 4352 900 4406 hac
922 4351 1016 4406 littera
1039 4348 1184 4418 taupimur
1205 4349 1408 4406 memoriali.
1436 4349 1474 4406 ib.
1495 4349 1618 4420 liquidae

286 4437 397 4487 autem
415 4438 482 4487 eunt
500 4438 621 4503 quatum
642 4433 678 4500 P,
696 4432 821 4504 liquidae
838 4438 905 4488 aunt
924 4431 1009 4487 IIII
1026 4429 1058 4486 B.
1078 4446 1104 4501 p.
1125 4435 1194 4486 2261
1216 4447 1278 4487 cum
1297 4432 1402 4504 alioqui
1425 4431 1542 4487 dubium
1559 4447 1618 4485 ιιοιι

285 4513 324 4568 ait
342 4515 430 4583 quia
445 4529 497 4583 per
512 4530 538 4568 m
551 4514 699 4570 ecribmrda
711 4515 749 4569 eit
768 4513 799 4583 P,
818 4529 880 4570 mem
894 4514 1002 4586 aiioqui
1020 4513 1137 4569 dubium
1150 4529 1208 4568 mom
1221 4513 1259 4568 eit
1275 4530 1337 4570 cum
1353 4530 1404 4584 per
1417 4529 1458 4568 ιιιι
1471 4511 1618 4568 combaudo

285 4594 324 4649 ait
342 4591 378 4650 Β.
407 4592 444 4648 ih.
464 4598 491 4648 et
512 4595 644 4665 quoniam
664 4611 727 4664 per
741 4613 764 4666 p
782 4599 808 4649 et
825 4611 839 4650 s
858 4611 890 4650 ea
908 4596 1069 4652 uerebantur
1087 4593 1123 4649 Pe
1140 4612 1192 4666 per
1210 4610 1267 4654 om.
1285 4594 1316 4651 Β.
1346 4595 1384 4652 ib.
1403 4595 1507 4665 hiemps
1525 4599 1617 4650 autem

238 4675 243 4682 '
286 4679 414 4730 miram
433 4674 533 4728 harum
551 4668 724 4746 tyllabarum
742 4677 900 4746 penitiuo
918 4677 1043 4746 recipiat.
1072 4678 1137 4732 item
1151 4693 1209 4732 ιιοιι
1222 4679 1330 4732 ιιιιιιαι
1344 4675 1618 4730 obscurumutrum

285 4771 346 4825 per
359 4753 392 4810 ob
407 4760 458 4809 out
470 4772 520 4824 per
534 4771 569 4824 op
584 4755 680 4812 debeat
692 4757 779 4812 ιιιιὸι·
792 4755 823 4822 P,
842 4757 946 4826 hiemps
959 4762 1051 4812 autera
1065 4763 1195 4814 ueutrum
1209 4757 1309 4814 harum
1322 4756 1495 4828 syllabarum
1508 4758 1616 4828 recepit.

288 4837 351 4892 item
369 4849 427 4892 mou
446 4841 553 4894 renuat
572 4837 719 4902 obscurum
736 4839 770 4895 ob
789 4855 829 4894 ιιι
843 4855 894 4909 per
913 4853 948 4908 cp
967 4837 1062 4894 deleat
1079 4840 1167 4898 scribi
1186 4839 1216 4894 B.
1265 4893 1270 4900 ,
1299 4913 1302 4918 1
1339 4841 1342 4846 ’
