3564 5482
374 384 441 456 380
945 385 1122 448 Dosrl'ilEl

372 491 528 543 amum

372 579 456 645 verbi
483 581 635 664 proximas
663 579 799 662 syllabus
826 581 935 645 inllesa
964 579 1069 645 subter
1097 579 1211 664 virgula
1235 581 1379 665 iungunt,
1410 592 1444 646 ut
1468 592 1515 646 est
1538 575 1701 646 ‘Turnus

371 698 411 753 ut
434 685 742 774 antevrolanaffs
766 693 838 754 item
858 689 1076 774 apostrophon,
1096 707 1166 754 oum
1185 690 1317 754 vocalem
1336 690 1472 756 ultimam
1486 691 1700 755 subtrahimus.

370 797 449 860 bane
473 797 517 861 sle
542 807 661 863 notant:
694 799 730 862 ad
755 809 845 883 caput
878 801 944 863 eius
978 802 1186 884 consonantis,
1218 803 1268 864 oui
1297 801 1408 864 vocalis
1436 800 1590 865 subtracta
1620 793 1698 884 esti

370 907 511 970 inflexam
544 907 703 992 virgulam,
736 927 812 992 quae
846 909 882 972 ad
916 927 981 972 eam
1014 917 1143 993 spectat,
1175 922 1345 994 apponunt,
1383 920 1416 974 ut
1449 904 1615 974 ‘tanton’
1646 928 1700 973 me

370 1017 528 1080 erimine
552 1011 724 1100 dignum'.
1326 1085 1330 1090 ,
1726 1032 1738 1072 ⁵

833 1211 894 1282 DE
918 1209 1236 1282 DISt'ntot’loNn

461 1349 620 1417 Distlnctio
658 1363 705 1416 est
738 1351 850 1417 silentii
884 1363 967 1436 nota,
1005 1373 1081 1436 quae
1116 1357 1147 1417 in
1180 1351 1307 1436 legendo
1341 1354 1391 1417 dat
1425 1356 1540 1438 copiam
1575 1358 1699 1438 spiritus

369 1460 550 1546 recipiendi,
579 1481 617 1525 na
646 1465 873 1526 continuatione
903 1463 1031 1526 deliciet.
1081 1463 1137 1526 bae
1169 1473 1232 1526 tres
1265 1471 1350 1546 su'nt,
1383 1482 1512 1545 quarum
1541 1464 1699 1527 diversitas

313 1647 320 1665 ,
371 1567 469 1633 tribus
502 1573 623 1653 punctis
656 1572 775 1635 diverso
807 1571 874 1634 loeo
906 1574 1014 1654 positis
1046 1571 1205 1637 indicatur.
1262 1571 1314 1635 ubl
1351 1553 1460 1655 plenus
1497 1583 1545 1636 est
1581 1591 1699 1653 sensus,

368 1688 515 1761 punctum
544 1680 581 1742 ad
607 1691 697 1763 eaput
720 1680 837 1744 litterae
862 1683 1016 1766 ponimus,
1043 1692 1075 1745 et
1099 1693 1146 1746 est
1163 1680 1293 1745 liberum
1312 1700 1433 1746 cessare
1451 1681 1608 1766 prolixius.
1647 1679 1698 1744 ubi
1713 1697 1737 1736 10

369 1806 461 1853 sensu
500 1788 632 1852 nondum
670 1788 760 1872 pleno
798 1791 943 1873 respirari
980 1799 1114 1874 oportet,
1152 1791 1188 1854 ad
1227 1791 1356 1856 mediam
1392 1791 1523 1855 litteram
1561 1789 1698 1853 dabimus

368 1906 524 1980 punctum.
579 1896 632 1962 ubi
664 1897 721 1961 sub
755 1899 854 1981 ipsu'm
887 1899 978 1962 finem
1011 1898 1155 1982 implendi
1188 1920 1296 1964 sensus
1328 1903 1370 1966 ita
1404 1899 1632 1984 suspendimus,
1664 1908 1699 1960 nt

368 2008 470 2070 statim
488 2007 519 2070 id
539 2006 619 2090 quod
639 2011 777 2092 sequitur
797 2006 935 2072 subicere
955 2004 1132 2092 debeamus,
1156 2010 1246 2071 imam
1265 2007 1396 2073 litteram
1415 2017 1529 2092 puneto
1549 2017 1698 2128 notamus.

459 2182 553 2240 (ledea
579 2181 781 2256 Soapalleaair.
830 2183 991 2255 tayllabea
1009 2199 1059 2240 om.
1152 2183 1360 2256 tapoatrolon
1452 2185 1628 2240 imotenus
1652 2200 1697 2239 me

368 2263 487 2322 ommino
506 2263 565 2338 dig.
639 2264 819 2322 sineremur
838 2264 887 2336 qui
904 2265 1007 2337 plenus
1082 2271 1114 2320 tt
1135 2264 1231 2338 sensu]
1250 2281 1365 2322 aeneum
1400 2337 1403 2344 Ι

393 2493 400 2507 ,
461 2435 474 2483 1
495 2426 619 2502 Tamus]
645 2427 726 2500 Verp.
746 2431 816 2485 Aea.
842 2427 954 2486 VIIII
969 2432 1015 2485 47.
1041 2429 1181 2497 λαεαιιαυι,
1209 2445 1267 2500 pou
1293 2428 1423 2486 diastolen
1441 2427 1568 2498 δεβπίίίο
1586 2429 1698 2495 erudit,

363 2509 506 2666 ram
585 2509 745 2584 thuben]
781 2509 859 2584 νεαρ.
885 2513 955 2568 Aea.
981 2509 1013 2565 X
1035 2515 1094 2566 668
1185 2509 1275 2566 ellit
1303 2507 1581 2574 Dtsrlrtorloltul
1604 2509 1698 2566 Diam

368 2755 559 2845 ἐκφωνήσει
579 2754 785 2846 συνάγομεν,
803 2757 859 2826 καλ
878 2754 917 2828 τὸ
937 2771 1079 2846 σημεῖον
1098 2753 1202 2846 αὐτῆς
1221 2759 1321 2827 τοῦτο
1340 2759 1514 2826 ποιοῦσιν·
1539 2756 1700 2844 ἑκατέρου

369 2864 517 2956 βήματος
553 2863 613 2947 τάς
649 2869 786 2954 ἔγγιστα
824 2862 995 2953 συλλαβάς
1032 2866 1278 2956 έπικεκαμμέυη
1315 2861 1539 2934 ὑποκάτωθεν
1582 2861 1699 2956 ράβδφ

370 2973 605 3064 ζευγνάουσιν,
634 2971 682 3056 δίς
709 2975 801 3044 ἐστιν
870 3001 888 3037 a
912 2970 1038 3063 ὁμοίως
1060 2973 1117 3042 καὶ
1140 2970 1372 3063 άπόστροφον,
1402 2969 1531 3045 ὁπόταν·
1559 2975 1700 3061 φωνῆεν

366 3081 500 3154 τελικὸν
524 3079 748 3173 ὑφαιροῦμεν.
794 3081 922 3170 ταύτην
947 3079 1055 3165 οὕτως
1078 3085 1312 3173 σημειοὺυται·
1335 3081 1420 3170 πρὸς
1437 3080 1477 3153 τδ
1496 3080 1570 3152 άνω
1583 3089 1586 3170 l
1599 3083 1701 3171 μέρος

366 3197 430 3264 τοῦ
453 3191 661 3282 συμφάνου,
685 3182 727 3264 οὑ
749 3189 787 3262 τὸ
812 3196 952 3282 φωνῆεν
974 3189 1163 3283 ὑφῄρηται,
1193 3193 1459 3282 έπικεκαμμένον
1482 3193 1629 3281 βαβδίον
1654 3194 1700 3270 εἰς
1724 3249 1734 3288 5

368 3299 452 3372 αὑτὸ
476 3303 604 3390 βλέπον
627 3301 785 3371 τιθέασιν
808 3295 854 3382 ὥς
877 3353 885 3370 .
1151 3303 1155 3312 “

853 3523 969 3588 ΠΕΡΙ
989 3523 1217 3588 ΣΤΙΓΜΗΣ

460 3644 593 3735 Στιγμή
618 3646 709 3715 ἐστιν
735 3648 864 3733 σιωπῆς
886 3659 1044 3734 σημεῖον,
1067 3642 1140 3732 ἥτις
1164 3645 1201 3714 έν
1220 3646 1266 3738 τῷ
1286 3637 1535 3730 ἀναγινώσκειν
1554 3645 1701 3714 δίδωσιν

367 3751 489 3824 άδειαν
513 3758 575 3824 τοῦ
597 3752 636 3824 τὸ
660 3757 794 3844 πνεῦμα
817 3751 1113 3842 άνακτήσασαθαι,
1137 3750 1183 3842 μὴ
1207 3755 1244 3822 έν
1268 3753 1313 3845 τῷ
1334 3751 1517 3822 συνάπτειν
1537 3753 1701 3842 έπιλείψη.

368 3853 469 3934 αὑται
492 3853 582 3952 τρεῖς
604 3868 708 3951 εἰσιν,
740 3854 790 3933 ὦν
818 3859 839 3951 ἡ
869 3861 1019 3952 διαφορά
1042 3863 1155 3948 τρισὶν
1179 3874 1324 3951 νυγμαῑς
1351 3861 1389 3929 ἐν
1422 3858 1578 3954 διαφόρῳ
1607 3860 1700 3955 τόπῳ
1714 3885 1735 3924 ιο

368 3973 581 4061 τεθειμένους
614 3971 861 4062 δηλωθήσεται.
914 3969 1002 4041 ὅπου
1035 3968 1165 4060 πλήρης
1197 3970 1289 4039 ἐστὶν
1323 3965 1344 4058 ἡ
1379 3967 1533 4056 διάνοια,
1564 3968 1702 4060 νυγμὴν

369 4077 459 4167 παρὰ
483 4078 521 4150 τὸ
545 4077 618 4150 άνω
648 4083 749 4171 μέρος
777 4084 839 4151 τοῦ
867 4079 1063 4170 γράμματος
1091 4085 1246 4168 τίθεμεν,
1278 4083 1339 4148 καί
1369 4079 1462 4148 ἐστιν
1494 4075 1614 4160 άνεσις
1640 4081 1703 4149 τοῦ

370 4186 534 4276 σχολάσαι
558 4191 611 4260 ἐπὶ
635 4196 763 4260 πλεῖον.
809 4187 897 4259 ὅπου
921 4187 959 4257 δὲ
981 4191 1041 4276 τῆς
1065 4191 1221 4268 διανοίας
1249 4188 1388 4277 μηδέπω
1416 4184 1567 4276 πλήρους
1596 4184 1703 4274 οὔσης

370 4293 582 4368 άναπνεῦσαι
615 4297 813 4390 χρῄζουσιν,
847 4294 936 4386 παρά
968 4298 1074 4386 μέσον
1111 4295 1149 4366 τὸ
1188 4295 1324 4386 γράμμα
1362 4296 1517 4384 δαίσομεν
1554 4293 1702 4384 νυγμήν.

370 4402 460 4476 ὅπου
492 4407 529 4476 δὲ
563 4405 649 4496 πρὸς
681 4404 772 4499 αὐτῷ
805 4409 851 4500 τῷ
884 4407 971 4475 τέλει
1003 4409 1066 4476 τοῦ
1098 4402 1279 4492 άπαρτίσαι
1311 4401 1374 4493 τὴν
1412 4402 1573 4473 διάνοιαν
1612 4401 1702 4473 οὕτω
1715 4427 1736 4468 ra

370 4511 588 4605 άπαρτῶμεν,
620 4513 705 4586 ὥστε
737 4510 868 4594 εὐθέως
897 4511 990 4584 τοῦτ’
1024 4512 1105 4600 ὅπερ
1140 4515 1252 4584 ἕπεται
1283 4508 1470 4601 ὑποβαλεῖν
1504 4510 1703 4602 ὀφείλομεν,

370 4622 461 4713 παρά
484 4621 523 4695 τὸ
546 4625 637 4695 κάτω
661 4627 762 4716 μέρος
785 4625 847 4694 τοῦ
871 4623 1066 4712 γράμματος
1089 4628 1128 4715 τῇ
1153 4625 1266 4714 νυγμῇ
1291 4619 1532 4710 σημειούμεθα.

464 4783 690 4862 1αὑτής]αυτη
764 4787 969 4844 θυποκατθεν
988 4786 1088 4854 παρδω
1107 4787 1294 4858 εαγεεεοήμλο
1314 4785 1410 4857 padda>
1484 4789 1704 4856 δαεατεροφοκ

371 4884 442 4925 corr.
471 4887 650 4940 ατοστροφον
732 4887 833 4938 φαυνη
861 4869 955 4922 τελικο
1038 4872 1182 4936 5φωνετ
1264 4869 1437 4936 θεπιλιψει
1518 4871 1552 4921 13
1576 4864 1722 4938 πλήρους·

372 4945 469 5023 οὔσης]
489 4955 595 5021 πληρης
669 4955 703 5006 14
722 4953 874 5020 γρηζουσες
