3604 5486
582 317 815 378 FRAGMENTA
841 319 1042 388 Bontnttsta
1411 323 1475 390 541

145 437 170 476 p.
182 423 230 466 ωδ.
245 425 285 466 208
299 423 329 465 V.

145 511 335 593 genetivum,
359 519 394 572 ut
416 510 511 572 miser
532 509 652 592 miseri3
676 510 703 572 si
726 527 788 572 non
812 510 955 593 fecerint,
978 511 1019 593 is,
1042 517 1077 572 ot
1099 529 1189 574 anser
1212 515 1343 591 auseris,
1371 531 1478 596 passer

144 619 285 701 passeris.
327 619 426 681 omnis
450 619 653 681 nominativus
677 637 710 681 es
735 627 876 701 correpta
899 619 1095 703 terminatus,
1118 623 1179 683 sire
1199 641 1276 705 pura
1295 624 1358 685 sire
1377 620 1477 704 aliqua

144 733 330 790 consonante
354 728 523 808 anteposita
547 734 578 789 et
606 727 724 810 iuncta,
752 727 926 810 genetibum
954 725 1137 808 singularem
1166 731 1205 793 tis
1234 730 1323 795 iaciat
1350 750 1476 794 necesse

144 845 205 920 est,
233 843 269 899 ut
297 834 385 898 miles
414 833 526 897 militis.
577 837 675 897 omnis
708 838 910 899 nominativus
944 855 978 900 es
1010 835 1158 918 producta
1186 841 1366 903 terminatus
1399 859 1476 922 pura

109 945 317 1026 egonetirum
347 941 530 1026 singularem
558 945 589 1005 ei
617 942 706 1006 iaciat
733 962 859 1007 necesse
889 953 949 1028 est,
977 964 995 1008 o
1022 953 1124 1008 tamen
1143 947 1315 1031 producta,
1347 958 1383 1012 ut
1410 947 1476 1011 dies

142 1053 218 1137 diei,
244 1056 342 1117 series
369 1053 474 1134 seriei,
502 1059 534 1113 et
562 1052 647 1133 siqua
667 1051 760 1136 talia,
793 1055 927 1136 exeeptis
955 1051 1089 1134 duobus,
1124 1063 1158 1127 ut
1185 1054 1260 1118 haec
1287 1056 1355 1118 lues
1383 1055 1475 1120 huius

141 1161 202 1226 luis
226 1171 256 1226 ot
279 1161 354 1226 baec
378 1163 465 1244 quies
489 1159 580 1223 buius
599 1161 720 1242 quietis.
763 1179 796 1224 es
816 1179 887 1224 vero
905 1159 1054 1244 producta
1073 1164 1253 1227 termtnatus
1272 1167 1475 1228 nominatione

142 1270 257 1334 babens
286 1273 420 1334 iunctam
454 1278 671 1333 consonantem
698 1272 871 1351 genetivum
899 1272 926 1332 is
957 1270 1041 1354 iacit,
1069 1279 1105 1334 ot
1130 1269 1180 1334 bio
1208 1271 1356 1337 Hercules
1382 1273 1474 1338 buius

142 1379 297 1462 Herculis,
320 1380 394 1444 baec
418 1377 515 1442 nubes
538 1377 630 1442 huius
654 1377 753 1442 nubis.

67 1505 125 1556 ,ιο
234 1487 298 1552 Con
326 1487 438 1572 syllaba
467 1496 541 1551 tuuc
569 1486 763 1568 producitur,
795 1477 916 1569 quaudo
949 1497 1019 1571 post
1050 1487 1131 1551 illam
1156 1489 1178 1568 s
1200 1498 1256 1553 out
1282 1510 1298 1553 s
1325 1493 1473 1576 sequitur,

142 1609 177 1662 ut
200 1599 333 1662 confisus
357 1605 513 1678 coustaus;
541 1597 646 1676 siquae
676 1613 747 1657 roro
775 1594 887 1659 alterae
916 1604 1117 1660 consonantes
1145 1599 1261 1662 luerint
1283 1599 1474 1685 subsecutae,

141 1709 315 1790 corripitur.
367 1726 404 1771 er
430 1706 553 1786 syllaba
582 1707 765 1768 terminatus
798 1707 986 1769 accusativus
1017 1704 1178 1788 singularis
1205 1706 1326 1771 nulllus
1348 1707 1472 1771 alterlm

141 1818 263 1899 generis
296 1818 449 1898 reperitur
482 1817 541 1878 nisi
574 1817 675 1877 neutri
708 1813 815 1878 solum.
871 1815 969 1876 omnis
1002 1816 1205 1879 nominativus
1242 1815 1404 1904 singularis
1436 1835 1472 1880 er

141 1923 253 2006 syllaba
277 1926 470 2005 terminatus,
494 1925 521 1986 si
544 1941 672 2004 graecus
696 1922 802 2006 luerit,
826 1923 1019 2007 producitur3
1042 1925 1068 1986 si
1091 1923 1217 2007 latinus,
1240 1926 1414 2007 corripitur.
1435 1919 1441 2010 Ι

98 2049 126 2089 ιε
234 2033 341 2096 Omnia
360 2035 481 2095 nomina
500 2051 537 2095 us
557 2033 716 2094 terminata
735 2033 746 2093 l
765 2039 833 2094 ante
853 2051 890 2094 us
909 2030 1049 2096 babentia
1071 2035 1102 2096 in
1121 2035 1260 2116 genetivo
1279 2035 1290 2096 i
1308 2032 1471 2118 duplicant,

141 2145 172 2206 in
207 2143 342 2205 vocativo
376 2160 462 2224 rero,
494 2143 520 2203 si
552 2141 675 2224 propria
704 2141 833 2222 luerint,
865 2141 877 2202 i
904 2141 1032 2223 iaciunt,
1064 2150 1099 2205 ut
1126 2140 1276 2223 Vergilius
1304 2160 1322 2203 o
1350 2141 1471 2225 Vergili,
1507 2123 1514 2138 ⁸

140 2252 303 2315 Terentius
318 2269 336 2314 o
351 2250 490 2333 Terenti3
509 2251 535 2312 si
550 2243 651 2312 auteur
666 2249 856 2334 appellativa,
876 2267 893 2312 e
908 2257 1048 2332 correpta
1063 2249 1190 2334 iaciunt,
1213 2261 1247 2313 ut
1265 2248 1315 2314 bic
1330 2253 1470 2334 egregius

140 2361 318 2444 oegregic,
345 2369 472 2442 excepto
501 2357 622 2440 gen'eris
650 2360 752 2421 neutri
776 2359 991 2440 comparatiyo,
1020 2357 1101 2438 quod
1130 2359 1298 2422 secundum
1320 2361 1469 2422 rationem

140 2490 177 2534 us
201 2471 433 2533 terminatorum
457 2469 500 2530 ris
524 2468 596 2530 iacit
618 2469 771 2549 genetivo,
799 2469 933 2530 vocativo
957 2486 994 2530 us
1018 2465 1109 2529 simili
1131 2469 1323 2531 nomluativo.
1370 2471 1469 2531 omnia

96 2593 124 2634 2⁰
138 2581 260 2642 nomina
293 2597 329 2641 us
362 2575 474 2658 syllaba
513 2577 673 2638 terminata
709 2576 848 2641 facientia
882 2574 1022 2638 adverbia
1050 2595 1067 2638 e
1094 2575 1244 2659 producto
1275 2577 1403 2660 iaciunt,
1435 2585 1470 2640 ut

140 2707 277 2754 summus
301 2704 433 2769 summe,
455 2688 573 2768 primus
595 2687 710 2770 prime,
731 2688 873 2768 egreglus
897 2687 1031 2769 egregie3
1055 2687 1190 2764 exceptis
1213 2683 1327 2769 tribus,
1350 2703 1427 2767 quae
1451 2704 1468 2748 e

139 2806 281 2880 correpto
305 2795 420 2859 iaciunt
443 2804 549 2858 contra
572 2797 735 2879 rationem,
759 2804 793 2858 ut
816 2794 914 2858 bonus
938 2793 1034 2876 bene,
1057 2791 1153 2857 malus
1171 2777 1267 2876 male,
1295 2795 1373 2858 ritus
1395 2797 1469 2882 rite;

138 2911 265 2986 excepto
292 2921 355 2966 uno
382 2901 464 2984 quod
488 2922 506 2963 o
531 2902 616 2986 iacit,
645 2922 705 2965 nou
734 2923 764 2986 e,
799 2913 833 2965 ut
862 2903 954 2966 ialsus
983 2902 1072 2985 salso,
1101 2912 1135 2967 ut
1164 2901 1324 2967 Sallustius
1357 2898 1468 2967 ‘lalso

139 3015 310 3096 queritur
338 3011 380 3075 de
408 3021 539 3074 natura
572 3030 636 3074 sua
667 3029 783 3093 genus
815 3006 1036 3095 humanum’,
1068 3021 1100 3074 et
1127 3029 1215 3076 rarus
1242 3029 1326 3096 raro,
1359 3021 1394 3075 ut
1420 3024 1468 3077 est

96 3117 215 3186 o'hic
238 3140 321 3185 raro
344 3123 382 3184 iu
405 3119 532 3183 urbem
555 3114 758 3204 commeat’,
781 3119 862 3201 quod
886 3119 1065 3184 Terentium
1088 3119 1199 3184 dixisse
1223 3129 1272 3185 ost
1294 3129 1409 3186 notum.

223 3566 407 3648 -Fortunam,
434 3575 576 3629 eventum
605 3565 657 3626 teli
681 3563 791 3642 (Vero.
817 3566 851 3626 A.
876 3565 911 3627 X
932 3565 1021 3640 422).
1067 3565 1148 3628 llaec
1176 3583 1311 3648 conpago
1339 3567 1466 3632 latinum

138 3677 198 3721 non
228 3665 288 3739 est,
317 3657 369 3720 sed
398 3656 472 3720 haec
501 3674 676 3738 compages,
709 3666 741 3718 et
768 3653 805 3717 ab
834 3674 870 3718 eo
899 3655 979 3737 quod
1008 3665 1056 3717 ost
1083 3673 1243 3734 compages
1271 3657 1466 3739 compagibus
1525 3704 1527 3712 .

138 3749 221 3829 iacit,
245 3767 262 3810 a
285 3766 429 3830 compago
454 3745 681 3829 compaginibus
710 3747 793 3828 lacit,
821 3746 901 3828 quod
926 3765 1014 3808 nemo
1038 3746 1114 3808 dixit
1141 3747 1252 3824 (Vero.
1277 3749 1312 3809 Α.
1336 3749 1464 3824 1122).

138 3837 250 3922 luere,
278 3837 392 3901 absolvi
415 3841 543 3920 pecunia
567 3847 640 3918 aput
663 3841 816 3918 antiquos,
845 3840 988 3918 quoniam
1017 3840 1144 3919 pecunia
1160 3834 1387 3901 'damnabantur
1410 3843 1465 3913 (ib.

96 3954 125 3996 so
138 3931 225 4004 136).
281 3928 476 4010 Participium
508 3930 678 4011 praesentis
710 3929 857 4008 temporis
890 3946 906 3989 a
940 3929 1058 4008 passivo
1090 3928 1219 3990 Romani
1256 3947 1316 3990 non
1354 3927 1466 3992 babent

138 4021 266 4103 ideoque
294 4021 453 4102 participio
482 4027 611 4082 utuntur
640 4019 813 4099 praeterito.
865 4017 972 4081 Omnia
1005 4021 1126 4081 nomina
1159 4019 1213 4082 des
1240 4022 1382 4082 exeuntia
1413 4029 1466 4082 aut

136 4113 259 4194 propria
288 4120 373 4186 sunt,
402 4119 436 4172 ut
459 4107 664 4190 Thucydides,
692 4117 744 4170 aut
770 4111 991 4189 patronymica,
1020 4119 1055 4172 ut
1078 4108 1221 4191 Tydides:
1251 4127 1319 4172 nam
1348 4110 1464 4174 nullum

138 4220 247 4265 nomen
272 4219 288 4262 a
311 4203 408 4282 patria
432 4202 548 4263 exitio
572 4200 639 4282 dos,
663 4199 805 4281 quoniam
829 4198 1021 4263 dubitantia
1047 4199 1096 4261 illo
1121 4199 1202 4282 quod
1221 4199 1297 4262 dixit
1315 4198 1464 4282 Vergilius

138 4296 187 4369 (Α.
199 4291 330 4367 11342)
342 4290 550 4374 Mygdonides,
564 4289 644 4352 unde
660 4289 711 4352 alii
724 4289 830 4352 dicunt
844 4307 859 4352 a
875 4292 984 4372 patria3
1004 4290 1057 4352 sed
1072 4301 1188 4373 errant,
1203 4309 1271 4353 nam
1286 4289 1464 4373 blygdoulus

230 4465 364 4524 tieoerit
380 4463 406 4520 is
425 4479 507 4520 anser
524 4464 553 4520 Β
647 4465 813 4520 tetemen
836 4465 1015 4536 productae
1038 4467 1135 4522 tomen
1158 4465 1325 4538 productam
1344 4465 1373 4520 Β

137 4547 506 4614 oseriesom.B,odd.o
589 4545 923 4603 tutantehioom.B
1002 4546 1417 4618 toiaubsom.B,odd.o

138 4639 171 4688 12
191 4630 361 4703 corripiatur
378 4629 407 4684 Β
480 4646 511 4684 er
530 4629 641 4701 syllaba
658 4627 827 4684 terminatus
846 4644 898 4686 οιιι.
917 4628 959 4696 Β,
978 4627 1043 4684 odd.
1063 4644 1079 4681 o
1142 4634 1188 4683 ts
1203 4627 1310 4684 neutris
1329 4626 1420 4684 solnm
1434 4627 1463 4684 Β

174 4718 207 4768 ts
227 4712 350 4770 similem
368 4711 397 4766 Β
476 4709 873 4784 aascts018attust.1o9.1
952 4716 987 4766 it
1006 4709 1053 4765 hic
1072 4709 1148 4782 roro]
1170 4707 1232 4768 Ter.
1252 4708 1319 4765 Hoc.
1339 4707 1463 4778 12,100

227 4880 261 4930 22
281 4891 433 4948 compages
447 4874 599 4946 postem
618 4875 675 4932 looo
689 4889 740 4930 om.
759 4874 788 4929 Β
