3602 5482
387 354 453 422 328
935 353 1097 416 eunucis

387 471 408 508 p.
424 459 437 500 8
451 460 482 500 Η.

390 541 510 608 modis?
557 543 699 627 Quinque
724 593 731 608 .
752 541 757 628 Ι
779 542 920 620 Quibus?
966 547 1027 610 Aut
1058 564 1129 610 cum
1163 562 1221 609 uns
1256 545 1366 610 uocalis
1396 545 1591 631 producitur,
1624 557 1656 609 ut
1688 539 1718 606 ‘o

387 647 464 736 dea',
488 661 541 717 aut
565 655 728 736 geminata,
753 663 787 718 ut
811 653 974 738 Euryalus,
1005 663 1057 718 aut
1080 657 1243 740 incipiens,
1271 665 1306 720 ut
1327 665 1381 739 en,
1408 665 1462 720 aut
1486 657 1658 737 terminata,
1685 663 1720 715 ut

387 780 439 845 ue,
468 769 521 824 aut
549 764 579 825 ln
609 761 709 826 medl'o
737 765 848 846 posita,
882 774 916 825 ut
945 781 1006 826 non
1035 811 1042 826 .
1070 761 1224 828 Postume
1254 762 1364 846 longae,
1387 764 1467 846 quod
1497 764 1594 828 modis
1624 757 1720 826 dunt?

365 847 499 934 ‘Decem
523 920 530 934 .
555 867 695 945 Quibus?
732 872 793 935 dut
816 889 886 936 cum
909 880 1049 954 correpta
1074 871 1184 936 vocalis
1208 873 1320 936 deslult
1348 876 1379 937 ln
1407 873 1483 936 duas
1511 879 1720 952 consonantes,

387 987 421 1043 ut
445 997 508 1063 ars,
538 989 590 1044 aut
614 999 683 1044 cum
708 980 820 1044 desinit
848 983 878 1043 ln
902 997 994 1044 unam
1019 991 1237 1044 consonantem
1262 990 1292 1044 et
1316 983 1466 1063 excipitur
1490 980 1526 1045 ab
1550 980 1658 1064 altera,
1685 989 1720 1041 ut
1744 993 1755 1034 ι

336 1153 347 1174 .
387 1105 484 1171 arma,
507 1097 559 1151 aut
583 1107 653 1152 cum
677 1090 827 1172 excipitur
846 1106 863 1151 a
882 1087 999 1152 duabus
1019 1089 1271 1174 consonantibus,
1294 1099 1328 1164 ut
1347 1091 1425 1172 apri3
1449 1097 1502 1154 aut
1520 1108 1591 1154 cum
1610 1089 1720 1152 desinit

387 1199 418 1260 in
438 1216 456 1260 ιι
476 1196 607 1262 litteram
627 1196 794 1281 duplicem,
817 1207 851 1262 ut
873 1216 946 1281 nox;
970 1207 1022 1262 aut
1041 1215 1112 1261 cum
1131 1199 1281 1280 excipitur
1301 1215 1316 1260 a
1336 1196 1464 1280 duplici,
1488 1206 1522 1260 ut
1542 1197 1719 1276 Mezentius,

388 1316 440 1369 aut
463 1325 533 1371 cum
557 1305 669 1370 deslnlt
692 1309 724 1370 in
748 1313 965 1372 consonantem
990 1317 1021 1370 et
1045 1309 1195 1390 excipitur
1218 1325 1234 1368 a
1259 1304 1412 1370 vocalibus
1436 1325 1456 1368 ιι
1477 1305 1527 1368 rel.
1542 1308 1566 1388 l,
1590 1313 1719 1384 nterea,

388 1411 440 1479 ‘at
462 1410 584 1500 luno’3
608 1424 660 1479 aut
683 1433 754 1480 cum
778 1425 918 1498 correpta
942 1415 1053 1480 uocalis
1071 1416 1184 1481 desinit
1202 1419 1233 1480 in
1252 1415 1386 1478 vocalem
1409 1419 1422 1476 i
1440 1414 1507 1478 loco
1526 1415 1719 1478 consonantis

389 1526 518 1607 positam
543 1533 573 1588 et
597 1527 748 1606 excipitur
763 1543 858 1607 oeque
882 1543 898 1585 a
923 1524 1017 1588 recall
1042 1529 1054 1586 i
1076 1525 1142 1587 loco
1167 1526 1362 1588 consonantis
1380 1526 1493 1607 posita,
1522 1532 1556 1587 ut
1576 1519 1719 1585 ‘rnaiior
1734 1537 1756 1573 ιι

387 1634 465 1714 agit
497 1627 605 1696 deus'
637 1640 668 1695 et
701 1627 919 1714 ‘Troilaque
952 1652 1047 1697 nunc
1080 1627 1217 1696 stares'
1252 1627 1312 1718 (sic
1346 1633 1427 1696 enlm
1457 1635 1515 1695 ista
1543 1631 1637 1695 scribi
1667 1649 1720 1712 per

387 1743 537 1824 geminum
565 1740 575 1803 l
603 1738 735 1804 litteram
765 1744 854 1804 metri
883 1743 961 1804 ratio
988 1735 1156 1824 deposcit),
1188 1749 1242 1804 aut
1273 1759 1343 1805 cum
1376 1751 1517 1823 correpte
1550 1739 1661 1802 vocalis
1689 1741 1720 1800 iu

388 1849 486 1913 medio
510 1865 601 1910 versu
625 1867 679 1911 seu
704 1849 766 1911 sola
790 1867 844 1912 seu
869 1850 1048 1911 consonanti
1071 1847 1212 1911 adiuncta
1236 1847 1379 1931 syllabam
1399 1848 1484 1932 lacit,
1508 1867 1585 1931 quae
1604 1859 1719 1930 partem

388 1960 532 2022 orationis
557 1956 693 2040 impleat,
717 1966 751 2021 ut
774 1953 805 2019 ‘o
830 1959 933 2038 virgo
957 1975 1047 2019 nova
1070 1958 1117 2020 mi
1141 1950 1273 2020 lacies'
1297 1966 1328 2021 ct

551 2158 630 2238 ipse
655 2155 716 2220 ubi
741 2165 884 2238 tempus
908 2157 980 2218 erit
1004 2173 1128 2218 omnes
1152 2157 1187 2217 in
1213 2155 1313 2218 ionte
1338 2153 1466 2216 lavabo
1527 2163 1531 2170 ’
1734 2184 1755 2223 ιι

388 2283 419 2336 ct
1598 2247 1601 2255 Ι

550 2400 585 2454 et
609 2389 753 2474 direpta
779 2391 905 2476 domus
930 2398 966 2453 et
989 2391 1091 2471 parri
1116 2407 1225 2452 casus
1250 2387 1333 2472 luli;
1377 2413 1380 2420 ·

388 2583 440 2636 aut
464 2591 534 2635 cum
558 2579 697 2654 correpta
724 2572 832 2634 uocalis
857 2572 1007 2652 excipitur
1027 2589 1042 2631 a
1067 2569 1167 2633 littora
1192 2589 1220 2652 q,
1244 2587 1335 2650 qurum
1360 2588 1484 2632 necesse
1516 2579 1563 2633 est
1592 2581 1627 2634 ut
1650 2587 1718 2632 con·

462 2935 495 2985 ts
514 2931 565 2985 unt
584 2945 648 2984 cum
668 2931 798 2999 correpta
813 2959 846 2969 -
867 2933 947 2998 32⁹,8
969 2943 1103 2999 vaporem
1122 2925 1203 2983 Beda
1221 2925 1255 2983 de
1273 2931 1334 2982 <orte
1351 2928 1466 2984 musico
1480 2943 1511 2998 p.
1532 2931 1602 2994 235,
1616 2933 1652 2982 15

387 3130 606 3141 ψ-

462 3279 475 3329 1
497 3269 606 3338 Quibus
634 3275 684 3328 sut
713 3291 778 3328 cum
801 3290 860 3330 nna
885 3270 994 3330 uocaHs
1022 3271 1187 3343 producitur
1210 3273 1244 3328 ut
1269 3270 1293 3328 0
1314 3271 1338 3327 Ι)
1357 3272 1380 3328 Ε
1399 3263 1435 3327 A'
1450 3271 1598 3345 geminata
1625 3273 1660 3326 ιιι
1687 3285 1720 3326 ae

389 3355 532 3412 saurialus
551 3357 602 3411 aut
624 3353 763 3424 incipiens
781 3354 810 3409 Β
829 3352 938 3421 Quibus
956 3353 989 3408 ιι
1009 3369 1074 3409 cum
1093 3369 1151 3410 una
1169 3351 1263 3408 cocali
1281 3351 1448 3423 producitur
1467 3356 1499 3408 ut
1516 3370 1542 3409 o.
1561 3352 1604 3410 de.
1625 3367 1651 3410 a
1671 3350 1721 3406 sut

388 3437 534 3509 geminata
556 3439 588 3491 ut
612 3451 646 3491 ae
670 3433 803 3490 Euristus
827 3438 878 3490 aut
900 3433 1040 3506 incipiens
1060 3434 1104 3491 M.
1142 3433 1261 3505 Verpils'i
1283 3434 1436 3504 exemplasse
1456 3433 1486 3490 ‘o
1505 3433 1572 3490 des'
1597 3431 1722 3502 (Aeaei

388 3521 459 3588 379)
482 3519 517 3575 de
539 3519 633 3574 codun
656 3533 686 3572 re
704 3517 830 3586 positum
854 3521 893 3570 est
916 3517 949 3570 is
971 3514 1099 3588 [Probi]
1122 3516 1194 3572 istro
1216 3515 1251 3570 de
1273 3517 1381 3572 ultimis
1398 3515 1515 3587 ιιιαιιι
1534 3531 1566 3586 p.
1585 3519 1653 3584 919,
1673 3517 1719 3571 23.

386 3601 482 3671 itaque
501 3597 667 3670 corripcndu
684 3602 751 3653 sust
769 3613 840 3667 puae
858 3596 936 3666 apud
961 3595 1135 3654 Victorinum
1151 3613 1181 3668 p.
1196 3601 1260 3665 197,
1279 3601 1298 3651 7
1316 3596 1405 3665 edidi,
1426 3595 1547 3668 quibus?
1579 3597 1720 3651 tintcum

390 3698 446 3738 una
463 3679 573 3738 vocalis
592 3679 774 3752 producitur,
798 3695 832 3734 ex
855 3693 912 3748 qna
931 3675 1019 3735 dictio
1039 3681 1164 3748 constat,
1187 3679 1221 3733 ut
1238 3693 1256 3734 o
1275 3681 1305 3734 st
1323 3695 1354 3748 s,
1376 3683 1429 3736 ant
1451 3680 1612 3751 gemmata,
1635 3681 1720 3734 ntae

387 3779 425 3818 uu
444 3779 495 3830 en,
515 3765 567 3818 sut
583 3761 723 3834 incipiens
797 3761 883 3814 tunt
906 3773 971 3813 cum
995 3762 1127 3831 correpta
1147 3761 1185 3816 M
1194 3760 1222 3816 V
1242 3777 1306 3818 cum
1330 3763 1381 3818 aut
1404 3763 1537 3833 correpta
1553 3759 1581 3814 Β
1657 3765 1674 3815 ι
1693 3761 1721 3814 et

388 3844 530 3915 excipitur
548 3842 584 3900 ab
603 3843 748 3899 altare-
768 3848 785 3898 8
803 3845 855 3898 aut
873 3857 938 3898 cum
961 3839 1068 3900 desinit
1091 3841 1121 3896 in
1142 3843 1346 3900 consonantem
1364 3859 1416 3900 om.
1437 3843 1488 3912 M,
1506 3843 1574 3900 odd.
1592 3841 1630 3899 Β.
1705 3847 1719 3896 1

388 3927 439 3982 ant
456 3941 521 3981 cum
541 3923 681 3994 excipitur
700 3940 718 3978 a
736 3921 860 3995 duplici,
883 3925 917 3978 ut
935 3920 1008 3989 axis,
1032 3925 1083 3978 sut
1100 3922 1130 3979 in
1149 3941 1176 3994 x,
1201 3939 1275 3993 quae
1299 3923 1376 3996 opud
1396 3923 1519 3982 Graecos
1543 3924 1650 3996 duplex
1669 3925 1720 3986 est,

388 4008 422 4063 ut
438 4005 594 4062 Maxentius
620 4003 727 4071 Vcct‘.
748 4003 827 4061 Mor.
853 4002 955 4059 Victor.
978 4019 1008 4074 p.
1028 4007 1109 4073 30,1
1136 4003 1244 4063 Oios-iu
1267 4023 1298 4076 p.
1319 4011 1367 4073 12,
1386 4011 1427 4062 20
1500 4011 1555 4062 8ιι
1573 4006 1622 4062 nel
1645 4005 1654 4060 i
1680 4004 1720 4060 uit

388 4101 459 4168 arna
482 4089 515 4142 at
537 4087 604 4142 iuno
627 4085 656 4141 Β
674 4103 693 4140 ιι
712 4083 840 4140 uelint
861 4100 932 4141 arna
960 4085 1011 4138 aut
1033 4082 1064 4139 in
1088 4102 1145 4143 uno
1166 4087 1204 4143 M
1220 4104 1239 4142 u
1258 4086 1305 4143 val
1327 4086 1352 4155 i,
1376 4089 1409 4142 ut
1431 4088 1464 4143 at
1482 4083 1578 4141 Venus
1602 4087 1634 4140 et
1652 4084 1719 4139 Iuno

388 4169 571 4240 Diomedeap.
587 4172 688 4235 1299
744 4172 760 4221 9
780 4164 870 4236 ipost
889 4165 1018 4222 vocalem
1032 4183 1082 4223 om.
1098 4167 1172 4224 ΒΜ
1227 4174 1260 4225 10
1276 4167 1460 4240 etaxcipitur
1475 4163 1718 4239 aequaevocali]

388 4254 418 4306 et
446 4249 586 4322 excipitur
614 4265 705 4320 aeque
733 4247 828 4304 uocsli
857 4247 942 4303 codsa
975 4247 1116 4307 Victorini
1145 4269 1178 4324 p.
1206 4255 1337 4320 197,17,
1363 4247 1559 4321 excipiturque
1583 4263 1601 4303 a
1625 4247 1719 4304 uocali

387 4331 415 4387 Β
435 4331 576 4402 excipitur
594 4347 612 4388 a
631 4328 725 4387 uoculi
745 4328 783 4383 M
855 4325 947 4384 mdor
974 4330 1048 4387 ΒΜ
1071 4356 1077 4388 :
1107 4333 1186 4404 Verp.
1211 4334 1283 4387 Aes.
1309 4331 1385 4386 XII
1402 4335 1461 4387 499
1537 4335 1569 4384 11
1586 4328 1719 4400 'troiaqne

388 4429 462 4468 nunc
480 4415 571 4469 stares
593 4412 630 4469 M
646 4412 722 4468 trois
740 4427 813 4482 quaa
832 4425 906 4466 nuno
924 4407 982 4466 ista
1000 4428 1045 4469 ras
1064 4413 1092 4469 Β
1111 4435 1119 4468 .·
1145 4412 1224 4483 Verp.
1244 4412 1315 4468 Aes.
1335 4411 1378 4465 II
1396 4415 1433 4467 50
1506 4426 1557 4482 per
1575 4409 1719 4480 semim

388 4495 516 4551 litterum
528 4494 566 4550 M
617 4500 649 4551 ιι
665 4495 715 4550 ιιι
729 4510 794 4549 cum
809 4492 942 4560 correpte
959 4493 1068 4550 vocalis
1087 4495 1116 4551 in
1136 4493 1230 4550 medio
1245 4522 1279 4534 -
1290 4509 1322 4563 p.
1337 4495 1443 4557 32⁹,10
1459 4489 1491 4570 in
1510 4489 1609 4546 metris
1628 4489 1719 4547 obser-

388 4575 483 4632 vanda
501 4579 569 4632 sunt
586 4575 665 4647 apud
689 4573 865 4630 Victorinum
884 4573 986 4628 οιιιιιια
1004 4580 1030 4630 et
1048 4575 1101 4631 alii
1119 4575 1293 4647 synodorum
1312 4573 1460 4642 momorum
1477 4570 1553 4627 erodi
1576 4573 1719 4628 ιιιιιιίιιιιι

387 4663 454 4712 sunt
530 4664 561 4713 tu
586 4674 636 4714 seu
659 4661 725 4714 cute
747 4654 810 4711 sols
832 4670 885 4712 om.
908 4654 945 4721 B,
968 4655 1034 4711 odd.
1060 4655 1097 4712 M
1171 4662 1204 4711 rt
1228 4673 1246 4712 o
1268 4654 1362 4727 virgo]
1392 4652 1474 4724 Verp.
1497 4653 1569 4710 Am.
1601 4651 1649 4708 VI
1666 4657 1719 4711 101

390 4744 430 4793 tt·
442 4737 516 4812 ipse]
542 4737 620 4810 Verp.
641 4738 729 4794 bucol.
749 4741 775 4806 3,
795 4743 833 4793 97
906 4738 968 4793 offis
987 4735 1080 4794 fontes
1097 4735 1226 4794 insonte
1245 4736 1349 4793 lausto
1374 4736 1404 4792 et
1427 4735 1540 4808 direpta
1562 4731 1591 4790 Β
1611 4741 1667 4794 offi.
1692 4735 1717 4790 in

387 4817 488 4874 fronde
507 4819 612 4876 lauobo
627 4821 657 4875 et
671 4819 785 4890 direpta
800 4819 838 4874 M
912 4823 943 4872 17
965 4819 995 4874 et
1014 4815 1138 4890 direpte]
1164 4815 1462 4888 rarescentes
1536 4815 1603 4890 Iuli]
1624 4817 1719 4874 tullii

390 4903 422 4954 18
443 4916 506 4954 cum
521 4915 572 4957 om.
588 4899 660 4953 ΒΜ
713 4916 732 4955 a
750 4899 848 4954 littero
867 4899 898 4969 q]
919 4915 936 4953 u
955 4898 1051 4954 littere
1070 4916 1087 4955 a
1105 4899 1179 4954 ΒΜ
1289 4967 1293 4976 Ι
