3602 5482
354 341 422 409 322
938 339 1099 400 tvoacts

357 457 379 497 a.
394 447 407 488 a
420 445 451 488 Β.

355 531 492 614 partibus
535 530 629 595 dir-isa
672 535 702 594 in
741 533 869 594 uirtutes
907 531 1038 613 vitiaque
1077 529 1235 593 descendit
1267 578 1274 595 .
1309 501 1390 593 ricta'
1421 526 1689 612 reprehenduntur

356 641 549 725 soloecismo,
568 639 755 705 barbarismo
776 649 807 704 et
825 639 872 704 bis
892 639 968 724 qua's
983 639 1090 716 Graeci
1108 637 1227 716 κακίας
1245 631 1352 723 λόγου
1371 637 1522 722 appellant
1538 686 1544 700 .
1560 639 1689 700 virtutes

356 768 427 812 vero
452 749 633 830 digeruntur
657 753 688 814 ln
713 758 831 835 tropos,
855 749 1022 832 schemata,
1047 749 1258 832 metaplasmos
1281 757 1313 812 et
1335 747 1383 811 bia
1407 747 1550 824 similia!

276 871 335 924 iata
448 857 665 921 Grammaticae
689 859 787 922 cilicia
813 867 887 941 quot
915 853 1009 923 sunt?
1046 856 1213 941 Quattuor,
1246 857 1277 920 ld
1311 865 1358 921 eat
1389 856 1492 938 lectio,
1527 857 1690 936 enarratio,

356 967 540 1050 emendatio,
569 968 714 1032 iudicium
740 1015 745 1030 .
771 966 874 1030 Lectio
899 966 972 1048 quid
1002 962 1071 1029 est?
1108 964 1283 1028 Secundum
1311 973 1455 1028 accentus
1483 972 1515 1028 et
1542 973 1715 1028 sensurum⁵

356 1077 568 1139 necessitatem
597 1077 720 1158 propria
749 1076 948 1139 enuntiatio.
977 1073 1136 1137 Enarratio
1165 1074 1237 1158 quid
1267 1069 1335 1138 est?
1378 1073 1552 1137 Secundum
1582 1083 1689 1156 poetae

357 1184 543 1248 voluntatem
568 1187 659 1248 nnius
684 1186 832 1266 cuiusque
857 1183 1072 1266 descriptionis
1096 1182 1265 1266 explanatio
1290 1229 1296 1244 .
1321 1181 1498 1246 Emendatio
1523 1181 1595 1263 qnid
1622 1178 1690 1245 est?

356 1291 505 1354 Errorum
538 1292 617 1375 apim
651 1302 755 1376 poetas
784 1304 815 1356 ct
846 1293 1059 1375 figmentorum
1088 1291 1296 1376 reprehensio.
1341 1289 1489 1354 iudicium
1518 1291 1591 1373 quid
1620 1289 1688 1356 est?

356 1399 437 1464 liene
462 1401 613 1465 dictorum
637 1399 852 1484 comprobatio.

868 1583 929 1692 oe
952 1622 1175 1693 asemona
1253 1615 1257 1622 ·
1640 1571 1662 1708 s
1703 1653 1726 1695 o

265 1752 337 1849 naara
450 1773 555 1836 Partes
587 1772 726 1836 lectionis
760 1783 834 1856 quot
867 1751 961 1836 arant?
1009 1773 1172 1857 Quattuor,
1204 1773 1232 1835 id
1266 1781 1313 1835 est
1346 1782 1503 1854 accentus,
1536 1771 1689 1852 discretio,

358 1885 580 1966 pronuntiatio,
610 1881 781 1946 modulatio.
820 1883 971 1945 docentus
999 1881 1071 1964 qrrid
1096 1878 1165 1945 est?
1196 1880 1291 1944 Vnius
1321 1883 1471 1962 cuiusque
1500 1879 1630 1964 syllabae
1659 1883 1689 1942 in

358 2009 433 2054 sono
453 1991 669 2074 pronuntiandi
689 1990 824 2072 qualitas.
859 1989 1009 2053 Discretio
1029 1991 1101 2072 quid
1121 1986 1190 2053 est?
1219 1988 1420 2052 Confusarum
1436 1989 1689 2070 significationum

358 2098 501 2183 perplana
525 2100 704 2182 significatio
729 2147 735 2162 .
759 2099 970 2164 Pronuntiaiio
996 2097 1067 2180 quaid
1097 2094 1165 2162 eat?
1204 2097 1394 2180 Scriptorum
1424 2095 1592 2161 secundnm
1621 2115 1689 2178 per·

358 2227 448 2270 sonas
471 2208 695 2271 accommodata
714 2207 909 2271 distinctione
930 2205 1111 2290 similitudo,
1134 2214 1168 2269 ut
1186 2215 1259 2288 puta
1279 2224 1350 2269 cnm
1368 2216 1420 2270 aut
1439 2208 1521 2270 aenis
1541 2215 1690 2288 tempera·
1705 2225 1728 2264 rs

358 2325 493 2380 mentum
513 2325 566 2380 aut
585 2309 702 2380 terrenis
721 2317 904 2398 protervitas
923 2325 975 2378 aut
995 2317 1123 2378 laminae
1143 2316 1302 2380 infirmitas
1321 2325 1374 2379 aut
1393 2315 1521 2398 qualitas
1540 2305 1690 2397 cuiusque

356 2443 504 2508 personae
525 2424 737 2508 distinguenda
756 2435 803 2488 est
822 2434 853 2487 et
872 2442 973 2487 mores
992 2427 1141 2508 cariusque
1156 2425 1276 2490 babitus
1292 2425 1480 2508 exprimendi
1500 2475 1507 2488 .
1527 2424 1690 2488 llodulatio

359 2533 430 2616 quid
455 2529 524 2598 est?
561 2533 734 2598 Continuati
759 2536 909 2596 sermonis
932 2537 963 2596 in
988 2533 1198 2598 iucundiorem
1218 2535 1338 2598 dicendi
1358 2537 1506 2598 rationem
1526 2533 1690 2598 artillcialis

358 2643 455 2706 ilexns
478 2645 510 2706 in
534 2642 742 2707 delectabilem
766 2641 887 2706 arrditus
907 2643 1034 2705 lormam
1054 2662 1219 2707 conversus
1240 2647 1410 2727 asperitatis
1429 2642 1568 2706 vitandae
1587 2645 1689 2725 gratia.

844 2865 904 2934 DE
929 2865 1202 2934 LATINITATE
1449 2805 1458 2829 Ι
1702 2875 1727 2916 ²⁰

278 3051 338 3102 1³⁹‚1
450 3015 596 3079 Latinitas
616 3017 687 3099 qnid
708 3012 776 3080 est?
800 3015 978 3079 Obserratlo
994 3017 1169 3099 incorrupte
1185 3015 1328 3099 loquendi
1343 3015 1511 3080 secundum
1526 3015 1689 3078 llomanam

359 3125 492 3208 linguam
526 3173 533 3188 .
567 3124 649 3199 Quot
685 3125 783 3189 modis
822 3135 940 3188 constat
977 3122 1130 3189 latinitas?
1177 3125 1290 3189 Tribus
1323 3174 1329 3188 .
1364 3121 1503 3200 Quibus?
1554 3125 1690 3205 Ratione,

434 3343 648 3402 ‘eberbariamo
667 3361 719 3404 orn.
741 3344 787 3413 M,
806 3345 871 3402 odd.
890 3345 918 3400 Β
992 3346 1070 3416 greci
1095 3345 1188 3401 caciaa
1211 3343 1276 3402 locu
1295 3347 1444 3418 appellant
1463 3345 1501 3402 Μ
1520 3344 1599 3418 greci
1622 3345 1689 3416 logu
1722 3399 1726 3405 .

358 3427 508 3500 appellant
536 3427 562 3480 Β
637 3424 779 3481 3similia
795 3424 854 3482 ΒΕ
878 3424 1064 3482 LECTIONE
1087 3425 1162 3481 INT.
1192 3426 1401 3490 Grammaticaa
1425 3425 1622 3496 (Grammatdci
1647 3424 1691 3496 Μ)

359 3509 455 3566 cilicia
468 3509 548 3565 ΒΜ.
585 3507 794 3578 inscriptionum
809 3507 844 3564 de
858 3507 981 3565 lectione
1000 3509 1036 3582 ab
1054 3509 1104 3564 boc
1122 3508 1180 3564 loco
1199 3510 1320 3565 alienam
1338 3509 1371 3564 iu
1383 3525 1466 3564 mura
1479 3509 1568 3564 toaoa
1582 3509 1690 3563 restitui

395 3597 412 3646 4
432 3589 642 3647 Grammaticos
661 3587 767 3662 cilicia]
788 3589 882 3647 Diom.
898 3607 928 3661 p.
944 3593 1060 3657 daona
1080 3589 1284 3662 grammaticae
1299 3589 1404 3658 officia,
1425 3590 1458 3644 nt
1471 3589 1578 3646 adserit
1592 3589 1689 3658 Varro,

359 3673 492 3730 conatam
509 3672 540 3728 iu
558 3671 688 3742 partibus
708 3671 856 3740 quattuor,
876 3670 1013 3740 lectione,
1042 3669 1231 3740 enarratione,
1258 3669 1469 3742 emendatione,
1493 3671 1600 3727 indicio
1673 3675 1689 3726 t

359 3771 472 3812 sensnm
499 3753 536 3809 Μ
608 3751 760 3823 dpropria
784 3751 943 3807 enuntiatio
970 3751 1007 3807 Μ
1028 3750 1186 3823 propriatio
1209 3751 1237 3806 Β
1265 3751 1380 3824 propria
1408 3753 1605 3824 pronuntiatio
1634 3751 1660 3806 V

358 3835 473 3908 poetas]
492 3835 625 3907 poemate
646 3835 684 3890 Μ
757 3831 979 3904 ldiscriptionia
1000 3833 1038 3888 Μ
1055 3831 1263 3905 disacriptiouia
1279 3833 1307 3888 B
1381 3839 1414 3889 10
1434 3834 1483 3891 DE
1503 3832 1688 3891 LEGTIONE

358 3919 409 3974 boc
427 3919 485 3974 loco
504 3933 555 3972 om.
575 3915 648 3971 ΒΜ
722 3922 753 3972 11
774 3915 870 3986 partes
890 3913 1021 3970 lectionis
1047 3912 1186 3984 Vpartea
1211 3913 1366 3971 lactionum
1387 3916 1426 3972 Μ
1447 3917 1543 3988 partes
1567 3914 1688 3972 declina·

359 3999 470 4057 bonnm
488 3998 517 4053 Β
592 3992 631 4052 ta'
645 3997 676 4052 in
694 4013 764 4052 sono
783 3993 986 4066 pronuntiandi
1007 3993 1033 4048 V
1049 3993 1252 4066 pronuntiandi
1271 3995 1301 4051 in
1316 4013 1385 4054 sono
1401 3997 1439 4053 Μ
1442 4018 1451 4051 .·
1469 3997 1499 4053 in
1512 4013 1582 4052 sono
1597 3996 1688 4052 ornB

361 4086 394 4135 lb
415 4078 617 4138 acommodata
635 4078 663 4133 Β
683 4076 874 4133 adcomodare
893 4075 930 4130 Μ
945 4117 951 4129 .
967 4074 1183 4150 accommodata
1202 4075 1349 4134 distinctio
1369 4077 1556 4135 similitudine
1576 4077 1689 4133 emerit

363 4164 471 4219 Tburot
489 4179 571 4218 reone
590 4161 706 4231 critique
730 4163 852 4215 o.1877
870 4174 902 4228 p.
922 4161 978 4214 307
1003 4159 1062 4215 coll.
1081 4159 1163 4216 arbal.
1183 4159 1270 4219 Dion.
1293 4160 1393 4217 lirae.
1413 4179 1444 4232 p.
1465 4163 1519 4215 744
1543 4153 1688 4228 ὑπόκρισίς

361 4241 438 4302 ἐστιν
461 4237 626 4316 ἁρμόζουσα
653 4243 789 4313 (μίμησις)
818 4247 878 4305 τοῖς
896 4233 1100 4312 ὑποκειμένοις
1120 4235 1283 4310 προσώποις
1302 4239 1333 4298 ἒν
1352 4261 1383 4298 ra
1403 4236 1476 4316 λόγῳ
1496 4240 1546 4296 aad
1561 4236 1687 4312 σχήματι.

360 4327 395 4394 cs.
415 4325 509 4382 Diona
524 4342 556 4396 p.
576 4329 687 4393 demto
762 4327 796 4378 16
816 4322 951 4392 cuiusque
970 4337 1108 4392 personae
1127 4321 1287 4393 Diomedes,
1313 4321 1448 4394 cuiusque
1469 4323 1606 4392 cuiusque
1629 4338 1688 4393 per·

360 4423 447 4462 sonae
465 4406 494 4463 Β
514 4406 716 4476 cuiuscumque
736 4419 874 4476 personae
894 4404 934 4458 Μ
949 4403 1031 4459 onirra
1051 4404 1186 4475 cuiusque
1206 4421 1343 4478 personae
1368 4405 1395 4459 V
1449 4411 1481 4461 18
1501 4404 1688 4460 aermoneaB

364 4495 395 4544 19
415 4487 523 4561 gratias
542 4487 584 4544 hl’
607 4487 646 4543 ΙΝ
665 4485 812 4543 &abactio
832 4485 900 4556 qnid
921 4488 1163 4553 est824,13-1'l
1183 4487 1340 4558 suspendit.
1383 4484 1432 4540 bn
1461 4483 1688 4542 Latinitate

361 4570 415 4627 lut
427 4567 557 4625 latinitas
573 4569 640 4639 qnid
656 4569 699 4624 est
715 4568 752 4622 Μ
764 4567 935 4637 interpositio
953 4566 1003 4622 boc
1021 4566 1079 4622 loco
1098 4567 1135 4622 iia
1153 4584 1224 4638 parce
1243 4565 1323 4634 infru
1337 4567 1371 4622 de
1389 4567 1567 4622 dictinctione
1585 4568 1689 4638 accipio

360 4656 427 4706 auat
500 4657 533 4706 tl
555 4649 711 4722 Latinitas]
732 4647 825 4703 Dium.
841 4665 872 4719 p.
893 4651 1004 4715 439st
1027 4645 1158 4704 latinitas
1182 4650 1226 4705 ast
1249 4647 1411 4719 incorrupte
1435 4645 1573 4718 loquendi
1598 4648 1689 4703 obser·

361 4731 439 4788 ratio
473 4731 628 4788 secundum
656 4730 815 4786 Romanam
847 4728 984 4801 linguam.
1024 4731 1136 4786 constat
1163 4731 1273 4797 autem,
1307 4731 1339 4782 ut
1371 4726 1478 4783 adserit
1510 4725 1614 4796 Varro,
1647 4729 1688 4784 lais

308 4825 312 4833 ·
362 4813 510 4882 quattuor,
530 4817 642 4878 natura,
665 4811 811 4884 analogia,
832 4811 1043 4881 consuetudine,
1062 4809 1236 4868 anctoritate
1309 4807 1378 4879 qnid
1394 4809 1437 4864 eat
1451 4823 1502 4864 orn.
1517 4807 1554 4878 B,
1574 4809 1639 4865 udal.
1656 4809 1690 4864 Μ

398 4893 563 4965 incorrupta
581 4891 735 4964 eloquendi
754 4892 908 4950 secundum
927 4909 1077 4950 romanum
1096 4892 1225 4964 lingnam
1244 4891 1272 4947 Β
1346 4896 1379 4946 22
1399 4889 1527 4963 linguam
1547 4907 1599 4947 om.
1620 4891 1656 4948 Μ
