3610 5482
623 261 673 320 ou
693 261 987 322 camoenarum
1211 275 1218 288 ν
1422 270 1466 338 43
1555 297 1557 302 .

127 461 196 514 erat
218 449 363 512 adnotare
390 448 495 512 eadem
518 469 595 534 quae
614 449 742 516 Vrsinus
761 447 855 516 edidit
874 461 943 516 ante
963 473 1033 518 eum
1052 457 1173 520 inventa
1191 459 1223 522 in
1243 476 1334 522 manu
1354 463 1468 543 scripto

127 559 207 623 libro
226 559 295 640 legi
328 567 489 642 praeterea
507 563 611 623 curavi
629 568 665 624 ut
683 561 756 642 quid
776 580 793 623 a
811 566 1007 644 grammatico
1027 562 1064 626 de
1087 549 1195 630 iisdem
1220 567 1313 632 rebus
1338 569 1467 632 diversis

128 668 203 730 locis
223 667 412 750 disputatum
432 679 522 754 esset,
545 670 575 735 id
596 671 677 752 quod
697 690 787 754 saepe
807 671 919 736 lactum
939 681 995 757 est,
1019 674 1251 756 significaretur.
1285 696 1322 739 ex
1341 672 1469 742 aliorum

127 785 231 840 autem
258 781 525 860 grammaticorum
553 779 627 843 locis
656 798 709 842 eos
736 783 789 866 qui
817 780 854 843 ad
878 779 973 864 Longi
997 791 1157 866 praecepta
1191 783 1392 868 intellegenda
1420 787 1466 850 vel

126 886 163 948 ad
192 885 285 949 verba
313 887 501 972 emendanda
530 891 656 952 maxime
686 889 879 971 pertinebant
906 891 1044 978 indicavi.
1082 900 1218 956 ceterum
1243 893 1491 982 ᾳιιο(141)1]ειοΛ

126 995 321 1059 adnotatione
351 995 584 1080 discrepantiam
607 995 799 1063 Parrbasiani
828 998 942 1064 codicis
970 1003 1121 1084 separavi,
1148 1001 1222 1065 illud
1252 1021 1324 1066 sanc
1353 1005 1465 1066 incom-

125 1103 252 1168 modum
273 1104 389 1189 babuit,
413 1107 493 1189 quod
518 1125 579 1170 non
604 1106 701 1171 solnm
725 1108 817 1172 multa
842 1127 919 1190 quae
943 1111 1058 1190 pariter
1082 1121 1226 1192 corrupta
1249 1120 1280 1174 ct
1303 1113 1335 1174 in
1358 1113 1463 1176 codice

123 1223 156 1277 et
178 1216 211 1276 in
236 1215 375 1297 principe
399 1214 531 1278 editione
555 1214 698 1297 leguntur
720 1215 773 1296 ,his
801 1215 941 1298 ponenda
967 1225 1071 1300 erant,
1098 1217 1151 1280 sed
1176 1216 1270 1282 'stiam
1298 1221 1371 1301 quid
1399 1223 1464 1304 ipse

123 1322 365 1406 emendaverint,
399 1322 471 1408 quid
508 1323 545 1386 ab
578 1325 644 1388 aliis
677 1326 846 1408 receperim
878 1328 980 1388 minus
1010 1325 1096 1388 facile
1127 1327 1320 1410 perspicitur.
1358 1347 1464 1391 verum

121 1443 226 1496 umen
249 1435 282 1496 in
305 1441 368 1497 um
390 1441 534 1517 corrupta
557 1429 627 1497 libri
651 1436 817 1518 scriptura,
847 1435 936 1497 cuius
959 1436 1058 1498 omnis
1082 1439 1247 1499 auctoritas
1270 1455 1331 1500 uno
1356 1438 1460 1502 codice

17 1599 18 1608 ,
120 1545 343 1628 contineretur,
366 1544 440 1606 utile
464 1561 532 1606 esse
556 1543 685 1606 iudicavi
709 1561 810 1606 veram
833 1551 924 1626 atque
948 1546 1098 1625 integram
1120 1543 1259 1608 lectionis
1282 1549 1459 1610 memoriam

120 1670 178 1732 per
203 1670 237 1714 se
261 1653 390 1733 positam
414 1651 584 1732 legentibus
609 1661 848 1734 repraesentare.
1411 1711 1420 1718 .

215 1758 259 1822 lle
283 1763 349 1842 ipso
373 1759 449 1822 libro
472 1779 569 1843 pauca
592 1761 699 1824 dicam.
736 1759 854 1824 Velium
872 1761 1011 1843 Longum
1034 1764 1127 1844 igitur
1151 1762 1266 1826 Gellius
1283 1771 1350 1826 ‘tarn
1370 1783 1460 1846 quam

14 1893 15 1900 ¹
119 1885 194 1930 suae
219 1871 327 1932 aetatis
349 1871 578 1950 grammaticum
602 1870 649 1933 rel
679 1889 739 1934 non
763 1869 858 1932 molto
882 1872 1087 1955 superiorem,
1110 1881 1145 1936 ut
1169 1872 1300 1955 videtur,
1328 1891 1459 1936 comme·

118 1978 249 2042 muravit
277 1986 358 2042 noct
383 1987 434 2044 att
457 1977 552 2041 xvtn
575 1975 606 2062 9,
628 1979 665 2064 4,
693 1985 774 2044 ulter
802 1987 905 2043 auten
933 1983 985 2042 ille
1017 1981 1172 2042 eruditior
1200 1983 1280 2044 nihii
1307 1984 1459 2058 mendum,

12 2087 13 2092 ’
116 2090 175 2151 sed
200 2097 287 2152 recte
310 2097 404 2168 atque
427 2094 549 2168 intepre
570 2093 721 2169 cereptum
745 2107 812 2154 esse
830 2087 1057 2168 perseverabat
1079 2096 1110 2150 et
1140 2088 1222 2151 Velio
1246 2089 1366 2166 coneo,
1396 2109 1458 2154 nou

116 2201 237 2262 homini
261 2202 398 2274 indocto,
418 2201 512 2274 tidem
537 2217 603 2260 esse
624 2199 814 2280 habendum,
842 2199 897 2274 qui
920 2200 952 2258 iu
976 2200 1205 2274 commentario,
1230 2200 1314 2274 quod
1332 2197 1460 2275 fecisset

9 2302 10 2364 l
117 2309 156 2369 de
171 2325 231 2368 usae
247 2311 397 2385 antiquae
419 2309 567 2382 lectionis,
590 2308 755 2385 scripserit
778 2323 839 2368 non
859 2299 1011 2388 ‘inseque’
1031 2308 1118 2385 opud
1132 2306 1266 2368 Ennium
1285 2309 1456 2382 tepeudum,

8 2400 9 2429 ¹
116 2418 174 2478 sed
197 2409 335 2478 ‘trasece'.
372 2413 481 2478 deinde
506 2414 584 2496 apud
610 2414 779 2477 Charisinm
804 2414 925 2496 saepius
955 2415 1022 2476 eius
1050 2414 1164 2476 mentio
1193 2413 1271 2475 lacta
1298 2423 1359 2485 est:
1388 2435 1456 2480 nam

116 2523 214 2610 etde
242 2521 454 2606 inaequalitate
482 2521 678 2585 derivationis
706 2520 825 2584 libellus
855 2523 966 2584 citatur
989 2539 1017 2603 p.
1042 2517 1101 2605 93,
1124 2517 1166 2584 31
1197 2527 1267 2586 item
1296 2543 1367 2586 crem
1393 2529 1457 2588 sint

5 2697 6 2738 ,
120 2633 205 2697 Titus
236 2641 268 2696 et
294 2637 385 2712 lupus
411 2635 541 2708 similia,
570 2633 707 2692 thermas
739 2631 856 2692 Tirinus
887 2637 921 2691 ut
947 2633 1043 2708 pelles
1072 2634 1195 2710 lupinus
1225 2649 1285 2694 nou
1314 2635 1454 2710 dicimus,

114 2743 172 2804 sed
197 2740 346 2804 Titianus.
385 2744 424 2804 de
446 2759 509 2818 quo
532 2743 712 2818 quaestione
735 2758 755 2800 α
787 2739 870 2802 Velio
894 2738 1001 2816 Loaqo
1023 2740 1144 2802 libellus
1171 2745 1308 2820 scriptus
1336 2749 1394 2818 est,
1423 2751 1454 2804 et
1548 2807 1552 2814 ,

115 2849 355 2912 commentarius
383 2850 414 2910 in
443 2846 566 2930 Vergilii
594 2847 756 2910 Aeneidem
785 2866 814 2929 p.
841 2843 917 2928 113,
940 2841 992 2909 29.
1024 2843 1105 2928 175,
1131 2843 1181 2909 14.
1211 2843 1292 2930 210,
1317 2845 1346 2930 l,
1375 2867 1453 2930 quae

115 2959 216 3020 omnia
241 2955 317 3019 Iulio
341 2955 476 3020 Romano
509 2965 634 3020 auctore
662 2975 678 3018 a
707 2954 844 3018 Charisio
874 2954 967 3018 relata
995 2973 1062 3016 esse
1090 2963 1174 3035 puto.
1221 2967 1382 3037 excerptae
1415 2975 1452 3020 ex

114 3065 223 3128 eodem
246 3068 464 3130 commentario
484 3067 694 3130 adnotationes
718 3064 861 3145 leguntur
880 3065 910 3125 in
932 3060 1054 3124 scholiis
1074 3061 1300 3126 Veronensibus
1322 3073 1353 3126 et
1371 3065 1450 3146 apud

113 3175 254 3238 Serum
279 3177 311 3238 in
334 3174 421 3259 Verg.
445 3175 565 3239 Aemll
588 3172 705 3238 24501
728 3171 915 3236 blacrobium
939 3181 1053 3235 saturn.
1077 3171 1118 3234 Ill
1143 3170 1173 3250 6,
1198 3171 1233 3235 6:
1257 3173 1295 3233 cl.
1314 3170 1449 3235 Ribbeck
1474 3174 1477 3181 '

111 3283 188 3366 prol.
211 3287 245 3350 in
260 3263 379 3368 Vergil.
401 3305 431 3368 p:
458 3279 573 3370 169.*)
616 3283 694 3347 libro
724 3282 761 3346 de
790 3280 1003 3364 orthographia
1032 3298 1107 3343 usus
1136 3289 1183 3344 est
1211 3279 1388 3363 Papinianus
1418 3285 1448 3344 in

111 3397 265 3476 excerptis
289 3393 484 3476 Cassiodorii,
514 3397 566 3476 qni
589 3412 698 3456 nomen
723 3394 912 3474 grammatici
935 3390 1095 3473 appellavit
1118 3408 1145 3471 p.
1170 3385 1269 3451 2292.
1311 3388 1447 3452 eiusdem

110 3501 181 3564 libri
204 3511 348 3584 excerpta
373 3502 581 3566 Cassiodorius
605 3511 675 3584 post
698 3509 840 3583 excerpta
865 3499 992 3562 Cornuti
1015 3501 1130 3584 posuit,
1175 3519 1183 3533 ·
1283 3511 1287 3516 ·

202 3611 237 3673 In
272 3610 486 3694 orthographia
519 3619 620 3675 autem
655 3610 809 3674 tractanda
842 3610 964 3689 Longus
997 3606 1093 3670 simile
1128 3606 1287 3670 consilium
1321 3615 1446 3672 secutus

108 3729 201 3801 atque
236 3720 370 3783 Scaurus
400 3739 417 3781 a
449 3728 598 3801 potestate
632 3719 802 3783 litterarum
834 3719 955 3781 initium
988 3715 1161 3798 disputandi
1196 3714 1275 3778 iecit.
1321 3719 1353 3778 in
1387 3735 1445 3798 qua

107 3805 314 3910 disputatione
337 3831 500 3912 praecipue
525 3829 562 3892 de
586 3831 623 3891 iis
647 3828 767 3910 litteris,
791 3831 821 3890 in
846 3825 958 3908 quibus
977 3826 1104 3888 maxime
1130 3827 1324 3906 quaestiones
1344 3824 1444 3887 ortho-

106 3935 295 4018 graphorum
319 3947 488 4020 versantur,
512 3937 549 4001 de
574 3940 634 4002 iet
658 3957 687 4019 u,
711 3935 749 3999 de
773 3934 883 3999 litteris
907 3933 1080 4017 duplicibus
1103 3952 1121 3995 x
1146 3941 1177 3996 et
1200 3954 1225 4017 z,
1249 3934 1285 3996 de
1310 3933 1339 4018 b,
1362 3933 1400 3996 de
1427 3954 1442 3996 c

106 4045 181 4108 eth
207 4054 237 4108 et
262 4065 281 4126 q
304 4045 415 4108 litteris
443 4048 596 4130 copiosius
620 4048 772 4110 disseruit
810 4045 882 4108 binc
906 4044 943 4106 ad
967 4039 1178 4126 ‘quaestiones
1202 4060 1280 4124 qnae
1304 4040 1443 4122 incidunt

199 4239 224 4310 'l
243 4239 288 4294 Ad
308 4238 546 4296 commentarium
564 4237 595 4296 in
614 4240 738 4313 Vergilii
755 4238 914 4295 Aeneidem
933 4253 968 4293 ee
987 4252 1099 4308 quoque
1118 4234 1270 4291 referenda
1284 4237 1351 4290 suni
1369 4253 1442 4305 quae

103 4323 135 4379 in
154 4323 273 4380 scholiis
293 4319 591 4379 adstat.schill.11
611 4329 644 4378 41
664 4341 693 4394 p.
713 4327 765 4378 441
786 4321 830 4376 ed.
849 4319 1002 4376 Lindenbr.
1023 4319 1157 4388 corrupto
1182 4313 1309 4372 cultoris
1321 4315 1464 4384 'nomine,

104 4404 142 4460 de
160 4404 253 4462 Pholo
273 4409 410 4464 centauro
430 4405 538 4476 scriptu
556 4403 694 4476 feruutur,
714 4403 738 4458 si
752 4402 839 4459 modo
854 4417 954 4456 verum
969 4398 999 4454 in
1012 4399 1058 4454 his
1073 4401 1118 4454 est
1131 4395 1208 4452 Velii
1222 4395 1314 4468 Longi
1328 4414 1441 4466 nomen,

103 4486 197 4557 ala'que'
214 4488 312 4544 dicunt
329 4489 403 4560 quod
421 4505 483 4546 euru
502 4485 637 4542 Heroides
655 4489 757 4542 occidit
774 4493 916 4556 mespres
935 4484 970 4540 ab
990 4499 1020 4538 eo
1037 4478 1165 4550 hospitio.
1207 4476 1301 4533 Velius
1319 4478 1443 4552 [Asper]
1509 4484 1513 4490 ’

104 4566 222 4640 Laneus
249 4569 370 4626 Pholum
397 4571 487 4628 trudit
513 4569 646 4645 adsumas
669 4576 813 4624 centauros
836 4567 871 4621 ab
896 4564 1018 4620 Hercule
1041 4563 1183 4628 adiutum,
1208 4576 1270 4614 mem
1294 4557 1442 4616 Hermetem

103 4652 261 4722 recepisses·
279 4651 372 4723 Asper
390 4655 488 4722 trudit,
507 4653 574 4709 derra
592 4652 711 4724 sapidos
730 4647 861 4704 Herculis
879 4652 978 4718 stupet,
997 4643 1047 4715 qui
1064 4649 1103 4698 tot
1123 4640 1276 4697 Oeniandos
1294 4643 1440 4711 occidunt,

102 4749 190 4787 unam
208 4750 243 4789 ca
257 4733 316 4790 cilis
334 4735 366 4790 iu
380 4735 478 4806 pedem
497 4734 633 4801 cecidisse,
653 4733 734 4788 cuiue
751 4731 863 4786 culum
876 4733 976 4785 mouri
990 4743 1048 4786 uon
1061 4735 1164 4799 poblit-
1197 4751 1265 4790 nam
1280 4753 1345 4792 eam
1358 4741 1441 4804 faba.

103 4810 162 4867 lam
180 4811 354 4886 interpretes
373 4813 497 4886 Vergilii
515 4816 688 4876 rettulerunt
705 4812 737 4868 in
755 4812 825 4870 Aen.
845 4810 912 4867 VIII
931 4817 994 4868 294.
