3610 5482
343 356 388 423 56
894 355 997 414 nunu
1015 355 1132 416 120qu

342 471 365 508 p.
381 459 441 500 1110.
456 460 483 500 11
498 458 522 498 e.
891 454 900 463 ·

229 625 235 637 .
344 554 432 626 runt,
461 542 511 605 alii
534 543 668 604 conteuti
692 529 828 606 iu'erunt'
844 542 916 607 huie
939 543 1132 626 productioni
1157 547 1167 608 i
1190 545 1309 629 longam
1338 558 1389 611 aut
1416 558 1517 612 notam
1547 547 1680 614 dedisse.

344 652 394 714 aiii
417 668 503 736 veru,
527 668 658 731 quorum
681 658 728 713 est
751 653 824 714 item
848 651 996 736 Lucilius,
1020 655 1101 716 varie
1126 655 1386 738 scriptitaverunt‚
1409 657 1558 738 siquidem
1582 659 1613 720 in
1638 658 1680 719 iis

304 761 306 766 ’
346 777 422 842 quse
445 756 689 842 producerentur
712 757 768 832 slis
796 763 885 840 pert
913 759 1045 845 longam,
1074 760 1129 823 alia
1157 779 1213 844 per
1236 781 1253 824 e
1278 765 1342 826 eti
1370 771 1564 848 notaverunt,
1593 763 1679 826 vetut

346 867 516 930 diberentia
540 865 688 948 quaedam
711 873 895 948 separantes,
919 874 953 929 ut
976 885 1045 929 carm
1068 866 1240 933 diceremus
1259 865 1364 954 friri',
1388 871 1413 930 si
1438 879 1541 934 essent
1561 869 1678 954 piures,

342 993 400 1058 per
423 993 439 1037 e
464 975 523 1036 eti
545 970 759 1056 scriberemus,
783 975 809 1034 si
833 991 904 1036 vero
929 982 1010 1036 esset
1033 977 1124 1039 unius
1147 978 1214 1060 viri,
1236 995 1292 1059 per
1311 979 1321 1040 i
1344 985 1528 1041 notaremus.
1566 987 1597 1042 et
1615 977 1675 1041 Lu·
1696 993 1713 1034 ⁵

345 1081 434 1145 cilius
456 1083 488 1145 in
512 1098 593 1144 nono

507 1183 592 1252 ‘ium
617 1191 748 1270 puerei
771 1185 933 1273 venere',
956 1208 972 1252 e
995 1200 1222 1272 postremum
1244 1191 1359 1255 tacito
1384 1191 1491 1276 atque
1516 1197 1540 1277 i,

507 1305 546 1360 ut
566 1301 704 1376 puerei
724 1295 851 1379 plures
876 1297 979 1361 itant.
1025 1299 1037 1359 i
1060 1299 1089 1360 si
1114 1298 1205 1362 iacis
1229 1299 1359 1384 solum,

506 1403 654 1488 pnpilli,
677 1407 784 1488 pueri
808 1402 869 1485 [et]
895 1403 1028 1489 Lucili,
1052 1405 1120 1469 boc
1144 1407 1253 1470 unius
1277 1407 1357 1470 fiet:

315 1495 417 1576 'item
504 1543 508 1556 ·

509 1616 593 1682 ‘boe
616 1619 674 1683 illi
697 1620 832 1683 iactum
857 1629 913 1683 est
936 1615 1024 1704 uni'‚
1048 1629 1157 1684 tenue
1182 1621 1248 1684 boc
1272 1621 1386 1685 iacies
1409 1624 1434 1685 i:

514 1723 618 1790 ‘baec
641 1725 721 1790 illei
744 1722 896 1811 iecere’,
919 1727 1007 1792 adds
1032 1749 1063 1813 e,
1087 1738 1125 1793 ut
1148 1731 1323 1813 pinguius
1347 1730 1422 1794 ilat.
1449 1723 1453 1814 i

275 1907 277 1912 ,
346 1835 485 1916 idemque
514 1835 593 1918 peila
621 1834 732 1916 quibus
763 1834 873 1898 milites
903 1844 1031 1900 utuntur
1059 1831 1115 1920 pe'r
1139 1856 1156 1899 e
1180 1846 1210 1900 et
1233 1839 1243 1900 i
1268 1837 1618 1921 scribon-deernimus,
1646 1846 1678 1901 at

345 1942 436 2025 pilam
459 1961 518 2024 qua
541 1945 673 2025 pinsitur
696 1961 752 2024 per
775 1946 794 2006 i.
841 1942 899 2006 boc
923 1943 997 2007 mibi
1024 1944 1145 2007 videtur
1172 1963 1412 2027 supervacaneae
1440 1964 1508 2008 esse
1537 1944 1677 2008 observa·

346 2053 445 2114 tionis.
491 2069 561 2114 nam
585 2054 611 2115 si
634 2053 756 2124 omnino
784 2053 816 2114 in
845 2050 1006 2114 scribendo
1035 2051 1234 2115 discernenda
1264 2071 1389 2116 casuum
1417 2071 1676 2134 numerorumque
1698 2071 1729 2112 rs

345 2156 524 2240 ambiguitas
549 2167 604 2239 est,
628 2159 700 2240 quid
724 2160 870 2222 iaciemus
888 2162 919 2221 in
939 2158 986 2222 bis
1011 2159 1184 2224 nominibus
1207 2180 1337 2243 quorum
1363 2164 1487 2243 scriptio
1512 2161 1676 2224 discrimen

347 2283 408 2329 nou
432 2265 575 2350 admittit,
603 2275 637 2328 ut
661 2267 750 2330 aedes
779 2266 867 2330 sedes
897 2265 1007 2350 nrrbes,
1037 2287 1107 2331 oum
1130 2277 1161 2331 et
1184 2287 1244 2332 rina
1268 2277 1299 2331 et
1321 2268 1424 2351 plures
1453 2255 1558 2332 eodem
1588 2269 1677 2332 modo

348 2375 487 2438 dicantur
512 2383 543 2437 et
566 2373 763 2439 scribantur?
805 2371 971 2459 quid'oum
996 2376 1124 2440 dicimus
1147 2386 1252 2458 gestus
1275 2378 1386 2440 fluctus
1409 2387 1529 2459 portus,
1553 2396 1622 2440 cum
1647 2385 1679 2440 et

288 2547 290 2554 ,
348 2485 508 2565 genetivus
527 2482 687 2564 singularis
703 2493 733 2548 et
748 2485 949 2547 nominativus
964 2492 994 2546 et
1009 2487 1197 2548 accusativus
1212 2494 1242 2547 et
1257 2487 1409 2547 vocativus
1426 2485 1551 2566 pluralis
1570 2483 1678 2548 eodem

349 2589 437 2653 modo
466 2587 661 2652 scribentur?
707 2593 780 2672 quid
809 2593 939 2673 denique
968 2595 999 2654 in
1028 2595 1065 2654 iis
1093 2611 1170 2674 quae
1200 2593 1424 2675 ambiguitatem
1455 2593 1568 2656 habent
1596 2595 1678 2656 inter
1695 2609 1727 2650 eo

223 2767 230 2776 ,
347 2701 468 2761 nomina
492 2706 523 2759 et
547 2697 646 2780 verba,
671 2707 705 2760 ut
729 2709 810 2762 rotas
834 2696 935 2762 ieras?
974 2718 1041 2762 nam
1066 2708 1126 2762 tam
1150 2700 1205 2763 bae
1230 2710 1313 2763 rotae
1335 2712 1417 2764 rotas
1442 2702 1564 2784 incinunt,
1587 2719 1677 2782 quam

440 2899 534 2956 Oodeu'
551 2897 702 2955 Parrhasii
738 2899 871 2974 bunius]
890 2917 963 2955 nnus
1038 2899 1131 2955 iiam
1150 2900 1250 2971 puerbi
1269 2917 1372 2958 uenere
1392 2905 1422 2958 et
1439 2904 1614 2974 postremum

347 2987 363 3036 8
383 2982 416 3036 ni
434 2980 529 3052 plnres
548 2979 687 3035 11011111
705 2979 729 3035 si
748 2980 819 3037 iacis
902 2987 919 3037 9
939 2981 1020 3053 pueri
1039 2984 1069 3037 et
1082 2981 1191 3038 Lucilli
1266 2987 1299 3037 12
1319 2981 1390 3038 bsec
1407 2982 1458 3037 ille
1477 2981 1570 3038 iecere
1589 2981 1677 3038 addes

346 3079 362 3116 e
381 3063 415 3117 ut
432 3057 565 3132 pinguius
583 3057 655 3114 fucit
744 3067 776 3115 1³
801 3063 832 3116 st
850 3060 911 3133 pile
928 3060 959 3116 in
978 3078 1035 3132 quo
1053 3061 1182 3132 pinsetur
1265 3069 1298 3118 lb
1318 3079 1434 3119 cunum
1453 3080 1636 3135 errorumque
1656 3065 1680 3121 0

346 3157 416 3208 corr.
426 3156 548 3212 ossuum
563 3156 800 3212 numerorumque
814 3157 830 3196 0
892 3147 924 3196 17
941 3157 997 3196 non
1011 3141 1174 3199 admittitur
1188 3146 1220 3199 ut
1234 3144 1366 3202 dessedes
1381 3144 1471 3201 nubes
1528 3150 1562 3200 19
1577 3145 1677 3201 eodem

346 3222 431 3280 modo
450 3221 645 3294 &scribuntur
663 3221 698 3279 0:
718 3221 753 3278 de
772 3221 911 3292 expunxit
929 3237 944 3276 0
1017 3229 1050 3277 21
1071 3226 1101 3279 11
1119 3224 1207 3280 uerba
1225 3227 1304 3280 rotas
1322 3223 1397 3280 ieras
1418 3225 1447 3279 et
1464 3223 1507 3278 ier
1524 3223 1616 3281 ierrss
1635 3225 1677 3281 sic

307 3323 313 3338 ·
347 3319 399 3360 nec
418 3302 503 3358 aliter
521 3301 664 3360 scribitur:
684 3321 764 3360 umor
780 3303 885 3360 Goon.
906 3303 935 3358 et
952 3304 1042 3360 uerba
1060 3309 1137 3362 rotas
1157 3307 1231 3362 ieras
1251 3305 1407 3361 Nemeum
1426 3304 1481 3361 bae
1499 3307 1578 3362 rotue
1596 3309 1677 3361 rotas

347 3383 456 3440 iaciunt
474 3399 561 3455 quam
580 3387 643 3440 roto
661 3387 739 3441 rotas
758 3387 836 3440 rotat
854 3387 882 3440 et
901 3383 961 3440 iero
980 3384 1069 3441 ferras
1085 3389 1115 3442 et
1133 3387 1193 3442 iera
1210 3386 1285 3443 ierus
1301 3387 1341 3443 sic
1356 3403 1408 3443 neo
1428 3385 1513 3442 aliter
1531 3385 1676 3442 scribitur:

347 3481 428 3521 emor
445 3480 460 3520 c
477 3463 568 3519 untes
586 3482 656 3536 quae
674 3467 706 3521 in
720 3468 818 3537 prima
835 3467 977 3536 scripturo
995 3467 1097 3523 omisso
1116 3473 1196 3524 erunt
1215 3469 1247 3522 in
1265 3469 1390 3538 margine
1409 3467 1514 3524 additis
1585 3493 1589 3501 ·
1638 3488 1643 3500 ·

437 3659 451 3709 1
481 3654 492 3709 i
516 3657 581 3724 post
604 3653 784 3724 productioni
810 3656 940 3711 eminent
963 3655 1111 3711 Putsclrius
1203 3661 1220 3710 2
1244 3656 1315 3712 item
1339 3656 1450 3713 seclusit
1468 3655 1502 3712 L.
1523 3655 1678 3713 Muellerus

345 3735 438 3790 Lucil.
457 3741 509 3792 snt.
529 3736 576 3790 rel.
593 3752 624 3804 p.
643 3739 688 3791 45.
712 3737 830 3804 fortusse
848 3735 936 3792 stium
1028 3741 1044 3790 s
1068 3753 1118 3806 per
1137 3737 1147 3792 i
1167 3737 1258 3793 solam
1282 3739 1398 3793 coniecit
1415 3737 1584 3793 Ritsclreliue
1607 3753 1678 3793 mers.

344 3813 433 3871 Ritsn
452 3831 476 3871 c.
499 3815 583 3871 XIV
598 3819 637 3882 (u.
657 3822 789 3888 1859)]1.
810 3823 875 3886 316,
899 3817 969 3873 nei
991 3819 1075 3889 longo
1098 3819 1187 3874 tribui
1209 3819 1349 3874 uideretur·
1367 3819 1480 3874 Lucilio
1560 3820 1678 3875 notave-

343 3899 411 3952 runt
436 3895 570 3953 videlicet
596 3901 628 3953 ut
656 3897 818 3954 differentis
843 3897 967 3968 quadum
994 3902 1159 3969 separantes
1185 3898 1225 3969 R,
1258 3899 1308 3954 ubi
1334 3901 1500 3971 separarent
1524 3901 1678 3957 conncerut

258 3977 269 3996 ⁸
345 3977 516 4032 Ritssbeliua
589 3984 704 4046 banus,
725 3976 778 4032 viri
797 3977 872 4048 peri
890 3977 927 4046 R,
947 3996 1018 4034 uuus
1039 3978 1116 4052 [riri]
1137 3979 1212 4050 peri
1231 3979 1408 4047 Bitscbeb'us,
1427 3979 1510 4035 unius
1529 3981 1583 4036 viri
1601 3983 1677 4053 peri

346 4059 502 4115 Muellerus
520 4063 546 4112 et
564 4057 764 4114 Lachmannns
783 4057 874 4112 Lucri.
894 4065 946 4114 sat.
961 4078 993 4130 p.
1013 4065 1050 4116 35
1127 4061 1160 4115 ut
1178 4059 1304 4116 Lucilius
1323 4061 1478 4116 Muellerus
1527 4061 1677 4118 -buoiiins

342 4141 374 4196 in
391 4138 534 4212 111110]οῙι
556 4138 716 4210 91101111
734 4135 998 4211 1110111111.
1020 4146 1100 4209 79,1
1176 4148 1191 4198 e
1217 4143 1250 4198 ut
1274 4139 1370 4212 plures
1390 4142 1509 4198 iaciant:
1534 4143 1589 4198 isi
1608 4142 1678 4198 iscis
1791 4197 1794 4202 .

343 4221 435 4279 solum
449 4218 554 4292 pupilli
567 4219 649 4293 pueri
663 4217 719 4273 huo
734 4217 816 4273 nnius
831 4217 880 4273 nas
894 4219 936 4274 R:
953 4224 986 4276 ut
999 4221 1080 4291 pueri
1095 4221 1190 4293 piures
1205 4223 1275 4278 fiunt
1286 4223 1484 4295 Quintilianus
1545 4217 1677 4293 spupilli

342 4301 427 4372 pueri
446 4299 569 4366 LuceiiI.
593 4301 647 4357 boc
671 4299 754 4356 unius
778 4299 827 4354 111
851 4300 950 4354 colluto
970 4299 1100 4357 Oborisio
1118 4301 1244 4374 Scaliger
1267 4305 1345 4372 opud
1364 4303 1491 4357 Densum
1509 4299 1601 4356 Lucil.
1625 4307 1676 4357 snt.

342 4383 389 4438 rel.
406 4386 487 4452 1144
556 4389 590 4437 11
611 4384 696 4437 tenum
715 4380 779 4436 heic
798 4382 851 4449 (uel
869 4381 944 4449 huic)
963 4381 1052 4438 facies
1071 4383 1089 4439 i.
1108 4384 1179 4439 bueo
1198 4383 1241 4439 ilii
1260 4384 1352 4441 iecere
1368 4383 1523 4437 Muellerum
1591 4389 1624 4438 12
1644 4386 1676 4440 ut

345 4462 479 4534 pinguius
503 4462 592 4519 faciut
614 4461 643 4518 Il
718 4467 751 4518 13
775 4461 907 4532 idemque
930 4462 1019 4536 psile]
1047 4464 1154 4520 Terent.
1179 4465 1280 4522 Scaur.
1302 4467 1463 4535 p.18‚23.
1499 4463 1579 4521 Mur.
1604 4464 1674 4521 Vici.

340 4559 369 4613 p.
390 4547 435 4609 18,
451 4547 469 4598 3
533 4541 593 4612 piis
611 4543 641 4599 in
659 4559 717 4614 qus
735 4541 864 4615 pinsetur
882 4540 924 4610 R,
941 4541 1030 4613 pilam
1049 4563 1106 4616 qus
1124 4547 1247 4616 pinsitur
1268 4545 1424 4600 Muellerus
1442 4541 1533 4600 lucil.
1554 4551 1606 4602 snt.
1625 4551 1674 4605 ret.
1719 4551 1738 4566 ⁶

337 4639 368 4693 p.
389 4626 426 4677 to‘
520 4629 552 4678 i't
572 4627 605 4680 ut
623 4623 755 4681 dessedes
774 4622 862 4678 nubes
879 4621 921 4688 R,
941 4626 974 4678 ut
997 4625 1081 4682 sedes
1107 4628 1187 4684 sedes
1207 4625 1296 4683 nubes
1316 4625 1499 4680 Commellnus
1589 4633 1623 4684 21
1645 4635 1676 4688 11

342 4701 443 4772 verbu,
462 4706 554 4773 rotas,
573 4707 663 4773 rotat,
682 4704 771 4772 ieros,
794 4702 874 4778 ierat.
908 4701 982 4758 Nam
1002 4706 1140 4764 cumbae
1160 4712 1241 4764 rotae
1259 4708 1416 4762 1111110111
1442 4704 1561 4776 inomni,
1586 4727 1674 4780 quem

342 4784 646 4852 1010,’10111,1ο111;
671 4785 701 4840 et
725 4785 798 4855 fero,
822 4782 910 4852 feras,
934 4782 1020 4841 fetata
1050 4787 1090 4842 sic
1119 4803 1170 4844 nec
1195 4787 1280 4844 aliter
1303 4784 1447 4841 scribitur:
1476 4801 1556 4842 amor
1580 4791 1610 4845 et
1637 4810 1673 4850 ex

340 4862 457 4920 numine
476 4863 547 4919 iacit
566 4863 670 4921 amoris
690 4868 719 4920 et
738 4881 772 4920 ex
791 4864 876 4922 verbo
895 4867 1001 4922 amaris
1019 4865 1048 4922 R
