3564 5482
369 375 437 442 426
943 371 1119 430 DOSITEEI

369 493 393 532 a.
407 477 441 521 oe
456 477 483 520 aa
497 475 528 519 a.

370 581 479 646 expers
493 579 560 625 sum
576 579 683 624 causae
699 570 730 625 et
744 579 850 640 causa,
865 563 972 644 ignoro
987 579 1121 644 oausam,
1137 579 1245 643 expers
1260 577 1328 624 sum
1342 571 1442 624 autem
1454 559 1552 639 sancii
1564 567 1593 622 et
1608 559 1701 623 iundo

369 690 430 736 non
459 669 556 735 habeo
586 671 713 734 fundum
743 671 904 752 significat:
937 669 1038 752 inpleo
1066 669 1220 733 sacculum
1248 672 1365 753 argenti
1394 679 1424 733 et
1452 679 1592 752 argento,
1625 687 1699 750 egeo

370 781 468 843 rictus
492 789 524 843 et
547 782 642 862 rictu,
664 781 765 862 potior
789 780 907 842 tructus
931 787 962 842 et
986 779 1101 862 fructu,
1125 779 1204 863 apud
1228 779 1368 861 antiquos
1397 781 1497 862 potior
1524 777 1602 841 hanc
1627 795 1701 840 rem.

461 885 666 952 Nominatirus
696 906 784 952 casus
812 886 904 950 trahit
933 885 1059 952 verbum
1087 889 1193 952 tertiae
1223 905 1386 971 personae,
1416 896 1450 950 ut
1479 885 1642 969 Pompeius
1671 888 1700 948 in

369 995 458 1059 litore
482 997 609 1080 Aegypti
633 995 745 1061 dicitur
764 995 925 1074 occidisse,
949 998 1123 1060 nominatur
1142 999 1222 1061 inter
1242 1007 1381 1060 auctores
1401 993 1534 1079 Caelius,
1557 993 1724 1077 Virgiliuso

370 1104 501 1168 Aeneida
534 1105 614 1168 iecit.
667 1108 818 1168 vocativus
852 1104 1016 1168 secundam
1048 1124 1207 1188 personam
1242 1107 1364 1188 accipit,
1397 1113 1431 1167 ut
1459 1101 1562 1187 virgili
1592 1104 1701 1187 scribe,

372 1213 479 1278 Cicero
503 1213 653 1298 responde
678 1217 800 1298 .prima
825 1232 954 1297 persona
974 1231 1034 1276 non
1054 1222 1123 1296 eget
1142 1233 1228 1299 casu,
1252 1213 1304 1276 sed
1325 1212 1456 1276 admittit
1474 1215 1700 1294 nominativum,

371 1333 405 1386 ut
436 1326 535 1386 sorrio
567 1325 750 1406 ingenuus.
780 1325 898 1387 nomina
932 1323 1026 1386 iorma
1059 1325 1288 1406 participiorum
1322 1323 1420 1404 posita
1453 1323 1585 1402 genitivo
1618 1323 1700 1384 casui

369 1434 552 1514 iunguntur,
573 1445 608 1496 ut
622 1441 769 1515 appetens
783 1433 942 1515 pecuniae,
961 1429 1124 1495 Terentius
1144 1425 1325 1514 ‘fugitans
1344 1426 1485 1494 litium’
1505 1440 1536 1492 et
1550 1429 1699 1493 Salustius

370 1535 691 1622 ‘cupientissimus
721 1537 726 1622 Ι
756 1535 866 1622 legis'
900 1589 907 1602 .
940 1541 1098 1622 participia
1131 1558 1202 1603 rero
1235 1541 1406 1603 accusativo
1439 1539 1633 1623 copulantur,
1667 1549 1734 1601 otu
1762 1555 1763 1558 ’

373 1658 519 1734 appetens
542 1652 715 1732 pecuniam,
740 1650 858 1731 irigiens
882 1647 964 1731 lites,
987 1651 1114 1732 cupiens
1138 1647 1243 1731 legem.

461 1757 545 1822 Bono
583 1761 682 1821 animo
720 1767 766 1822 est
803 1747 951 1838 εὐθυμεῖ
980 1803 988 1818 .
1023 1756 1145 1820 meliora
1180 1755 1236 1820 tibi
1273 1757 1408 1840 spondeo
1449 1751 1608 1840 βελτίονά
1645 1773 1699 1822 σοι

372 1863 606 1951 κατεμνυῶμαι
630 1914 638 1930 .
661 1869 841 1949 imaginatur
865 1864 946 1948 quod
979 1869 1063 1949 cupit
1092 1916 1099 1929 .
1127 1865 1273 1929 iudicium
1307 1866 1447 1929 conflarit
1480 1859 1700 1949 δικαστήριον

370 1969 621 2061 συνεκρότησεν
640 2023 647 2040 .
667 1983 771 2039 mutua
794 1975 859 2036 vice
880 2023 886 2037 .
906 1975 1008 2056 pergis
1032 1973 1178 2038 molestus
1201 1993 1268 2038 esse
1293 1965 1405 2057 optor
1429 1971 1604 2057 έμμένεις.
1624 1975 1699 2038 male

370 2106 530 2170 praesumo
563 2084 600 2149 de
634 2084 684 2148 illo
716 2079 826 2159 κακῶς
858 2073 1073 2165 ὑπονοοῦμαι
1107 2077 1183 2168 περὶ
1217 2079 1350 2148 ἐκείνου
1379 2131 1387 2146 .
1416 2085 1597 2166 suffragatur
1627 2085 1699 2146 milri
1713 2099 1733 2138 u

369 2194 552 2278 ψηφίζεταί
581 2215 639 2278 μοι
667 2241 675 2255 .
704 2194 873 2274 refragatur
907 2190 979 2254 milri
1012 2181 1221 2274 ἆντικτυπεῖ,
1254 2182 1500 2275 ἄντιλογιῖεταί
1528 2214 1586 2276 μοι
1609 2240 1618 2255 .
1642 2211 1699 2255 usu

241 2292 250 2312 ’
370 2304 484 2367 sorensi
514 2301 657 2365 abhorret
685 2307 780 2384 μισεῖ
804 2291 867 2382 τὴν
896 2291 1062 2382 ἀγοραῖον
1092 2347 1099 2362 .
1131 2303 1174 2364 ris
1207 2313 1237 2365 te
1270 2303 1396 2365 crimine
1430 2314 1500 2384 peto
1532 2299 1609 2384 βίας
1636 2317 1699 2365 σου

370 2408 548 2495 κατηγοροῖ
572 2457 579 2474 .
603 2413 739 2494 repperit
767 2408 825 2472 sibi
854 2407 1029 2490 dignitatem
1058 2399 1180 2492 εὕρατο
1215 2401 1306 2498 αὑτῷ
1340 2399 1469 2493 ἀξίωμα
1493 2458 1501 2474 .
1525 2411 1571 2474 iao
1599 2412 1699 2473 reniae

371 2521 407 2584 ud
432 2539 479 2583 me
503 2511 583 2584 ἐλθὲ
612 2510 697 2600 πρὸς
724 2511 784 2600 ἐμέ
806 2515 941 2580 ‚dilatat
969 2519 1136 2581 orationem
1164 2509 1382 2601 ὑπερτίθεται
1406 2509 1612 2601 interrivos
1639 2509 1698 2581 τὸν

371 2620 476 2709 λόγον
491 2674 498 2691 .
512 2635 641 2691 mortem
657 2625 714 2689 sihi
729 2625 855 2688 adscivit
877 2617 1034 2688 θάνατον
1057 2616 1149 2714 αὐτῷ
1172 2619 1419 2709 προσεπόρισεν
1435 2674 1443 2690 .
1457 2626 1557 2691 medei
1576 2645 1697 2690 suarum
1711 2641 1733 2680 ν

372 2755 475 2801 rerum
489 2727 658 2818 ἆηδιξεται
675 2732 745 2798 τῶν
767 2731 866 2797 ἰδίων
885 2725 1092 2816 πραγμάτων
1108 2783 1115 2797 .
1131 2735 1228 2799 solum
1244 2739 1334 2798 vertit
1346 2727 1385 2798 τὸ
1402 2734 1529 2820 ἔδαφος
1541 2733 1698 2820 στρέφει.

373 2847 491 2928 copiam
519 2847 567 2907 sui
591 2863 651 2907 non
678 2843 806 2927 praebet
829 2892 836 2906 .
861 2841 1040 2906 denotabilis
1068 2863 1197 2925 persona
1229 2837 1461 2926 ἐσπιλωμένον
1492 2835 1698 2927 ὑβρισμένον

370 2942 632 3036 αατεστιμμένὸν
647 2947 831 3034 πρόσωπον
842 2998 849 3013 .
860 2946 1046 3014 detestabilis
1061 2949 1150 3014 homo
1164 2946 1481 3036 καταμαρτυρηθεὶς
1494 2943 1698 3035 ἅνθρωπος.

372 3060 549 3124 execrabilis
573 3078 670 3124 annus
694 3051 879 3124 ἄπευκτέον
899 3057 973 3133 ἔτος
992 3105 999 3120 .
1020 3059 1151 3140 proclive
1171 3059 1226 3124 tibi
1245 3071 1292 3125 est
1311 3057 1485 3145 έπιρρεπές
1503 3061 1562 3124 σοι’
1582 3057 1698 3127 ἐστιν.

372 3190 439 3235 mea
458 3172 607 3234 sententia
633 3169 805 3252 praelectus
827 3163 1031 3252 προταχθείς
1053 3161 1172 3252 γνώμῃ
1202 3165 1264 3254 ἐμῇ
1284 3217 1292 3232 .
1312 3179 1412 3233 cetera
1435 3172 1576 3252 egregius
1599 3161 1730 3233 torale

466 3371 559 3428 (iodea
578 3370 778 3442 Sonpalleness.
831 3372 998 3442 lexpertus
1027 3387 1089 3426 sum
1118 3387 1219 3428 causae
1248 3375 1277 3428 et
1304 3372 1404 3445 ignoro
1433 3387 1547 3428 oenum
1567 3375 1698 3446 expertos

372 3455 544 3510 rumonim
559 3451 647 3508 fundo
687 3501 691 3508 .
720 3453 887 3510 nuscanum
961 3452 1142 3524 ouegyptios
1156 3452 1260 3508 dicitur
1275 3454 1397 3511 occidire
1416 3453 1608 3512 nominatione
1627 3453 1698 3510 inter

409 3533 654 3591 inominatiuum
682 3538 713 3592 et
735 3534 823 3592 seruit
840 3533 960 3606 ingenus
1037 3540 1053 3589 9
1074 3533 1226 3590 tementius
1301 3541 1336 3590 14
1355 3554 1592 3608 οχαονενεμενεις
1667 3539 1697 3590 15

251 3659 254 3664 ,
372 3615 449 3688 napi]
470 3636 528 3686 παρ
614 3623 645 3672 i'l
675 3637 795 3688 ανοραιο
877 3623 910 3673 18
931 3634 1034 3684 ευρατο
1064 3617 1209 3684 (superior.
1229 3615 1266 3671 al.
1285 3632 1359 3672 man.
1379 3619 1467 3686 αντα)
1492 3617 1592 3689 «Rapa
1666 3621 1695 3670 21

372 3695 533 3770 ἀνθέξεται]
553 3701 735 3768 mandatores
809 3699 912 3756 solium
985 3715 1084 3768 σττφει
1164 3701 1198 3750 22
1218 3696 1347 3769 praebet]
1366 3697 1435 3768 poor
1511 3704 1546 3754 24
1565 3717 1696 3769 rupem

409 3785 445 3836 24
463 3783 782 3853 προταχθισαννωμημη
1362 3803 1365 3811 ¹

466 3951 479 3999 1
501 3961 600 4016 expers
620 3961 681 4000 sum
701 3959 802 4000 causae
823 3947 852 3998 et
871 3959 957 3998 consa
975 3940 1074 4012 ignoro
1094 3957 1223 4010 causam,
1252 3957 1351 4012 expers
1375 3959 1438 3998 sum
1460 3941 1541 4000 fundi
1565 3943 1697 4000 otiando

373 4039 431 4081 non
449 4023 542 4082 habeo
561 4026 681 4083 fundum
701 4027 848 4082 Glrariss'ns
863 4042 894 4094 p.
914 4027 1021 4089 295,32
1109 4029 1126 4078 4
1145 4021 1343 4079 Nomiustirus
1362 4053 1395 4064 -
1415 4025 1432 4077 8
1450 4022 1588 4095 ἱοροοαοε
1607 4025 1696 4081 Dion.

369 4125 400 4179 μ.
427 4113 526 4176 310,31
615 4114 630 4163 7
655 4105 784 4162 admittit
808 4104 1029 4175 nominativum,
1057 4105 1090 4159 ut
1116 4105 1209 4161 servio
1228 4103 1366 4176 ingenuus
1386 4105 1545 4178 Diomedes,
1573 4105 1698 4162 admittit

373 4188 541 4260 plerumque
559 4189 768 4246 nominatinnm
787 4187 910 4242 utlibet
929 4186 1020 4243 cornio
1040 4185 1178 4258 ingenuus
1203 4185 1297 4242 milito
1318 4187 1356 4242 M
1436 4192 1452 4243 8
1472 4188 1587 4245 nomina
1609 4189 1696 4245 formu

373 4269 602 4344 participiorum]
619 4271 865 4342 Diom.p.311‚26
941 4270 1004 4324 tut
1017 4273 1155 4339 appetens
1173 4267 1310 4338 pecuniae
1325 4285 1437 4326 croesus
1453 4269 1493 4324 Μ
1560 4269 1695 4343 θηρίοισι]

377 4351 437 4406 Ter.
460 4351 572 4408 Phoron.
593 4353 646 4408 IV
662 4358 727 4421 3,18
821 4359 853 4407 12
873 4351 951 4407 Bono
977 4349 1125 4405 animo-
1146 4355 1226 4418 disp
1250 4349 1386 4406 inlibatus
1409 4351 1552 4425 uumerus]
1577 4353 1696 4408 ιιιαπὲτιο

339 4449 342 4456 ·
374 4432 474 4488 lamen
492 4434 676 4490 elocutionum
695 4451 767 4506 pars
790 4435 822 4489 in
845 4433 935 4490 codice
955 4431 1079 4487 (lisarieir¹
1101 4431 1122 4498 f.
1143 4435 1181 4487 25
1205 4431 1257 4488 ead
1281 4433 1363 4488 titulo
1386 4433 1419 4488 de
1437 4433 1578 4489 latinitate
1595 4435 1696 4504 scripta

374 4517 426 4580 est,
445 4515 545 4570 οιοίεεα
564 4521 656 4571 tamen
674 4531 774 4586 μνασεο
799 4515 1040 4585 interpretatione.-
1063 4513 1099 4580 cf.
1118 4529 1232 4584 ρτοιιινι.
1252 4515 1300 4570 lat.
1320 4515 1372 4570 ool.
1392 4513 1420 4569 I.
1436 4515 1529 4584 praef.
1544 4532 1575 4585 μ.
1597 4515 1634 4573 X
1653 4513 1696 4570 sed

374 4595 415 4651 iln'
434 4601 458 4650 et
478 4613 530 4666 per
552 4599 678 4654 ordinem
701 4597 858 4652 litterarum
880 4595 1017 4666 disposita
1039 4599 1105 4650 eant
1128 4611 1161 4650 ea
1179 4611 1250 4665 quae
1274 4597 1324 4652 loe
1342 4597 1401 4652 loco
1418 4595 1497 4652 nullo
1515 4601 1586 4652 aerio
1604 4596 1696 4652 ordine

375 4681 502 4746 ιοιιμαιο
521 4677 684 4734 exhibentur
702 4684 728 4734 et
747 4677 835 4733 malta
853 4677 966 4742 addita,
981 4693 1078 4746 pauca
1096 4679 1197 4734 omissa
1210 4685 1284 4736 nort.
1305 4695 1339 4734 ea
1352 4679 1396 4734 irie
1408 4693 1503 4748 pauca
1516 4695 1586 4750 puae
1600 4679 1695 4735 rectius

374 4758 407 4812 in
425 4759 515 4814 codice
530 4758 655 4816 Charisii
672 4760 779 4830 scripta
792 4763 859 4814 sant
874 4759 904 4813 in
919 4761 1098 4816 adnotatione
1112 4761 1251 4831 adscripsi
1323 4766 1358 4815 20
1367 4757 1464 4814 toedio
1479 4775 1593 4815 suemm
1608 4776 1692 4816 rerum

375 4838 522 4895 ὀθονίνου
594 4845 628 4896 22
648 4841 760 4911 copiam
779 4839 822 4897 sui
841 4855 898 4895 nou
916 4839 1035 4911 praebet
1054 4840 1201 4898 ωιονιεινε
1273 4847 1308 4896 24
1323 4839 1467 4912 proiectus
1481 4857 1546 4897 mea
1560 4841 1694 4898 mannua

377 4920 415 4974 ll
432 4936 497 4976 mes
515 4921 657 4977 sententia
675 4921 802 4993 perlecta
821 4925 865 4979 est
884 4921 1032 4979 ίθιονίεινε
