<?xml version="1.0" encoding="UTF-8"?>
<!DOCTYPE html PUBLIC "-//W3C//DTD XHTML 1.0 Transitional//EN"
    "http://www.w3.org/TR/xhtml1/DTD/xhtml1-transitional.dtd">
<html xmlns="http://www.w3.org/1999/xhtml" xml:lang="en" lang="en">
 <head>
  <title>
</title>
<meta http-equiv="Content-Type" content="text/html;charset=utf-8" />
  <meta name='ocr-system' content='tesseract 3.04.00' />
  <meta name='ocr-capabilities' content='ocr_page ocr_carea ocr_par ocr_line ocrx_word'/>
</head>
<body>
  <div class='ocr_page' id='page_1' title='image "./grammaticilatin00unkngoog/grammaticilatin00unkngoog_0541.png"; bbox 0 0 3604 5486; ppageno 0'>
   <div class='ocr_carea' id='block_1_1' title="bbox 341 311 1233 468">
    <p class='ocr_par' dir='ltr' id='par_1_1' title="bbox 341 311 1233 468">
     <span class='ocr_line' id='line_1_1' title="bbox 342 311 1233 388; baseline -0.009 -8"><span class='ocrx_word' id='word_1_1' title='bbox 342 313 408 382; x_wconf 79' lang='lat' dir='ltr'><strong>aaa</strong></span> <span class='ocrx_word' id='word_1_2' title='bbox 789 311 978 388; x_wconf 79' lang='lat' dir='ltr'><strong>[nonnam</strong></span> <span class='ocrx_word' id='word_1_3' title='bbox 1005 311 1233 388; x_wconf 76' lang='lat' dir='ltr'><strong>moncons]</strong></span> 
     </span>
     <span class='ocr_line' id='line_1_2' title="bbox 341 414 471 468; baseline -0.008 -10"><span class='ocrx_word' id='word_1_4' title='bbox 341 427 364 468; x_wconf 86' lang='lat' dir='ltr'><strong>p.</strong></span> <span class='ocrx_word' id='word_1_5' title='bbox 378 414 433 460; x_wconf 71' lang='grc'><strong>1200</strong></span> <span class='ocrx_word' id='word_1_6' title='bbox 446 416 471 458; x_wconf 77' lang='lat'><strong>1³.</strong></span> 
     </span>
    </p>
   </div>
   <div class='ocr_carea' id='block_1_2' title="bbox 343 500 1721 2968">
    <p class='ocr_par' dir='ltr' id='par_1_2' title="bbox 343 500 1677 803">
     <span class='ocr_line' id='line_1_3' title="bbox 435 500 1677 586; baseline -0.002 -20"><span class='ocrx_word' id='word_1_7' title='bbox 435 502 622 584; x_wconf 68' lang='lat' dir='ltr'><strong>Diligentiam</strong></span> <span class='ocrx_word' id='word_1_8' title='bbox 647 511 678 566; x_wconf 89' lang='grc' dir='ltr'><strong>ει</strong></span> <span class='ocrx_word' id='word_1_9' title='bbox 701 520 814 566; x_wconf 86' lang='lat' dir='ltr'><strong>curam.</strong></span> <span class='ocrx_word' id='word_1_10' title='bbox 861 501 1015 586; x_wconf 77' lang='lat' dir='ltr'><strong>diligentia</strong></span> <span class='ocrx_word' id='word_1_11' title='bbox 1034 520 1050 564; x_wconf 91' lang='grc' dir='ltr'><strong>ε</strong></span> <span class='ocrx_word' id='word_1_12' title='bbox 1069 500 1220 584; x_wconf 67' lang='lat' dir='ltr'><strong>diligatam</strong></span> <span class='ocrx_word' id='word_1_13' title='bbox 1240 501 1370 585; x_wconf 84' lang='lat' dir='ltr'><strong>singula,</strong></span> <span class='ocrx_word' id='word_1_14' title='bbox 1394 501 1465 566; x_wconf 90' lang='lat' dir='ltr'><strong>huic</strong></span> <span class='ocrx_word' id='word_1_15' title='bbox 1485 501 1677 584; x_wconf 79' lang='lat' dir='ltr'><strong>neglegentia</strong></span> 
     </span>
     <span class='ocr_line' id='line_1_4' title="bbox 343 611 1676 695; baseline -0.002 -21"><span class='ocrx_word' id='word_1_16' title='bbox 343 614 522 695; x_wconf 90' lang='lat' dir='ltr'><strong>opponitur,</strong></span> <span class='ocrx_word' id='word_1_17' title='bbox 541 630 597 675; x_wconf 88' lang='lat' dir='ltr'><strong>nec</strong></span> <span class='ocrx_word' id='word_1_18' title='bbox 617 613 725 695; x_wconf 79' lang='lat' dir='ltr'><strong>recipit</strong></span> <span class='ocrx_word' id='word_1_19' title='bbox 744 631 892 677; x_wconf 86' lang='lat' dir='ltr'><strong>errorem:</strong></span> <span class='ocrx_word' id='word_1_20' title='bbox 913 629 986 675; x_wconf 88' lang='lat' dir='ltr'><strong>cura</strong></span> <span class='ocrx_word' id='word_1_21' title='bbox 1005 612 1098 675; x_wconf 90' lang='lat' dir='ltr'><strong>animi</strong></span> <span class='ocrx_word' id='word_1_22' title='bbox 1116 621 1178 695; x_wconf 88' lang='grc' dir='ltr'><strong>εει,</strong></span> <span class='ocrx_word' id='word_1_23' title='bbox 1201 629 1278 694; x_wconf 88' lang='lat' dir='ltr'><strong>quae</strong></span> <span class='ocrx_word' id='word_1_24' title='bbox 1297 613 1419 675; x_wconf 81' lang='lat' dir='ltr'><strong>annium</strong></span> <span class='ocrx_word' id='word_1_25' title='bbox 1434 612 1505 675; x_wconf 90' lang='lat' dir='ltr'><strong>iacit</strong></span> <span class='ocrx_word' id='word_1_26' title='bbox 1519 611 1676 674; x_wconf 86' lang='lat' dir='ltr'><strong>bominem</strong></span> 
     </span>
     <span class='ocr_line' id='line_1_5' title="bbox 343 719 1089 803; baseline -0.003 -19"><span class='ocrx_word' id='word_1_27' title='bbox 343 730 457 784; x_wconf 87' lang='lat' dir='ltr'><strong>ettam</strong></span> <span class='ocrx_word' id='word_1_28' title='bbox 481 719 625 784; x_wconf 82' lang='lat' dir='ltr'><strong>honestae</strong></span> <span class='ocrx_word' id='word_1_29' title='bbox 650 738 739 803; x_wconf 87' lang='lat' dir='ltr'><strong>quam</strong></span> <span class='ocrx_word' id='word_1_30' title='bbox 763 721 941 785; x_wconf 79' lang='lat' dir='ltr'><strong>inhonestae</strong></span> <span class='ocrx_word' id='word_1_31' title='bbox 964 723 1010 783; x_wconf 91' lang='lat' dir='ltr'><strong>rei</strong></span> <span class='ocrx_word' id='word_1_32' title='bbox 1033 729 1089 783; x_wconf 88' lang='grc' dir='ltr'><strong>εει.</strong></span> 
     </span>
    </p>

    <p class='ocr_par' dir='ltr' id='par_1_3' title="bbox 437 828 1677 913">
     <span class='ocr_line' id='line_1_6' title="bbox 437 828 1677 913; baseline -0.001 -21"><span class='ocrx_word' id='word_1_33' title='bbox 437 828 564 911; x_wconf 84' lang='lat' dir='ltr'><strong>Regium</strong></span> <span class='ocrx_word' id='word_1_34' title='bbox 588 839 619 892; x_wconf 88' lang='lat' dir='ltr'><strong>et</strong></span> <span class='ocrx_word' id='word_1_35' title='bbox 641 829 751 912; x_wconf 87' lang='lat' dir='ltr'><strong>regale.</strong></span> <span class='ocrx_word' id='word_1_36' title='bbox 789 832 907 913; x_wconf 88' lang='lat' dir='ltr'><strong>regium</strong></span> <span class='ocrx_word' id='word_1_37' title='bbox 926 829 1008 912; x_wconf 89' lang='lat' dir='ltr'><strong>quod</strong></span> <span class='ocrx_word' id='word_1_38' title='bbox 1026 831 1122 913; x_wconf 89' lang='lat' dir='ltr'><strong>regis,</strong></span> <span class='ocrx_word' id='word_1_39' title='bbox 1146 828 1245 912; x_wconf 88' lang='lat' dir='ltr'><strong>regale</strong></span> <span class='ocrx_word' id='word_1_40' title='bbox 1270 828 1351 910; x_wconf 89' lang='lat' dir='ltr'><strong>quod</strong></span> <span class='ocrx_word' id='word_1_41' title='bbox 1376 848 1447 912; x_wconf 88' lang='lat' dir='ltr'><strong>rege</strong></span> <span class='ocrx_word' id='word_1_42' title='bbox 1470 829 1597 912; x_wconf 90' lang='lat' dir='ltr'><strong>dignum</strong></span> <span class='ocrx_word' id='word_1_43' title='bbox 1621 836 1677 891; x_wconf 81' lang='grc' dir='ltr'><strong>εει</strong></span> 
     </span>
    </p>

    <p class='ocr_par' dir='ltr' id='par_1_4' title="bbox 345 937 1707 1220">
     <span class='ocr_line' id='line_1_7' title="bbox 435 937 1707 1024; baseline 0.002 -24"><span class='ocrx_word' id='word_1_44' title='bbox 435 937 605 1002; x_wconf 79' lang='lat' dir='ltr'><strong>Ematicum</strong></span> <span class='ocrx_word' id='word_1_45' title='bbox 621 947 651 1002; x_wconf 92' lang='lat' dir='ltr'><strong>et</strong></span> <span class='ocrx_word' id='word_1_46' title='bbox 666 941 849 1002; x_wconf 86' lang='lat' dir='ltr'><strong>erratteium</strong></span> <span class='ocrx_word' id='word_1_47' title='bbox 881 939 1031 1002; x_wconf 83' lang='lat' dir='ltr'><strong>erraticus</strong></span> <span class='ocrx_word' id='word_1_48' title='bbox 1055 947 1085 1000; x_wconf 91' lang='grc' dir='ltr'><strong>ει</strong></span> <span class='ocrx_word' id='word_1_49' title='bbox 1109 947 1209 1021; x_wconf 85' lang='lat' dir='ltr'><strong>potest</strong></span> <span class='ocrx_word' id='word_1_50' title='bbox 1228 957 1331 1002; x_wconf 88' lang='lat' dir='ltr'><strong>errare</strong></span> <span class='ocrx_word' id='word_1_51' title='bbox 1351 948 1383 1003; x_wconf 90' lang='lat' dir='ltr'><strong>et</strong></span> <span class='ocrx_word' id='word_1_52' title='bbox 1401 939 1491 1024; x_wconf 90' lang='lat' dir='ltr'><strong>solet,</strong></span> <span class='ocrx_word' id='word_1_53' title='bbox 1514 942 1707 1002; x_wconf 71' lang='lat' dir='ltr'><strong>erratieiuso</strong></span> 
     </span>
     <span class='ocr_line' id='line_1_8' title="bbox 345 1045 1679 1131; baseline 0 -21"><span class='ocrx_word' id='word_1_54' title='bbox 345 1050 463 1111; x_wconf 83' lang='lat' dir='ltr'><strong>animus</strong></span> <span class='ocrx_word' id='word_1_55' title='bbox 487 1056 533 1112; x_wconf 88' lang='grc' dir='ltr'><strong>εει</strong></span> <span class='ocrx_word' id='word_1_56' title='bbox 557 1049 609 1129; x_wconf 88' lang='lat' dir='ltr'><strong>qui</strong></span> <span class='ocrx_word' id='word_1_57' title='bbox 632 1047 709 1112; x_wconf 88' lang='lat' dir='ltr'><strong>solet</strong></span> <span class='ocrx_word' id='word_1_58' title='bbox 732 1065 836 1111; x_wconf 89' lang='lat' dir='ltr'><strong>errare</strong></span> <span class='ocrx_word' id='word_1_59' title='bbox 859 1055 891 1111; x_wconf 89' lang='lat' dir='ltr'><strong>et</strong></span> <span class='ocrx_word' id='word_1_60' title='bbox 918 1045 1043 1112; x_wconf 82' lang='lat' dir='ltr'><strong>desinit:</strong></span> <span class='ocrx_word' id='word_1_61' title='bbox 1072 1049 1183 1110; x_wconf 89' lang='lat' dir='ltr'><strong>erratio</strong></span> <span class='ocrx_word' id='word_1_62' title='bbox 1212 1049 1293 1110; x_wconf 88' lang='lat' dir='ltr'><strong>enlm</strong></span> <span class='ocrx_word' id='word_1_63' title='bbox 1321 1049 1413 1110; x_wconf 91' lang='lat' dir='ltr'><strong>animi</strong></span> <span class='ocrx_word' id='word_1_64' title='bbox 1442 1056 1489 1110; x_wconf 84' lang='lat' dir='ltr'><strong>est</strong></span> <span class='ocrx_word' id='word_1_65' title='bbox 1516 1049 1679 1131; x_wconf 84' lang='lat' dir='ltr'><strong>repentina</strong></span> 
     </span>
     <span class='ocr_line' id='line_1_9' title="bbox 345 1159 514 1220; baseline 0 0"><span class='ocrx_word' id='word_1_66' title='bbox 345 1159 514 1220; x_wconf 83' lang='lat' dir='ltr'><strong>commotio.</strong></span> 
     </span>
    </p>

    <p class='ocr_par' dir='ltr' id='par_1_5' title="bbox 346 1264 1677 1466">
     <span class='ocr_line' id='line_1_10' title="bbox 435 1264 1677 1350; baseline 0 -22"><span class='ocrx_word' id='word_1_67' title='bbox 435 1265 580 1330; x_wconf 79' lang='lat' dir='ltr'><strong>lirrorem</strong></span> <span class='ocrx_word' id='word_1_68' title='bbox 604 1275 635 1330; x_wconf 92' lang='lat' dir='ltr'><strong>et</strong></span> <span class='ocrx_word' id='word_1_69' title='bbox 658 1270 849 1330; x_wconf 87' lang='lat' dir='ltr'><strong>errationem.</strong></span> <span class='ocrx_word' id='word_1_70' title='bbox 887 1283 975 1328; x_wconf 89' lang='lat' dir='ltr'><strong>error</strong></span> <span class='ocrx_word' id='word_1_71' title='bbox 998 1273 1046 1328; x_wconf 92' lang='lat' dir='ltr'><strong>est</strong></span> <span class='ocrx_word' id='word_1_72' title='bbox 1065 1267 1110 1328; x_wconf 91' lang='lat' dir='ltr'><strong>rei</strong></span> <span class='ocrx_word' id='word_1_73' title='bbox 1130 1268 1248 1350; x_wconf 79' lang='lat' dir='ltr'><strong>vidum,</strong></span> <span class='ocrx_word' id='word_1_74' title='bbox 1274 1275 1307 1330; x_wconf 91' lang='lat' dir='ltr'><strong>ut</strong></span> <span class='ocrx_word' id='word_1_75' title='bbox 1332 1283 1416 1329; x_wconf 88' lang='lat' dir='ltr'><strong>amor</strong></span> <span class='ocrx_word' id='word_1_76' title='bbox 1440 1264 1539 1349; x_wconf 80' lang='lat' dir='ltr'><strong>dolor3</strong></span> <span class='ocrx_word' id='word_1_77' title='bbox 1564 1269 1677 1328; x_wconf 89' lang='lat' dir='ltr'><strong>erratio</strong></span> 
     </span>
     <span class='ocr_line' id='line_1_11' title="bbox 346 1377 1610 1466; baseline 0 -28"><span class='ocrx_word' id='word_1_78' title='bbox 346 1378 478 1438; x_wconf 82' lang='lat' dir='ltr'><strong>incertae</strong></span> <span class='ocrx_word' id='word_1_79' title='bbox 503 1377 576 1438; x_wconf 83' lang='lat' dir='ltr'><strong>riae.</strong></span> <span class='ocrx_word' id='word_1_80' title='bbox 1606 1459 1610 1466; x_wconf 24' lang='lat'>¹</span> 
     </span>
    </p>

    <p class='ocr_par' dir='ltr' id='par_1_6' title="bbox 346 1465 1721 1658">
     <span class='ocr_line' id='line_1_12' title="bbox 437 1465 1721 1568; baseline -0.003 -22"><span class='ocrx_word' id='word_1_81' title='bbox 437 1483 574 1548; x_wconf 83' lang='lat' dir='ltr'><strong>Erratrix</strong></span> <span class='ocrx_word' id='word_1_82' title='bbox 594 1494 625 1548; x_wconf 89' lang='lat' dir='ltr'><strong>et</strong></span> <span class='ocrx_word' id='word_1_83' title='bbox 644 1487 781 1549; x_wconf 88' lang='lat' dir='ltr'><strong>erratica.</strong></span> <span class='ocrx_word' id='word_1_84' title='bbox 828 1486 958 1548; x_wconf 80' lang='lat' dir='ltr'><strong>erectrix</strong></span> <span class='ocrx_word' id='word_1_85' title='bbox 977 1503 1139 1568; x_wconf 86' lang='lat' dir='ltr'><strong>personam</strong></span> <span class='ocrx_word' id='word_1_86' title='bbox 1160 1465 1297 1568; x_wconf 83' lang='lat' dir='ltr'><strong>respicit,</strong></span> <span class='ocrx_word' id='word_1_87' title='bbox 1321 1494 1356 1548; x_wconf 92' lang='lat' dir='ltr'><strong>ut</strong></span> <span class='ocrx_word' id='word_1_88' title='bbox 1374 1486 1525 1568; x_wconf 70' lang='lat' dir='ltr'><strong>venatrix,</strong></span> <span class='ocrx_word' id='word_1_89' title='bbox 1549 1487 1678 1548; x_wconf 84' lang='lat' dir='ltr'><strong>erratica</strong></span> <span class='ocrx_word' id='word_1_90' title='bbox 1694 1503 1721 1543; x_wconf 85' lang='lat' dir='ltr'><strong>ro</strong></span> 
     </span>
     <span class='ocr_line' id='line_1_13' title="bbox 346 1594 613 1658; baseline -0.007 0"><span class='ocrx_word' id='word_1_91' title='bbox 346 1594 457 1658; x_wconf 86' lang='lat' dir='ltr'><strong>hedera</strong></span> <span class='ocrx_word' id='word_1_92' title='bbox 481 1597 613 1658; x_wconf 83' lang='lat' dir='ltr'><strong>atritis.</strong></span> 
     </span>
    </p>

    <p class='ocr_par' dir='ltr' id='par_1_7' title="bbox 347 1700 1679 1898">
     <span class='ocr_line' id='line_1_14' title="bbox 437 1700 1679 1786; baseline -0.002 -20"><span class='ocrx_word' id='word_1_93' title='bbox 437 1702 548 1766; x_wconf 79' lang='lat' dir='ltr'><strong>Nature</strong></span> <span class='ocrx_word' id='word_1_94' title='bbox 573 1713 604 1766; x_wconf 91' lang='grc' dir='ltr'><strong>ει</strong></span> <span class='ocrx_word' id='word_1_95' title='bbox 627 1702 780 1766; x_wconf 89' lang='lat' dir='ltr'><strong>adnotare.</strong></span> <span class='ocrx_word' id='word_1_96' title='bbox 828 1710 912 1766; x_wconf 88' lang='lat' dir='ltr'><strong>notat</strong></span> <span class='ocrx_word' id='word_1_97' title='bbox 936 1701 982 1766; x_wconf 84' lang='lat' dir='ltr'><strong>rel</strong></span> <span class='ocrx_word' id='word_1_98' title='bbox 1005 1702 1106 1766; x_wconf 89' lang='lat' dir='ltr'><strong>locum</strong></span> <span class='ocrx_word' id='word_1_99' title='bbox 1130 1704 1198 1784; x_wconf 89' lang='lat' dir='ltr'><strong>quis</strong></span> <span class='ocrx_word' id='word_1_100' title='bbox 1224 1700 1269 1766; x_wconf 84' lang='lat' dir='ltr'><strong>vel</strong></span> <span class='ocrx_word' id='word_1_101' title='bbox 1292 1721 1453 1786; x_wconf 83' lang='lat' dir='ltr'><strong>personam</strong></span> <span class='ocrx_word' id='word_1_102' title='bbox 1477 1701 1525 1766; x_wconf 87' lang='lat' dir='ltr'><strong>rel</strong></span> <span class='ocrx_word' id='word_1_103' title='bbox 1550 1704 1679 1784; x_wconf 83' lang='lat' dir='ltr'><strong>noxiam,</strong></span> 
     </span>
     <span class='ocr_line' id='line_1_15' title="bbox 347 1811 1269 1898; baseline -0.001 -23"><span class='ocrx_word' id='word_1_104' title='bbox 347 1811 470 1875; x_wconf 92' lang='lat' dir='ltr'><strong>adnotat</strong></span> <span class='ocrx_word' id='word_1_105' title='bbox 494 1815 545 1894; x_wconf 86' lang='lat' dir='ltr'><strong>qui</strong></span> <span class='ocrx_word' id='word_1_106' title='bbox 569 1822 657 1875; x_wconf 80' lang='grc' dir='ltr'><strong>εοιεε</strong></span> <span class='ocrx_word' id='word_1_107' title='bbox 683 1811 755 1894; x_wconf 90' lang='lat' dir='ltr'><strong>quid</strong></span> <span class='ocrx_word' id='word_1_108' title='bbox 779 1811 878 1876; x_wconf 88' lang='lat' dir='ltr'><strong>adicit.</strong></span> <span class='ocrx_word' id='word_1_109' title='bbox 950 1875 953 1880; x_wconf 81' lang='grc'><em>,</em></span> <span class='ocrx_word' id='word_1_110' title='bbox 1263 1887 1269 1898; x_wconf 40' lang='grc'>,</span> 
     </span>
    </p>

    <p class='ocr_par' dir='ltr' id='par_1_8' title="bbox 346 1919 1720 2112">
     <span class='ocr_line' id='line_1_16' title="bbox 439 1919 1679 2005; baseline -0.001 -22"><span class='ocrx_word' id='word_1_111' title='bbox 439 1919 565 1984; x_wconf 85' lang='lat' dir='ltr'><strong>Salubre</strong></span> <span class='ocrx_word' id='word_1_112' title='bbox 590 1931 621 1984; x_wconf 92' lang='lat' dir='ltr'><strong>et</strong></span> <span class='ocrx_word' id='word_1_113' title='bbox 645 1920 785 1985; x_wconf 80' lang='lat' dir='ltr'><strong>edutare.</strong></span> <span class='ocrx_word' id='word_1_114' title='bbox 832 1919 953 1983; x_wconf 85' lang='lat' dir='ltr'><strong>salubre</strong></span> <span class='ocrx_word' id='word_1_115' title='bbox 972 1920 1009 1984; x_wconf 88' lang='lat' dir='ltr'><strong>ad</strong></span> <span class='ocrx_word' id='word_1_116' title='bbox 1029 1920 1129 1984; x_wconf 90' lang='lat' dir='ltr'><strong>locum</strong></span> <span class='ocrx_word' id='word_1_117' title='bbox 1148 1921 1283 1984; x_wconf 84' lang='lat' dir='ltr'><strong>retertur</strong></span> <span class='ocrx_word' id='word_1_118' title='bbox 1301 1929 1332 1984; x_wconf 92' lang='grc' dir='ltr'><strong>ει</strong></span> <span class='ocrx_word' id='word_1_119' title='bbox 1351 1921 1387 1984; x_wconf 85' lang='lat' dir='ltr'><strong>ad</strong></span> <span class='ocrx_word' id='word_1_120' title='bbox 1407 1920 1522 2005; x_wconf 91' lang='lat' dir='ltr'><strong>cibum,</strong></span> <span class='ocrx_word' id='word_1_121' title='bbox 1547 1919 1679 1984; x_wconf 73' lang='lat' dir='ltr'><strong>salome</strong></span> 
     </span>
     <span class='ocr_line' id='line_1_17' title="bbox 346 2028 1720 2112; baseline -0.004 -20"><span class='ocrx_word' id='word_1_122' title='bbox 346 2029 506 2094; x_wconf 86' lang='lat' dir='ltr'><strong>consilium</strong></span> <span class='ocrx_word' id='word_1_123' title='bbox 530 2039 585 2094; x_wconf 88' lang='lat' dir='ltr'><strong>est.</strong></span> <span class='ocrx_word' id='word_1_124' title='bbox 622 2033 663 2093; x_wconf 91' lang='lat' dir='ltr'><strong>ita</strong></span> <span class='ocrx_word' id='word_1_125' title='bbox 687 2028 807 2094; x_wconf 88' lang='lat' dir='ltr'><strong>salubre</strong></span> <span class='ocrx_word' id='word_1_126' title='bbox 832 2047 892 2093; x_wconf 91' lang='lat' dir='ltr'><strong>nou</strong></span> <span class='ocrx_word' id='word_1_127' title='bbox 916 2039 1020 2106; x_wconf 88' lang='lat' dir='ltr'><strong>nocet,</strong></span> <span class='ocrx_word' id='word_1_128' title='bbox 1045 2029 1175 2093; x_wconf 77' lang='grc' dir='ltr'><strong>εειιιιεεε</strong></span> <span class='ocrx_word' id='word_1_129' title='bbox 1199 2028 1332 2112; x_wconf 84' lang='lat' dir='ltr'><strong>prodest.</strong></span> <span class='ocrx_word' id='word_1_130' title='bbox 1694 2047 1720 2086; x_wconf 82' lang='grc' dir='ltr'><strong>ιε</strong></span> 
     </span>
    </p>

    <p class='ocr_par' dir='ltr' id='par_1_9' title="bbox 438 2138 1678 2222">
     <span class='ocr_line' id='line_1_18' title="bbox 438 2138 1678 2222; baseline -0.002 -20"><span class='ocrx_word' id='word_1_131' title='bbox 438 2138 633 2202; x_wconf 85' lang='lat' dir='ltr'><strong>Committere</strong></span> <span class='ocrx_word' id='word_1_132' title='bbox 663 2147 694 2200; x_wconf 92' lang='lat' dir='ltr'><strong>et</strong></span> <span class='ocrx_word' id='word_1_133' title='bbox 711 2138 856 2201; x_wconf 81' lang='lat' dir='ltr'><strong>&#39;credere</strong></span> <span class='ocrx_word' id='word_1_134' title='bbox 902 2140 1120 2202; x_wconf 86' lang='lat' dir='ltr'><strong>committimus</strong></span> <span class='ocrx_word' id='word_1_135' title='bbox 1152 2138 1292 2220; x_wconf 86' lang='lat' dir='ltr'><strong>consilia,</strong></span> <span class='ocrx_word' id='word_1_136' title='bbox 1324 2138 1477 2202; x_wconf 89' lang='lat' dir='ltr'><strong>eredimus</strong></span> <span class='ocrx_word' id='word_1_137' title='bbox 1507 2140 1678 2222; x_wconf 88' lang='lat' dir='ltr'><strong>pecuniam.</strong></span> 
     </span>
    </p>

    <p class='ocr_par' dir='ltr' id='par_1_10' title="bbox 348 2245 1681 2546">
     <span class='ocr_line' id='line_1_19' title="bbox 439 2245 1681 2333; baseline 0 -23"><span class='ocrx_word' id='word_1_138' title='bbox 439 2247 503 2311; x_wconf 88' lang='lat' dir='ltr'><strong>Sub</strong></span> <span class='ocrx_word' id='word_1_139' title='bbox 526 2257 557 2310; x_wconf 91' lang='lat' dir='ltr'><strong>et</strong></span> <span class='ocrx_word' id='word_1_140' title='bbox 580 2249 620 2310; x_wconf 90' lang='lat' dir='ltr'><strong>in.</strong></span> <span class='ocrx_word' id='word_1_141' title='bbox 667 2245 723 2310; x_wconf 88' lang='lat' dir='ltr'><strong>sub</strong></span> <span class='ocrx_word' id='word_1_142' title='bbox 753 2265 813 2310; x_wconf 90' lang='lat' dir='ltr'><strong>noo</strong></span> <span class='ocrx_word' id='word_1_143' title='bbox 842 2263 1006 2328; x_wconf 88' lang='lat' dir='ltr'><strong>numquam</strong></span> <span class='ocrx_word' id='word_1_144' title='bbox 1033 2265 1090 2329; x_wconf 90' lang='lat' dir='ltr'><strong>pro</strong></span> <span class='ocrx_word' id='word_1_145' title='bbox 1119 2246 1195 2310; x_wconf 90' lang='lat' dir='ltr'><strong>clam</strong></span> <span class='ocrx_word' id='word_1_146' title='bbox 1224 2251 1362 2333; x_wconf 89' lang='lat' dir='ltr'><strong>ponitur,</strong></span> <span class='ocrx_word' id='word_1_147' title='bbox 1389 2259 1423 2311; x_wconf 94' lang='lat' dir='ltr'><strong>ut</strong></span> <span class='ocrx_word' id='word_1_148' title='bbox 1451 2247 1618 2330; x_wconf 79' lang='lat' dir='ltr'><strong>subripuit,</strong></span> <span class='ocrx_word' id='word_1_149' title='bbox 1646 2250 1681 2310; x_wconf 85' lang='lat' dir='ltr'><strong>id</strong></span> 
     </span>
     <span class='ocr_line' id='line_1_20' title="bbox 348 2352 1679 2438; baseline -0.003 -16"><span class='ocrx_word' id='word_1_150' title='bbox 348 2367 393 2422; x_wconf 86' lang='lat' dir='ltr'><strong>est</strong></span> <span class='ocrx_word' id='word_1_151' title='bbox 416 2358 492 2421; x_wconf 88' lang='lat' dir='ltr'><strong>clam</strong></span> <span class='ocrx_word' id='word_1_152' title='bbox 516 2357 630 2438; x_wconf 88' lang='lat' dir='ltr'><strong>rapuit,</strong></span> <span class='ocrx_word' id='word_1_153' title='bbox 658 2362 710 2417; x_wconf 93' lang='lat' dir='ltr'><strong>aut</strong></span> <span class='ocrx_word' id='word_1_154' title='bbox 735 2355 798 2416; x_wconf 89' lang='lat' dir='ltr'><strong>iere</strong></span> <span class='ocrx_word' id='word_1_155' title='bbox 823 2363 907 2417; x_wconf 91' lang='lat' dir='ltr'><strong>notat</strong></span> <span class='ocrx_word' id='word_1_156' title='bbox 931 2352 1028 2435; x_wconf 88' lang='lat' dir='ltr'><strong>aliqua</strong></span> <span class='ocrx_word' id='word_1_157' title='bbox 1054 2353 1187 2438; x_wconf 71' lang='lat' dir='ltr'><strong>subdita,</strong></span> <span class='ocrx_word' id='word_1_158' title='bbox 1216 2357 1246 2417; x_wconf 91' lang='lat' dir='ltr'><strong>in</strong></span> <span class='ocrx_word' id='word_1_159' title='bbox 1271 2365 1324 2418; x_wconf 88' lang='lat' dir='ltr'><strong>aut</strong></span> <span class='ocrx_word' id='word_1_160' title='bbox 1346 2358 1430 2419; x_wconf 86' lang='lat' dir='ltr'><strong>intus</strong></span> <span class='ocrx_word' id='word_1_161' title='bbox 1454 2355 1605 2437; x_wconf 83' lang='lat' dir='ltr'><strong>significat</strong></span> <span class='ocrx_word' id='word_1_162' title='bbox 1627 2365 1679 2419; x_wconf 88' lang='lat' dir='ltr'><strong>aut</strong></span> 
     </span>
     <span class='ocr_line' id='line_1_21' title="bbox 349 2462 1176 2546; baseline -0.005 -16"><span class='ocrx_word' id='word_1_163' title='bbox 349 2469 438 2531; x_wconf 90' lang='lat' dir='ltr'><strong>nimis</strong></span> <span class='ocrx_word' id='word_1_164' title='bbox 461 2474 514 2530; x_wconf 86' lang='lat' dir='ltr'><strong>aut</strong></span> <span class='ocrx_word' id='word_1_165' title='bbox 527 2463 622 2528; x_wconf 85' lang='lat' dir='ltr'><strong>&#39;vaide</strong></span> <span class='ocrx_word' id='word_1_166' title='bbox 646 2473 677 2528; x_wconf 90' lang='lat' dir='ltr'><strong>et</strong></span> <span class='ocrx_word' id='word_1_167' title='bbox 700 2462 855 2526; x_wconf 89' lang='lat' dir='ltr'><strong>interdum</strong></span> <span class='ocrx_word' id='word_1_168' title='bbox 879 2481 934 2546; x_wconf 91' lang='lat' dir='ltr'><strong>pro</strong></span> <span class='ocrx_word' id='word_1_169' title='bbox 958 2481 1020 2526; x_wconf 90' lang='lat' dir='ltr'><strong>noo</strong></span> <span class='ocrx_word' id='word_1_170' title='bbox 1044 2465 1176 2546; x_wconf 93' lang='lat' dir='ltr'><strong>ponitur.</strong></span> 
     </span>
    </p>

    <p class='ocr_par' dir='ltr' id='par_1_11' title="bbox 349 2572 1720 2767">
     <span class='ocr_line' id='line_1_22' title="bbox 439 2572 1720 2657; baseline -0.005 -20"><span class='ocrx_word' id='word_1_171' title='bbox 439 2574 613 2638; x_wconf 81' lang='lat' dir='ltr'><strong>claritatem</strong></span> <span class='ocrx_word' id='word_1_172' title='bbox 636 2583 667 2638; x_wconf 89' lang='lat' dir='ltr'><strong>et</strong></span> <span class='ocrx_word' id='word_1_173' title='bbox 690 2573 910 2637; x_wconf 87' lang='lat' dir='ltr'><strong>claritudinem.</strong></span> <span class='ocrx_word' id='word_1_174' title='bbox 958 2572 1078 2636; x_wconf 86' lang='lat' dir='ltr'><strong>claritas</strong></span> <span class='ocrx_word' id='word_1_175' title='bbox 1103 2584 1163 2638; x_wconf 82' lang='lat' dir='ltr'><strong>tana</strong></span> <span class='ocrx_word' id='word_1_176' title='bbox 1187 2574 1309 2637; x_wconf 89' lang='lat' dir='ltr'><strong>luminis</strong></span> <span class='ocrx_word' id='word_1_177' title='bbox 1334 2594 1425 2656; x_wconf 86' lang='lat' dir='ltr'><strong>qnam</strong></span> <span class='ocrx_word' id='word_1_178' title='bbox 1444 2575 1678 2657; x_wconf 85' lang='lat' dir='ltr'><strong>perspicuitatis,</strong></span> <span class='ocrx_word' id='word_1_179' title='bbox 1692 2591 1720 2630; x_wconf 86' lang='lat' dir='ltr'><strong>eo</strong></span> 
     </span>
     <span class='ocr_line' id='line_1_23' title="bbox 349 2681 1561 2767; baseline -0.002 -19"><span class='ocrx_word' id='word_1_180' title='bbox 349 2683 496 2748; x_wconf 87' lang='lat' dir='ltr'><strong>claritudo</strong></span> <span class='ocrx_word' id='word_1_181' title='bbox 520 2685 650 2764; x_wconf 85' lang='lat' dir='ltr'><strong>generis.</strong></span> <span class='ocrx_word' id='word_1_182' title='bbox 696 2685 781 2764; x_wconf 93' lang='lat' dir='ltr'><strong>prior</strong></span> <span class='ocrx_word' id='word_1_183' title='bbox 806 2684 907 2764; x_wconf 84' lang='lat' dir='ltr'><strong>itaque</strong></span> <span class='ocrx_word' id='word_1_184' title='bbox 932 2681 1117 2766; x_wconf 87' lang='lat' dir='ltr'><strong>splendoris,</strong></span> <span class='ocrx_word' id='word_1_185' title='bbox 1140 2687 1292 2767; x_wconf 88' lang='lat' dir='ltr'><strong>posterior</strong></span> <span class='ocrx_word' id='word_1_186' title='bbox 1317 2684 1481 2747; x_wconf 87' lang='lat' dir='ltr'><strong>nobilitatis</strong></span> <span class='ocrx_word' id='word_1_187' title='bbox 1505 2691 1561 2746; x_wconf 89' lang='lat' dir='ltr'><strong>est.</strong></span> 
     </span>
    </p>

    <p class='ocr_par' dir='ltr' id='par_1_12' title="bbox 350 2789 1677 2968">
     <span class='ocr_line' id='line_1_24' title="bbox 439 2789 1677 2879; baseline 0.001 -26"><span class='ocrx_word' id='word_1_188' title='bbox 439 2792 583 2856; x_wconf 78' lang='lat' dir='ltr'><strong>viciniam</strong></span> <span class='ocrx_word' id='word_1_189' title='bbox 608 2800 640 2854; x_wconf 90' lang='lat' dir='ltr'><strong>et</strong></span> <span class='ocrx_word' id='word_1_190' title='bbox 664 2793 856 2856; x_wconf 76' lang='lat' dir='ltr'><strong>vicinitatem.</strong></span> <span class='ocrx_word' id='word_1_191' title='bbox 905 2789 1017 2855; x_wconf 86' lang='lat' dir='ltr'><strong>Vicinia</strong></span> <span class='ocrx_word' id='word_1_192' title='bbox 1042 2795 1178 2856; x_wconf 84' lang='lat' dir='ltr'><strong>vicorum</strong></span> <span class='ocrx_word' id='word_1_193' title='bbox 1202 2797 1390 2879; x_wconf 86' lang='lat' dir='ltr'><strong>coniunctio,</strong></span> <span class='ocrx_word' id='word_1_194' title='bbox 1420 2795 1556 2856; x_wconf 83' lang='lat' dir='ltr'><strong>vicinitas</strong></span> <span class='ocrx_word' id='word_1_195' title='bbox 1586 2792 1677 2855; x_wconf 91' lang='lat' dir='ltr'><strong>homi-</strong></span> 
     </span>
     <span class='ocr_line' id='line_1_25' title="bbox 350 2902 715 2968; baseline -0.014 -1"><span class='ocrx_word' id='word_1_196' title='bbox 350 2923 423 2968; x_wconf 87' lang='lat' dir='ltr'><strong>nurn</strong></span> <span class='ocrx_word' id='word_1_197' title='bbox 447 2902 635 2966; x_wconf 88' lang='lat' dir='ltr'><strong>conversatio</strong></span> <span class='ocrx_word' id='word_1_198' title='bbox 660 2908 715 2963; x_wconf 92' lang='grc' dir='ltr'><strong>εει.</strong></span> 
     </span>
    </p>
   </div>
   <div class='ocr_carea' id='block_1_3' title="bbox 350 3165 1679 3728">
    <p class='ocr_par' dir='ltr' id='par_1_13' title="bbox 350 3165 1679 3728">
     <span class='ocr_line' id='line_1_26' title="bbox 443 3165 1679 3238; baseline -0.001 -13"><span class='ocrx_word' id='word_1_199' title='bbox 443 3179 456 3225; x_wconf 88' lang='lat' dir='ltr'><strong>t</strong></span> <span class='ocrx_word' id='word_1_200' title='bbox 477 3169 554 3225; x_wconf 87' lang='lat' dir='ltr'><strong>Inter</strong></span> <span class='ocrx_word' id='word_1_201' title='bbox 573 3184 670 3224; x_wconf 89' lang='lat' dir='ltr'><strong>cnram</strong></span> <span class='ocrx_word' id='word_1_202' title='bbox 689 3169 719 3222; x_wconf 86' lang='lat' dir='ltr'><strong>et</strong></span> <span class='ocrx_word' id='word_1_203' title='bbox 737 3166 915 3238; x_wconf 83' lang='lat' dir='ltr'><strong>diligentiam</strong></span> <span class='ocrx_word' id='word_1_204' title='bbox 937 3211 943 3222; x_wconf 94' lang='lat'>.</span> <span class='ocrx_word' id='word_1_205' title='bbox 963 3183 1032 3223; x_wconf 88' lang='lat' dir='ltr'><strong>cura</strong></span> <span class='ocrx_word' id='word_1_206' title='bbox 1050 3183 1098 3223; x_wconf 89' lang='lat' dir='ltr'><strong>cor</strong></span> <span class='ocrx_word' id='word_1_207' title='bbox 1117 3165 1193 3223; x_wconf 85' lang='lat' dir='ltr'><strong>aurit</strong></span> <span class='ocrx_word' id='word_1_208' title='bbox 1211 3168 1240 3238; x_wconf 89' lang='lat' dir='ltr'><strong>(l.</strong></span> <span class='ocrx_word' id='word_1_209' title='bbox 1259 3168 1379 3237; x_wconf 85' lang='lat' dir='ltr'><strong>haurit),</strong></span> <span class='ocrx_word' id='word_1_210' title='bbox 1403 3167 1434 3224; x_wconf 91' lang='lat' dir='ltr'><strong>id</strong></span> <span class='ocrx_word' id='word_1_211' title='bbox 1453 3170 1495 3226; x_wconf 94' lang='grc' dir='ltr'><strong>εει</strong></span> <span class='ocrx_word' id='word_1_212' title='bbox 1513 3167 1631 3236; x_wconf 86' lang='lat' dir='ltr'><strong>minuit,</strong></span> <span class='ocrx_word' id='word_1_213' title='bbox 1651 3170 1679 3224; x_wconf 93' lang='grc' dir='ltr'><strong>ει</strong></span> 
     </span>
     <span class='ocr_line' id='line_1_27' title="bbox 351 3248 1678 3321; baseline -0.004 -12"><span class='ocrx_word' id='word_1_214' title='bbox 351 3253 511 3309; x_wconf 79' lang='lat' dir='ltr'><strong>cruciatum</strong></span> <span class='ocrx_word' id='word_1_215' title='bbox 530 3249 631 3315; x_wconf 83' lang='lat' dir='ltr'><strong>habet,</strong></span> <span class='ocrx_word' id='word_1_216' title='bbox 651 3249 700 3318; x_wconf 88' lang='lat' dir='ltr'><strong>qni</strong></span> <span class='ocrx_word' id='word_1_217' title='bbox 719 3251 832 3305; x_wconf 87' lang='lat' dir='ltr'><strong>corruat</strong></span> <span class='ocrx_word' id='word_1_218' title='bbox 851 3249 880 3317; x_wconf 88' lang='lat' dir='ltr'><strong>(l.</strong></span> <span class='ocrx_word' id='word_1_219' title='bbox 896 3265 944 3304; x_wconf 88' lang='lat' dir='ltr'><strong>cor</strong></span> <span class='ocrx_word' id='word_1_220' title='bbox 962 3251 1038 3318; x_wconf 86' lang='lat' dir='ltr'><strong>urat)</strong></span> <span class='ocrx_word' id='word_1_221' title='bbox 1054 3249 1228 3321; x_wconf 84' lang='lat' dir='ltr'><strong>:diligentia</strong></span> <span class='ocrx_word' id='word_1_222' title='bbox 1246 3253 1290 3306; x_wconf 90' lang='lat' dir='ltr'><strong>est</strong></span> <span class='ocrx_word' id='word_1_223' title='bbox 1307 3265 1402 3304; x_wconf 86' lang='lat' dir='ltr'><strong>rernm</strong></span> <span class='ocrx_word' id='word_1_224' title='bbox 1421 3248 1632 3307; x_wconf 75' lang='lat' dir='ltr'><strong>administratio</strong></span> <span class='ocrx_word' id='word_1_225' title='bbox 1651 3253 1678 3306; x_wconf 90' lang='lat' dir='ltr'><strong>et</strong></span> 
     </span>
     <span class='ocr_line' id='line_1_28' title="bbox 350 3329 1678 3404; baseline -0.003 -14"><span class='ocrx_word' id='word_1_226' title='bbox 350 3339 394 3390; x_wconf 85' lang='grc' dir='ltr'><strong>εει</strong></span> <span class='ocrx_word' id='word_1_227' title='bbox 413 3331 586 3390; x_wconf 84' lang='lat' dir='ltr'><strong>contrarium</strong></span> <span class='ocrx_word' id='word_1_228' title='bbox 604 3329 802 3402; x_wconf 84' lang='lat' dir='ltr'><strong>neglegentiae</strong></span> <span class='ocrx_word' id='word_1_229' title='bbox 822 3331 879 3386; x_wconf 84' lang='lat' dir='ltr'><strong>cod.</strong></span> <span class='ocrx_word' id='word_1_230' title='bbox 901 3331 994 3386; x_wconf 74' lang='lat' dir='ltr'><strong>Most.</strong></span> <span class='ocrx_word' id='word_1_231' title='bbox 1077 3339 1095 3387; x_wconf 76' lang='lat'>4</span> <span class='ocrx_word' id='word_1_232' title='bbox 1118 3331 1240 3404; x_wconf 80' lang='lat' dir='ltr'><strong>Regium</strong></span> <span class='ocrx_word' id='word_1_233' title='bbox 1262 3333 1344 3389; x_wconf 82' lang='lat' dir='ltr'><strong>Beda</strong></span> <span class='ocrx_word' id='word_1_234' title='bbox 1365 3337 1475 3401; x_wconf 56' lang='lat' dir='ltr'><strong>3387,ss</strong></span> <span class='ocrx_word' id='word_1_235' title='bbox 1563 3339 1579 3388; x_wconf 83' lang='lat' dir='ltr'><strong>b</strong></span> <span class='ocrx_word' id='word_1_236' title='bbox 1603 3332 1678 3388; x_wconf 85' lang='lat' dir='ltr'><strong>Inter</strong></span> 
     </span>
     <span class='ocr_line' id='line_1_29' title="bbox 352 3411 1678 3482; baseline -0.002 -11"><span class='ocrx_word' id='word_1_237' title='bbox 352 3414 516 3472; x_wconf 75' lang='lat' dir='ltr'><strong>empticium</strong></span> <span class='ocrx_word' id='word_1_238' title='bbox 536 3415 565 3469; x_wconf 89' lang='lat' dir='ltr'><strong>et</strong></span> <span class='ocrx_word' id='word_1_239' title='bbox 584 3412 736 3469; x_wconf 87' lang='lat' dir='ltr'><strong>erraticum</strong></span> <span class='ocrx_word' id='word_1_240' title='bbox 756 3457 762 3469; x_wconf 92' lang='lat'><em>.</em></span> <span class='ocrx_word' id='word_1_241' title='bbox 782 3411 931 3468; x_wconf 76' lang='lat' dir='ltr'><strong>err-aticiae</strong></span> <span class='ocrx_word' id='word_1_242' title='bbox 955 3416 999 3468; x_wconf 87' lang='lat' dir='ltr'><strong>est</strong></span> <span class='ocrx_word' id='word_1_243' title='bbox 1021 3411 1072 3482; x_wconf 89' lang='lat' dir='ltr'><strong>qui</strong></span> <span class='ocrx_word' id='word_1_244' title='bbox 1096 3412 1192 3470; x_wconf 86' lang='lat' dir='ltr'><strong>animo</strong></span> <span class='ocrx_word' id='word_1_245' title='bbox 1216 3418 1292 3471; x_wconf 88' lang='lat' dir='ltr'><strong>errat</strong></span> <span class='ocrx_word' id='word_1_246' title='bbox 1310 3454 1317 3467; x_wconf 93' lang='lat'><strong><em>.</em></strong></span> <span class='ocrx_word' id='word_1_247' title='bbox 1338 3412 1410 3470; x_wconf 89' lang='lat' dir='ltr'><strong>nihil</strong></span> <span class='ocrx_word' id='word_1_248' title='bbox 1434 3413 1510 3470; x_wconf 87' lang='lat' dir='ltr'><strong>enim</strong></span> <span class='ocrx_word' id='word_1_249' title='bbox 1534 3412 1613 3470; x_wconf 86' lang='lat' dir='ltr'><strong>aliud</strong></span> <span class='ocrx_word' id='word_1_250' title='bbox 1637 3419 1678 3470; x_wconf 83' lang='lat' dir='ltr'><strong>est</strong></span> 
     </span>
     <span class='ocr_line' id='line_1_30' title="bbox 351 3492 1677 3567; baseline -0.002 -13"><span class='ocrx_word' id='word_1_251' title='bbox 351 3497 456 3554; x_wconf 79' lang='lat' dir='ltr'><strong>erratio</strong></span> <span class='ocrx_word' id='word_1_252' title='bbox 474 3512 560 3566; x_wconf 86' lang='lat' dir='ltr'><strong>quam</strong></span> <span class='ocrx_word' id='word_1_253' title='bbox 580 3495 729 3565; x_wconf 88' lang='lat' dir='ltr'><strong>repentine</strong></span> <span class='ocrx_word' id='word_1_254' title='bbox 747 3492 836 3550; x_wconf 91' lang='lat' dir='ltr'><strong>animi</strong></span> <span class='ocrx_word' id='word_1_255' title='bbox 855 3493 1039 3550; x_wconf 80' lang='lat' dir='ltr'><strong>commutatio</strong></span> <span class='ocrx_word' id='word_1_256' title='bbox 1059 3533 1065 3546; x_wconf 92' lang='lat'><em>.</em></span> <span class='ocrx_word' id='word_1_257' title='bbox 1086 3493 1234 3549; x_wconf 86' lang='lat' dir='ltr'><strong>erraticioe</strong></span> <span class='ocrx_word' id='word_1_258' title='bbox 1258 3494 1287 3564; x_wconf 85' lang='lat' dir='ltr'><strong>(i.</strong></span> <span class='ocrx_word' id='word_1_259' title='bbox 1307 3494 1455 3565; x_wconf 81' lang='lat' dir='ltr'><strong>erraticus)</strong></span> <span class='ocrx_word' id='word_1_260' title='bbox 1480 3496 1594 3567; x_wconf 87' lang='lat' dir='ltr'><strong>estqui</strong></span> <span class='ocrx_word' id='word_1_261' title='bbox 1618 3496 1677 3552; x_wconf 84' lang='lat' dir='ltr'><strong>loco</strong></span> 
     </span>
     <span class='ocr_line' id='line_1_31' title="bbox 350 3575 1678 3645; baseline -0.002 -9"><span class='ocrx_word' id='word_1_262' title='bbox 350 3583 444 3636; x_wconf 84' lang='lat' dir='ltr'><strong>terrae</strong></span> <span class='ocrx_word' id='word_1_263' title='bbox 459 3594 526 3633; x_wconf 88' lang='lat' dir='ltr'><strong>suae</strong></span> <span class='ocrx_word' id='word_1_264' title='bbox 541 3581 617 3634; x_wconf 84' lang='lat' dir='ltr'><strong>errat</strong></span> <span class='ocrx_word' id='word_1_265' title='bbox 632 3579 689 3633; x_wconf 87' lang='lat' dir='ltr'><strong>cod.</strong></span> <span class='ocrx_word' id='word_1_266' title='bbox 707 3577 799 3633; x_wconf 80' lang='lat' dir='ltr'><strong>Mani.</strong></span> <span class='ocrx_word' id='word_1_267' title='bbox 874 3575 1037 3633; x_wconf 81' lang='lat' dir='ltr'><strong>8Errorem</strong></span> <span class='ocrx_word' id='word_1_268' title='bbox 1052 3575 1219 3634; x_wconf 75' lang='lat' dir='ltr'><strong>-11vitis</strong></span> <span class='ocrx_word' id='word_1_269' title='bbox 1233 3577 1312 3633; x_wconf 88' lang='lat' dir='ltr'><strong>Beda</strong></span> <span class='ocrx_word' id='word_1_270' title='bbox 1326 3581 1436 3645; x_wconf 65' lang='lat' dir='ltr'><strong>tima</strong></span> <span class='ocrx_word' id='word_1_271' title='bbox 1511 3583 1545 3633; x_wconf 82' lang='lat' dir='ltr'><strong>ll</strong></span> <span class='ocrx_word' id='word_1_272' title='bbox 1560 3577 1678 3635; x_wconf 82' lang='lat' dir='ltr'><strong>Salubre</strong></span> 
     </span>
     <span class='ocr_line' id='line_1_32' title="bbox 354 3657 1079 3728; baseline -0.004 -10"><span class='ocrx_word' id='word_1_273' title='bbox 354 3661 433 3718; x_wconf 67' lang='lat' dir='ltr'><strong>Brea</strong></span> <span class='ocrx_word' id='word_1_274' title='bbox 452 3663 557 3728; x_wconf 66' lang='lat' dir='ltr'><strong>assez</strong></span> <span class='ocrx_word' id='word_1_275' title='bbox 632 3665 667 3714; x_wconf 85' lang='lat' dir='ltr'><strong>eo</strong></span> <span class='ocrx_word' id='word_1_276' title='bbox 687 3657 855 3716; x_wconf 75' lang='lat' dir='ltr'><strong>curiatam</strong></span> <span class='ocrx_word' id='word_1_277' title='bbox 874 3658 955 3714; x_wconf 74' lang='lat' dir='ltr'><strong>Reno</strong></span> <span class='ocrx_word' id='word_1_278' title='bbox 972 3663 1079 3727; x_wconf 65' lang='lat' dir='ltr'><strong>esras</strong></span> 
     </span>
    </p>
   </div>
   <div class='ocr_carea' id='block_1_4' title="bbox 352 3893 1680 4951">
    <p class='ocr_par' dir='ltr' id='par_1_14' title="bbox 352 3893 1680 4951">
     <span class='ocr_line' id='line_1_33' title="bbox 443 3893 1678 3968; baseline 0.001 -14"><span class='ocrx_word' id='word_1_279' title='bbox 443 3903 460 3954; x_wconf 78' lang='lat'>2</span> <span class='ocrx_word' id='word_1_280' title='bbox 480 3912 554 3968; x_wconf 87' lang='lat' dir='ltr'><strong>quae</strong></span> <span class='ocrx_word' id='word_1_281' title='bbox 573 3893 687 3950; x_wconf 82' lang='lat' dir='ltr'><strong>anxium</strong></span> <span class='ocrx_word' id='word_1_282' title='bbox 706 3893 776 3951; x_wconf 85' lang='lat' dir='ltr'><strong>iacit</strong></span> <span class='ocrx_word' id='word_1_283' title='bbox 793 3893 938 3950; x_wconf 90' lang='lat' dir='ltr'><strong>hominem</strong></span> <span class='ocrx_word' id='word_1_284' title='bbox 958 3897 987 3950; x_wconf 92' lang='grc' dir='ltr'><strong>ει</strong></span> <span class='ocrx_word' id='word_1_285' title='bbox 1005 3899 1066 3951; x_wconf 84' lang='lat' dir='ltr'><strong>tam</strong></span> <span class='ocrx_word' id='word_1_286' title='bbox 1085 3895 1221 3952; x_wconf 80' lang='lat' dir='ltr'><strong>honestae</strong></span> <span class='ocrx_word' id='word_1_287' title='bbox 1240 3911 1326 3967; x_wconf 86' lang='lat' dir='ltr'><strong>quam</strong></span> <span class='ocrx_word' id='word_1_288' title='bbox 1344 3895 1512 3953; x_wconf 79' lang='lat' dir='ltr'><strong>inhonestae</strong></span> <span class='ocrx_word' id='word_1_289' title='bbox 1536 3896 1577 3953; x_wconf 89' lang='lat' dir='ltr'><strong>rei</strong></span> <span class='ocrx_word' id='word_1_290' title='bbox 1601 3903 1646 3953; x_wconf 85' lang='grc' dir='ltr'><strong>εει</strong></span> <span class='ocrx_word' id='word_1_291' title='bbox 1662 3911 1678 3955; x_wconf 81' lang='grc' dir='ltr'><strong>ς</strong></span> 
     </span>
     <span class='ocr_line' id='line_1_34' title="bbox 353 3975 1679 4052; baseline -0.003 -16"><span class='ocrx_word' id='word_1_292' title='bbox 353 3997 427 4052; x_wconf 85' lang='lat' dir='ltr'><strong>quae</strong></span> <span class='ocrx_word' id='word_1_293' title='bbox 447 3981 507 4034; x_wconf 84' lang='lat' dir='ltr'><strong>tam</strong></span> <span class='ocrx_word' id='word_1_294' title='bbox 527 3976 643 4034; x_wconf 62' lang='lat' dir='ltr'><strong>mom</strong></span> <span class='ocrx_word' id='word_1_295' title='bbox 662 3976 732 4032; x_wconf 83' lang='lat' dir='ltr'><strong>lacit</strong></span> <span class='ocrx_word' id='word_1_296' title='bbox 750 3975 895 4032; x_wconf 87' lang='lat' dir='ltr'><strong>bominem</strong></span> <span class='ocrx_word' id='word_1_297' title='bbox 914 3983 971 4046; x_wconf 73' lang='lat' dir='ltr'><strong>qut</strong></span> <span class='ocrx_word' id='word_1_298' title='bbox 989 3977 1134 4034; x_wconf 82' lang='lat' dir='ltr'><strong>hominem</strong></span> <span class='ocrx_word' id='word_1_299' title='bbox 1154 3980 1199 4034; x_wconf 88' lang='lat' dir='ltr'><strong>sta</strong></span> <span class='ocrx_word' id='word_1_300' title='bbox 1212 3977 1254 4033; x_wconf 88' lang='lat' dir='ltr'><strong>rei</strong></span> <span class='ocrx_word' id='word_1_301' title='bbox 1268 3983 1284 4034; x_wconf 79' lang='grc' dir='ltr'>ὁ</span> <span class='ocrx_word' id='word_1_302' title='bbox 1298 3975 1333 4032; x_wconf 83' lang='grc' dir='ltr'><strong><em>Ν</em></strong></span> <span class='ocrx_word' id='word_1_303' title='bbox 1402 3983 1419 4032; x_wconf 80' lang='grc' dir='ltr'><strong>ι</strong></span> <span class='ocrx_word' id='word_1_304' title='bbox 1438 3976 1514 4047; x_wconf 91' lang='lat' dir='ltr'><strong>quod</strong></span> <span class='ocrx_word' id='word_1_305' title='bbox 1532 3977 1609 4050; x_wconf 84' lang='lat' dir='ltr'><strong>regie</strong></span> <span class='ocrx_word' id='word_1_306' title='bbox 1627 3976 1679 4033; x_wconf 72' lang='lat' dir='ltr'><strong>anit</strong></span> 
     </span>
     <span class='ocr_line' id='line_1_35' title="bbox 352 4057 1678 4131; baseline -0.004 -12"><span class='ocrx_word' id='word_1_307' title='bbox 352 4063 433 4119; x_wconf 82' lang='lat' dir='ltr'><strong>Beda</strong></span> <span class='ocrx_word' id='word_1_308' title='bbox 507 4066 522 4117; x_wconf 82' lang='lat' dir='ltr'><strong>t</strong></span> <span class='ocrx_word' id='word_1_309' title='bbox 543 4057 695 4116; x_wconf 82' lang='lat' dir='ltr'><strong>commotio</strong></span> <span class='ocrx_word' id='word_1_310' title='bbox 715 4072 732 4117; x_wconf 75' lang='grc' dir='ltr'><strong>ε</strong></span> <span class='ocrx_word' id='word_1_311' title='bbox 752 4057 897 4114; x_wconf 88' lang='lat' dir='ltr'><strong>commitio</strong></span> <span class='ocrx_word' id='word_1_312' title='bbox 916 4059 950 4113; x_wconf 88' lang='lat' dir='ltr'><em>N</em></span> <span class='ocrx_word' id='word_1_313' title='bbox 1021 4065 1055 4115; x_wconf 80' lang='grc' dir='ltr'><strong>ιο</strong></span> <span class='ocrx_word' id='word_1_314' title='bbox 1075 4059 1194 4115; x_wconf 76' lang='lat' dir='ltr'><strong>erectrix</strong></span> <span class='ocrx_word' id='word_1_315' title='bbox 1213 4075 1362 4131; x_wconf 87' lang='lat' dir='ltr'><strong>personam</strong></span> <span class='ocrx_word' id='word_1_316' title='bbox 1377 4057 1493 4130; x_wconf 79' lang='lat' dir='ltr'><strong>respicit</strong></span> <span class='ocrx_word' id='word_1_317' title='bbox 1507 4062 1540 4113; x_wconf 88' lang='lat' dir='ltr'><strong>ot</strong></span> <span class='ocrx_word' id='word_1_318' title='bbox 1553 4059 1678 4116; x_wconf 76' lang='lat' dir='ltr'><strong>venahix</strong></span> 
     </span>
     <span class='ocr_line' id='line_1_36' title="bbox 353 4137 1678 4212; baseline -0.005 -12"><span class='ocrx_word' id='word_1_319' title='bbox 353 4144 447 4210; x_wconf 81' lang='lat' dir='ltr'><strong>Beda,</strong></span> <span class='ocrx_word' id='word_1_320' title='bbox 465 4141 583 4198; x_wconf 83' lang='lat' dir='ltr'><strong>erratrix</strong></span> <span class='ocrx_word' id='word_1_321' title='bbox 597 4155 662 4212; x_wconf 88' lang='lat' dir='ltr'><strong>pers</strong></span> <span class='ocrx_word' id='word_1_322' title='bbox 678 4179 866 4195; x_wconf 90' lang='grc'><strong>.........</strong></span> <span class='ocrx_word' id='word_1_323' title='bbox 882 4145 897 4195; x_wconf 80' lang='lat' dir='ltr'><strong>e</strong></span> <span class='ocrx_word' id='word_1_324' title='bbox 912 4142 1043 4199; x_wconf 85' lang='lat' dir='ltr'><strong>uenatrix</strong></span> <span class='ocrx_word' id='word_1_325' title='bbox 1057 4143 1091 4197; x_wconf 90' lang='lat' dir='ltr'><em>N</em></span> <span class='ocrx_word' id='word_1_326' title='bbox 1102 4141 1222 4198; x_wconf 85' lang='lat' dir='ltr'><strong>erratrix</strong></span> <span class='ocrx_word' id='word_1_327' title='bbox 1236 4157 1287 4212; x_wconf 86' lang='lat' dir='ltr'><strong>per</strong></span> <span class='ocrx_word' id='word_1_328' title='bbox 1301 4156 1331 4196; x_wconf 88' lang='grc' dir='ltr'><strong>εε</strong></span> <span class='ocrx_word' id='word_1_329' title='bbox 1341 4143 1427 4211; x_wconf 87' lang='lat' dir='ltr'><strong>rapta</strong></span> <span class='ocrx_word' id='word_1_330' title='bbox 1440 4142 1484 4195; x_wconf 88' lang='lat' dir='ltr'><strong>est</strong></span> <span class='ocrx_word' id='word_1_331' title='bbox 1501 4143 1534 4194; x_wconf 91' lang='lat' dir='ltr'><strong>nt</strong></span> <span class='ocrx_word' id='word_1_332' title='bbox 1552 4137 1678 4196; x_wconf 68' lang='lat' dir='ltr'><strong>uenatum</strong></span> 
     </span>
     <span class='ocr_line' id='line_1_37' title="bbox 354 4221 1679 4296; baseline -0.005 -14"><span class='ocrx_word' id='word_1_333' title='bbox 354 4243 371 4288; x_wconf 86' lang='grc' dir='ltr'><strong><em>ς</em></strong></span> <span class='ocrx_word' id='word_1_334' title='bbox 396 4270 401 4282; x_wconf 96' lang='grc'>.</span> <span class='ocrx_word' id='word_1_335' title='bbox 426 4229 458 4282; x_wconf 78' lang='lat' dir='ltr'><strong>ia</strong></span> <span class='ocrx_word' id='word_1_336' title='bbox 480 4225 584 4280; x_wconf 80' lang='lat' dir='ltr'><strong>detrita</strong></span> <span class='ocrx_word' id='word_1_337' title='bbox 607 4222 709 4278; x_wconf 79' lang='lat' dir='ltr'><strong>codicis</strong></span> <span class='ocrx_word' id='word_1_338' title='bbox 732 4223 875 4294; x_wconf 80' lang='lat' dir='ltr'><strong>scriptura</strong></span> <span class='ocrx_word' id='word_1_339' title='bbox 895 4223 986 4293; x_wconf 81' lang='lat' dir='ltr'><strong>poulo</strong></span> <span class='ocrx_word' id='word_1_340' title='bbox 1009 4225 1111 4296; x_wconf 79' lang='lat' dir='ltr'><strong>pluro,</strong></span> <span class='ocrx_word' id='word_1_341' title='bbox 1139 4239 1223 4293; x_wconf 76' lang='lat' dir='ltr'><strong>guam</strong></span> <span class='ocrx_word' id='word_1_342' title='bbox 1250 4238 1321 4293; x_wconf 76' lang='lat' dir='ltr'><strong>puae</strong></span> <span class='ocrx_word' id='word_1_343' title='bbox 1346 4222 1379 4277; x_wconf 81' lang='lat' dir='ltr'><strong>ias</strong></span> <span class='ocrx_word' id='word_1_344' title='bbox 1401 4221 1521 4277; x_wconf 76' lang='lat' dir='ltr'><strong>editione</strong></span> <span class='ocrx_word' id='word_1_345' title='bbox 1543 4221 1679 4292; x_wconf 65' lang='lat' dir='ltr'><strong>legemur,</strong></span> 
     </span>
     <span class='ocr_line' id='line_1_38' title="bbox 354 4301 1679 4377; baseline -0.005 -13"><span class='ocrx_word' id='word_1_346' title='bbox 354 4309 443 4364; x_wconf 72' lang='grc' dir='ltr'><strong>ἀεεεεε</strong></span> <span class='ocrx_word' id='word_1_347' title='bbox 460 4306 628 4362; x_wconf 64' lang='lat' dir='ltr'><strong>citabantur</strong></span> <span class='ocrx_word' id='word_1_348' title='bbox 701 4310 733 4360; x_wconf 90' lang='lat'><strong>11</strong></span> <span class='ocrx_word' id='word_1_349' title='bbox 753 4305 860 4362; x_wconf 83' lang='lat' dir='ltr'><strong>beders</strong></span> <span class='ocrx_word' id='word_1_350' title='bbox 878 4303 946 4360; x_wconf 87' lang='lat' dir='ltr'><strong>uitis</strong></span> <span class='ocrx_word' id='word_1_351' title='bbox 966 4321 983 4365; x_wconf 80' lang='grc' dir='ltr'><strong>ς</strong></span> <span class='ocrx_word' id='word_1_352' title='bbox 1058 4311 1092 4362; x_wconf 85' lang='lat' dir='ltr'><strong>tt</strong></span> <span class='ocrx_word' id='word_1_353' title='bbox 1111 4302 1228 4377; x_wconf 86' lang='lat' dir='ltr'><strong>prodest</strong></span> <span class='ocrx_word' id='word_1_354' title='bbox 1253 4301 1371 4360; x_wconf 87' lang='lat' dir='ltr'><strong>consilio</strong></span> <span class='ocrx_word' id='word_1_355' title='bbox 1390 4317 1407 4363; x_wconf 82' lang='grc' dir='ltr'><strong>ε</strong></span> <span class='ocrx_word' id='word_1_356' title='bbox 1427 4346 1434 4359; x_wconf 92' lang='grc'><strong>.</strong></span> <span class='ocrx_word' id='word_1_357' title='bbox 1454 4303 1592 4372; x_wconf 72' lang='lat' dir='ltr'><strong>oonsilio,</strong></span> <span class='ocrx_word' id='word_1_358' title='bbox 1609 4303 1679 4374; x_wconf 74' lang='lat' dir='ltr'><strong>quod</strong></span> 
     </span>
     <span class='ocr_line' id='line_1_39' title="bbox 354 4384 1679 4459; baseline -0.005 -13"><span class='ocrx_word' id='word_1_359' title='bbox 354 4393 387 4446; x_wconf 85' lang='lat' dir='ltr'><strong>ia</strong></span> <span class='ocrx_word' id='word_1_360' title='bbox 404 4391 460 4458; x_wconf 76' lang='lat' dir='ltr'><strong>fine</strong></span> <span class='ocrx_word' id='word_1_361' title='bbox 478 4387 614 4459; x_wconf 62' lang='grc' dir='ltr'><strong>εεςιεεειιε</strong></span> <span class='ocrx_word' id='word_1_362' title='bbox 631 4401 727 4442; x_wconf 70' lang='lat' dir='ltr'><strong>vasus</strong></span> <span class='ocrx_word' id='word_1_363' title='bbox 744 4387 880 4457; x_wconf 65' lang='lat' dir='ltr'><strong>scriptum</strong></span> <span class='ocrx_word' id='word_1_364' title='bbox 897 4388 1008 4442; x_wconf 78' lang='lat' dir='ltr'><strong>eratin</strong></span> <span class='ocrx_word' id='word_1_365' title='bbox 1027 4388 1130 4454; x_wconf 84' lang='lat' dir='ltr'><strong>codice,</strong></span> <span class='ocrx_word' id='word_1_366' title='bbox 1154 4401 1247 4440; x_wconf 79' lang='lat' dir='ltr'><strong>more</strong></span> <span class='ocrx_word' id='word_1_367' title='bbox 1269 4385 1384 4440; x_wconf 69' lang='lat' dir='ltr'><strong>editoris</strong></span> <span class='ocrx_word' id='word_1_368' title='bbox 1405 4384 1460 4442; x_wconf 78' lang='lat' dir='ltr'><strong>too</strong></span> <span class='ocrx_word' id='word_1_369' title='bbox 1482 4387 1679 4456; x_wconf 75' lang='grc' dir='ltr'><strong>ιταεεροειιεεη</strong></span> 
     </span>
     <span class='ocr_line' id='line_1_40' title="bbox 354 4465 1680 4539; baseline -0.002 -13"><span class='ocrx_word' id='word_1_370' title='bbox 354 4475 411 4526; x_wconf 85' lang='grc' dir='ltr'><strong>εει.</strong></span> <span class='ocrx_word' id='word_1_371' title='bbox 468 4476 500 4527; x_wconf 83' lang='lat' dir='ltr'><strong>ts</strong></span> <span class='ocrx_word' id='word_1_372' title='bbox 521 4467 640 4525; x_wconf 85' lang='lat' dir='ltr'><strong>consilia</strong></span> <span class='ocrx_word' id='word_1_373' title='bbox 658 4484 675 4527; x_wconf 82' lang='grc' dir='ltr'><strong><em>ς</em></strong></span> <span class='ocrx_word' id='word_1_374' title='bbox 694 4467 811 4525; x_wconf 84' lang='lat' dir='ltr'><strong>consilio</strong></span> <span class='ocrx_word' id='word_1_375' title='bbox 830 4466 865 4522; x_wconf 84' lang='lat' dir='ltr'><strong><em>N</em></strong></span> <span class='ocrx_word' id='word_1_376' title='bbox 940 4473 973 4523; x_wconf 88' lang='lat' dir='ltr'><strong>1r</strong></span> <span class='ocrx_word' id='word_1_377' title='bbox 992 4467 1132 4539; x_wconf 81' lang='lat' dir='ltr'><strong>subripuit</strong></span> <span class='ocrx_word' id='word_1_378' title='bbox 1152 4467 1226 4524; x_wconf 90' lang='lat' dir='ltr'><strong>ciam</strong></span> <span class='ocrx_word' id='word_1_379' title='bbox 1245 4483 1297 4538; x_wconf 88' lang='lat' dir='ltr'><strong>rap</strong></span> <span class='ocrx_word' id='word_1_380' title='bbox 1316 4510 1322 4522; x_wconf 94' lang='lat'><em>.</em></span> <span class='ocrx_word' id='word_1_381' title='bbox 1343 4508 1350 4524; x_wconf 90' lang='lat'><strong>.</strong></span> <span class='ocrx_word' id='word_1_382' title='bbox 1371 4507 1377 4522; x_wconf 90' lang='lat'><strong>.</strong></span> <span class='ocrx_word' id='word_1_383' title='bbox 1397 4508 1404 4520; x_wconf 90' lang='lat'><strong>.</strong></span> <span class='ocrx_word' id='word_1_384' title='bbox 1424 4481 1456 4522; x_wconf 88' lang='lat' dir='ltr'><strong>ee</strong></span> <span class='ocrx_word' id='word_1_385' title='bbox 1479 4467 1563 4522; x_wconf 82' lang='lat' dir='ltr'><strong>notat</strong></span> <span class='ocrx_word' id='word_1_386' title='bbox 1585 4465 1680 4537; x_wconf 86' lang='lat' dir='ltr'><strong>aliqua</strong></span> 
     </span>
     <span class='ocr_line' id='line_1_41' title="bbox 355 4547 1678 4622; baseline -0.005 -13"><span class='ocrx_word' id='word_1_387' title='bbox 355 4553 426 4609; x_wconf 90' lang='lat' dir='ltr'><strong>subd</strong></span> <span class='ocrx_word' id='word_1_388' title='bbox 445 4595 452 4610; x_wconf 88' lang='lat'><strong>.</strong></span> <span class='ocrx_word' id='word_1_389' title='bbox 473 4595 479 4608; x_wconf 91' lang='lat'>.</span> <span class='ocrx_word' id='word_1_390' title='bbox 500 4594 507 4608; x_wconf 91' lang='lat'><strong>.</strong></span> <span class='ocrx_word' id='word_1_391' title='bbox 527 4595 534 4608; x_wconf 90' lang='lat'><em>.</em></span> <span class='ocrx_word' id='word_1_392' title='bbox 553 4550 630 4607; x_wconf 88' lang='lat' dir='ltr'><strong>intus</strong></span> <span class='ocrx_word' id='word_1_393' title='bbox 649 4549 792 4622; x_wconf 84' lang='lat' dir='ltr'><strong>significat</strong></span> <span class='ocrx_word' id='word_1_394' title='bbox 805 4549 850 4618; x_wconf 87' lang='lat' dir='ltr'><strong>N,</strong></span> <span class='ocrx_word' id='word_1_395' title='bbox 868 4549 918 4606; x_wconf 83' lang='lat' dir='ltr'><strong>obi</strong></span> <span class='ocrx_word' id='word_1_396' title='bbox 930 4547 1008 4605; x_wconf 81' lang='lat' dir='ltr'><strong>intua</strong></span> <span class='ocrx_word' id='word_1_397' title='bbox 1021 4551 1053 4605; x_wconf 82' lang='lat' dir='ltr'><strong>in</strong></span> <span class='ocrx_word' id='word_1_398' title='bbox 1071 4549 1175 4605; x_wconf 63' lang='lat' dir='ltr'><strong>dania</strong></span> <span class='ocrx_word' id='word_1_399' title='bbox 1191 4550 1335 4619; x_wconf 71' lang='lat' dir='ltr'><strong>scraptura</strong></span> <span class='ocrx_word' id='word_1_400' title='bbox 1352 4562 1410 4604; x_wconf 79' lang='lat' dir='ltr'><strong>nori</strong></span> <span class='ocrx_word' id='word_1_401' title='bbox 1428 4552 1500 4604; x_wconf 84' lang='lat' dir='ltr'><strong>certo</strong></span> <span class='ocrx_word' id='word_1_402' title='bbox 1519 4547 1678 4619; x_wconf 82' lang='lat' dir='ltr'><strong>apparebat,</strong></span> 
     </span>
     <span class='ocr_line' id='line_1_42' title="bbox 357 4628 1680 4704; baseline -0.002 -15"><span class='ocrx_word' id='word_1_403' title='bbox 357 4633 512 4704; x_wconf 85' lang='lat' dir='ltr'><strong>subripuit,</strong></span> <span class='ocrx_word' id='word_1_404' title='bbox 533 4633 608 4688; x_wconf 87' lang='lat' dir='ltr'><strong>clam</strong></span> <span class='ocrx_word' id='word_1_405' title='bbox 626 4631 735 4704; x_wconf 79' lang='lat' dir='ltr'><strong>rapuit,</strong></span> <span class='ocrx_word' id='word_1_406' title='bbox 760 4634 810 4687; x_wconf 86' lang='lat' dir='ltr'><strong>aut</strong></span> <span class='ocrx_word' id='word_1_407' title='bbox 829 4631 888 4688; x_wconf 87' lang='lat' dir='ltr'><strong>iere</strong></span> <span class='ocrx_word' id='word_1_408' title='bbox 907 4633 989 4687; x_wconf 80' lang='lat' dir='ltr'><strong>notat</strong></span> <span class='ocrx_word' id='word_1_409' title='bbox 1007 4630 1117 4702; x_wconf 90' lang='lat' dir='ltr'><strong>aliquid</strong></span> <span class='ocrx_word' id='word_1_410' title='bbox 1136 4630 1282 4687; x_wconf 86' lang='lat' dir='ltr'><strong>subditum</strong></span> <span class='ocrx_word' id='word_1_411' title='bbox 1302 4675 1308 4688; x_wconf 94' lang='lat'>.</span> <span class='ocrx_word' id='word_1_412' title='bbox 1328 4629 1359 4686; x_wconf 87' lang='lat' dir='ltr'><strong>in</strong></span> <span class='ocrx_word' id='word_1_413' title='bbox 1378 4631 1428 4684; x_wconf 85' lang='lat' dir='ltr'><strong>aut</strong></span> <span class='ocrx_word' id='word_1_414' title='bbox 1445 4628 1522 4684; x_wconf 86' lang='lat' dir='ltr'><strong>intus</strong></span> <span class='ocrx_word' id='word_1_415' title='bbox 1541 4629 1680 4700; x_wconf 85' lang='lat' dir='ltr'><strong>significat</strong></span> 
     </span>
     <span class='ocr_line' id='line_1_43' title="bbox 357 4709 1679 4785; baseline -0.007 -10"><span class='ocrx_word' id='word_1_416' title='bbox 357 4731 373 4775; x_wconf 79' lang='grc' dir='ltr'><strong>ς</strong></span> <span class='ocrx_word' id='word_1_417' title='bbox 394 4758 400 4771; x_wconf 92' lang='grc'>.</span> <span class='ocrx_word' id='word_1_418' title='bbox 419 4715 455 4784; x_wconf 80' lang='lat' dir='ltr'><strong>cs.</strong></span> <span class='ocrx_word' id='word_1_419' title='bbox 475 4712 544 4770; x_wconf 75' lang='lat' dir='ltr'><strong>Rea.</strong></span> <span class='ocrx_word' id='word_1_420' title='bbox 563 4715 597 4770; x_wconf 74' lang='lat' dir='ltr'><strong>de</strong></span> <span class='ocrx_word' id='word_1_421' title='bbox 616 4713 735 4785; x_wconf 69' lang='lat' dir='ltr'><strong>oridogn</strong></span> <span class='ocrx_word' id='word_1_422' title='bbox 751 4731 783 4785; x_wconf 84' lang='lat' dir='ltr'><strong>p.</strong></span> <span class='ocrx_word' id='word_1_423' title='bbox 797 4718 908 4782; x_wconf 79' lang='lat'><strong>288,24</strong></span> <span class='ocrx_word' id='word_1_424' title='bbox 927 4713 978 4769; x_wconf 87' lang='lat' dir='ltr'><strong>sub</strong></span> <span class='ocrx_word' id='word_1_425' title='bbox 994 4743 1027 4754; x_wconf 89' lang='lat'>-</span> <span class='ocrx_word' id='word_1_426' title='bbox 1042 4711 1158 4785; x_wconf 89' lang='lat' dir='ltr'><strong>ponitur</strong></span> <span class='ocrx_word' id='word_1_427' title='bbox 1177 4730 1233 4769; x_wconf 88' lang='lat' dir='ltr'><strong>non</strong></span> <span class='ocrx_word' id='word_1_428' title='bbox 1251 4729 1405 4785; x_wconf 87' lang='lat' dir='ltr'><strong>numquam</strong></span> <span class='ocrx_word' id='word_1_429' title='bbox 1426 4713 1455 4766; x_wconf 90' lang='lat' dir='ltr'><strong>et</strong></span> <span class='ocrx_word' id='word_1_430' title='bbox 1472 4727 1525 4781; x_wconf 88' lang='lat' dir='ltr'><strong>pro</strong></span> <span class='ocrx_word' id='word_1_431' title='bbox 1543 4709 1631 4781; x_wconf 88' lang='lat' dir='ltr'><strong>clam,</strong></span> <span class='ocrx_word' id='word_1_432' title='bbox 1650 4715 1679 4766; x_wconf 91' lang='lat' dir='ltr'><strong>ut</strong></span> 
     </span>
     <span class='ocr_line' id='line_1_44' title="bbox 357 4791 1678 4868; baseline -0.002 -16"><span class='ocrx_word' id='word_1_433' title='bbox 357 4795 511 4868; x_wconf 83' lang='lat' dir='ltr'><strong>subripuit,</strong></span> <span class='ocrx_word' id='word_1_434' title='bbox 530 4795 560 4850; x_wconf 92' lang='lat' dir='ltr'><strong>id</strong></span> <span class='ocrx_word' id='word_1_435' title='bbox 579 4797 624 4852; x_wconf 91' lang='grc' dir='ltr'><strong>εει</strong></span> <span class='ocrx_word' id='word_1_436' title='bbox 642 4795 716 4852; x_wconf 88' lang='lat' dir='ltr'><strong>clam</strong></span> <span class='ocrx_word' id='word_1_437' title='bbox 736 4795 834 4866; x_wconf 84' lang='lat' dir='ltr'><strong>rapuit</strong></span> <span class='ocrx_word' id='word_1_438' title='bbox 913 4799 946 4849; x_wconf 82' lang='lat' dir='ltr'><strong>te</strong></span> <span class='ocrx_word' id='word_1_439' title='bbox 966 4792 1062 4866; x_wconf 86' lang='lat' dir='ltr'><strong>nimie]</strong></span> <span class='ocrx_word' id='word_1_440' title='bbox 1082 4794 1176 4850; x_wconf 85' lang='lat' dir='ltr'><strong>minua</strong></span> <span class='ocrx_word' id='word_1_441' title='bbox 1194 4793 1279 4848; x_wconf 79' lang='lat' dir='ltr'><strong>editio</strong></span> <span class='ocrx_word' id='word_1_442' title='bbox 1296 4791 1465 4848; x_wconf 83' lang='lat' dir='ltr'><strong>Basilcrrrsr&#39;s</strong></span> <span class='ocrx_word' id='word_1_443' title='bbox 1547 4797 1581 4847; x_wconf 78' lang='lat' dir='ltr'><strong>et</strong></span> <span class='ocrx_word' id='word_1_444' title='bbox 1603 4792 1678 4850; x_wconf 88' lang='lat' dir='ltr'><strong>nobi·</strong></span> 
     </span>
     <span class='ocr_line' id='line_1_45' title="bbox 355 4875 910 4951; baseline -0.005 -16"><span class='ocrx_word' id='word_1_445' title='bbox 355 4876 459 4951; x_wconf 83' lang='lat' dir='ltr'><strong>litatis]</strong></span> <span class='ocrx_word' id='word_1_446' title='bbox 479 4877 591 4949; x_wconf 82' lang='lat' dir='ltr'><strong>generis</strong></span> <span class='ocrx_word' id='word_1_447' title='bbox 610 4895 680 4935; x_wconf 85' lang='lat' dir='ltr'><strong>corr.</strong></span> <span class='ocrx_word' id='word_1_448' title='bbox 699 4875 857 4934; x_wconf 84' lang='lat' dir='ltr'><strong>nobilitatis</strong></span> <span class='ocrx_word' id='word_1_449' title='bbox 876 4875 910 4932; x_wconf 83' lang='lat' dir='ltr'><strong><em>N</em></strong></span> 
     </span>
    </p>
   </div>
   <div class='ocr_carea' id='block_1_5' title="bbox 0 0 1820 5486">
    <p class='ocr_par' dir='ltr' id='par_1_15' title="bbox 0 0 1820 5486">
     <span class='ocr_line' id='line_1_46' title="bbox 0 0 1820 5486; baseline 0 0"><span class='ocrx_word' id='word_1_450' title='bbox 0 0 1820 5486; x_wconf 95' lang='lat' dir='ltr'><strong> </strong></span> 
     </span>
    </p>
   </div>
  </div>
 </body>
</html>
