3602 5482
368 351 434 420 372
789 429 791 441 Ι
940 351 1116 411 oosrrnnr

367 561 477 606 nomen
501 543 635 606 auctoris
659 543 690 606 in
714 540 818 606 codice
842 541 975 606 additum
996 561 1056 605 non
1075 543 1204 627 inrenb,
1228 550 1329 606 temen
1347 544 1385 608 ad
1399 543 1580 608 ltosltbeum
1600 547 1699 607 omnia

368 670 445 735 quae
460 653 491 716 ln
506 669 542 714 eo
558 653 669 734 scripta
687 660 758 715 sunt
773 651 888 714 reterre
904 669 964 714 non
980 649 1135 735 dubitarit,
1153 659 1314 736 propterea
1329 653 1410 736 quod
1431 673 1465 716 ea
1479 671 1560 738 pars,
1575 655 1699 736 quaein

367 759 550 844 Sangallensi
565 779 686 843 quoque
701 760 804 824 codiee
819 759 931 844 legitur
945 768 975 823 et
993 777 1030 823 ex
1048 759 1107 823 boc
1121 779 1138 823 a
1154 759 1295 826 Goldesto
1310 761 1390 827 edita
1405 772 1480 848 erat,
1497 763 1555 827 boo
1576 764 1698 826 nomine

365 872 511 952 inscripta
525 868 688 934 terebatur.
713 869 838 934 eandem
853 871 1000 933 rationem
1011 877 1135 933 wcutus
1150 879 1197 934 est
1205 869 1417 956 Boocklngius,
1431 891 1501 937 cum
1516 875 1697 956 interpreta-

366 988 467 1042 menta
481 996 558 1061 quae
573 977 648 1042 dixit
656 976 791 1042 Dosltbei
802 987 922 1062 praeter
936 977 1051 1061 glossas
1062 981 1162 1044 omnia
1172 997 1248 1062 quae
1263 981 1295 1043 lo
1305 978 1450 1044 vossiano
1465 979 1569 1044 codice
1585 983 1698 1064 scripta

366 1098 446 1173 sunt,
470 1087 602 1152 adbibita
620 1097 778 1172 praeterea
798 1087 982 1172 sangallensi
1002 1087 1105 1152 codIce
1126 1096 1157 1152 et
1175 1089 1346 1172 apographa
1367 1089 1560 1174 &aligeram
1585 1091 1697 1154 cadius

365 1198 508 1276 Puteanl,
539 1196 619 1280 quod
648 1216 738 1282 supra
768 1199 1014 1282 commemorari,
1042 1198 1147 1262 ederet
1170 1198 1227 1262 boc
1251 1198 1355 1285 titulo,
1383 1195 1536 1264 ‘Dosltbei
1561 1202 1697 1282 magistri

367 1311 708 1392 interpretamentorum
732 1307 809 1372 bber
832 1311 942 1372 tertius
965 1327 1073 1392 graece
1099 1317 1130 1372 et
1152 1303 1264 1372 labne'.
1313 1307 1447 1372 Goldasti
1470 1317 1573 1372 autem
1598 1327 1696 1372 exem·

366 1417 449 1501 plum
482 1420 616 1482 imitatus
649 1419 748 1481 omnia
781 1436 858 1500 quae
888 1437 924 1481 ex
951 1416 1000 1480 bis
1030 1416 1186 1481 codicibus
1216 1415 1311 1481 edidit
1338 1419 1429 1481 tertio
1457 1416 1535 1480 libro
1560 1415 1697 1480 Dositbei

366 1527 498 1592 tribuit.
518 1529 578 1591 lam
601 1545 673 1590 vero
697 1529 728 1590 ln
751 1527 936 1610 praefatione
960 1525 1151 1610 genealogiae
1175 1525 1284 1610 Hygini
1305 1529 1426 1590 inventa
1451 1533 1499 1589 est
1517 1527 1696 1608 significatio

366 1639 524 1720 temporis,
556 1655 711 1720 qudeim
734 1635 846 1699 librurn
874 1655 890 1698 a
920 1653 953 1698 se
981 1634 1169 1718 descriptum
1198 1655 1265 1700 esse
1293 1637 1426 1718 scriptor
1452 1632 1567 1697 indicat
1598 1653 1629 1718 p.
1655 1631 1697 1699 65

366 1747 412 1810 ed.
436 1745 555 1831 lineet,
583 1739 729 1832 Μαξίμῳ
757 1737 814 1808 καὶ
841 1734 958 1834 'Areopa
990 1733 1133 1820 ὑπάτοις
1165 1736 1231 1829 πρὸ
1265 1764 1287 1825 y
1319 1741 1422 1808 εἰδῶν
1451 1742 1697 1827 Σεπτεμβοίων

360 1847 502 1938 ’Ῥγίνου
520 1853 742 1939 γενεαλογίαν
760 1850 864 1917 πᾶσιν
883 1843 1041 1936 ynnocho
1059 1849 1267 1938 μετέγραψα,
1291 1849 1329 1918 ἐν
1346 1837 1369 1939 ᾗ
1389 1851 1523 1918 ἔσονται
1541 1852 1697 1930 πλείονες

366 1963 513 2047 ἱστορίαι
537 1956 821 2048 διερμηνευμέναι
845 1958 883 2027 ἐν
906 1955 1016 2051 τούτῳ
1039 1960 1086 2052 τῷ
1110 1961 1232 2052 βιβλίῳ
1258 1965 1398 2028 Monimo
1421 1973 1452 2028 et
1475 1967 1560 2044 Apro
1585 1983 1695 2028 coasu-

365 2077 444 2139 libas
468 2078 559 2140 tertio
583 2078 624 2138 id.
649 2075 842 2154 Septembres
865 2073 985 2153 Hypini
1003 2077 1220 2152 aeneoloaiam
1243 2077 1383 2138 omnibus
1406 2082 1510 2138 aotam
1533 2077 1696 2154 descripsi,

366 2189 398 2248 in
421 2203 484 2264 qua
508 2189 728 2264 maniplares
750 2185 901 2246 historiae
925 2185 1149 2262 interpretatae
1172 2187 1203 2246 in
1231 2185 1290 2247 bac
1317 2185 1412 2260 libro,
1441 2184 1493 2264 qui
1521 2191 1569 2246 est
1598 2202 1697 2247 annus

365 2313 393 2378 p.
418 2292 487 2357 Chr.
512 2312 540 2356 n.
564 2289 639 2358 207.
676 2295 778 2375 ltaque
794 2309 877 2374 ,cum
905 2301 936 2355 et
964 2291 1038 2355 baec
1066 2301 1097 2355 et
1125 2291 1241 2376 reliqua
1266 2294 1365 2355 omnia
1389 2309 1466 2375 quae
1491 2311 1561 2356 oum
1586 2292 1696 2376 Hygini

365 2404 517 2484 excerptis
552 2403 713 2465 conirrncta
749 2408 821 2465 sunt
853 2398 997 2463 Dositheo
1030 2402 1175 2483 magistro
1207 2399 1431 2486 tribuerentur,
1463 2411 1548 2465 certo
1583 2401 1695 2465 indicio

365 2511 487 2576 delinita
512 2531 579 2576 esse
604 2509 762 2574 videbatur
785 2519 867 2572 actas
891 2511 1091 2594 grammatici,
1120 2509 1200 2592 quod
1229 2495 1359 2594 primus,
1387 2513 1419 2574 ui
1442 2509 1543 2595 fallor,
1571 2510 1694 2574 Valcke-

283 2641 285 2646 ’
365 2624 468 2684 narius
492 2641 520 2704 p.
548 2620 610 2685 111
636 2620 694 2683 hoc
718 2620 891 2682 testimonio
915 2636 989 2681 usus
1013 2621 1227 2701 pronuntiarit

456 2729 566 2797 Verum
591 2737 690 2792 tamen
719 2730 867 2792 incertam
896 2747 963 2791 esse
992 2727 1069 2792 banc
1097 2731 1371 2812 ratiocinationem,
1399 2747 1457 2810 qua
1481 2727 1570 2810 uulgo
1595 2731 1694 2792 omnia

365 2859 441 2922 qtrae
466 2840 528 2903 disi
547 2837 691 2902 Dositheo
711 2835 902 2921 tribuuntur,
927 2836 1138 2902 animadvertit
1156 2840 1188 2901 Α.
1203 2838 1385 2922 Boucberie,
1408 2838 1564 2921 professor
1579 2837 1694 2901 blante-

366 2949 559 3033 pessulanus,
583 2948 620 3011 de
641 2949 744 3011 coelice
764 2946 1028 3030 blontepessulano
1047 2944 1128 3032 306,
1153 2967 1189 3011 er
1214 2967 1275 3030 quo
1299 2947 1406 3011 similis
1430 2946 1577 3028 quaedam
1600 2949 1694 3011 inter·

365 3067 552 3140 pretamenta
576 3056 682 3141 edidit,
712 3057 883 3141 disputans,
912 3065 1048 3138 comptos
1076 3055 1190 3119 rendus
1218 3055 1278 3120 des·
1300 3057 1425 3119 mances
1453 3055 1491 3118 de
1514 3055 1694 3120 l’hcadenrie

364 3165 419 3229 des
446 3169 643 3249 inscriptions
676 3175 707 3231 et
738 3158 832 3228 belles
861 3163 967 3226 lettres
994 3181 1020 3226 a.
1046 3160 1131 3228 1868
1160 3183 1190 3246 p.
1214 3160 1278 3227 271
1309 3172 1340 3230 et
1367 3167 1485 3228 notices
1514 3172 1545 3228 et
1568 3169 1694 3230 eruatis

364 3278 418 3339 des
442 3278 624 3339 manuscrits
648 3275 685 3338 de
708 3274 736 3337 la
760 3272 966 3354 bibliotheque
990 3271 1139 3334 nationale
1164 3291 1189 3334 v.
1213 3271 1309 3334 xxiii
1332 3270 1354 3336 2
1377 3267 1418 3359 (a.
1442 3268 1544 3361 1872)
1568 3295 1597 3358 p.
1619 3273 1693 3340 280.

364 3453 513 3525 delineatio
544 3457 569 3508 et
596 3451 689 3508 dudio
718 3449 900 3520 transscripss'
926 3449 1001 3504 burte
1027 3447 1131 3503 librum
1157 3451 1210 3504 etc.
1239 3441 1380 3520 ὑδροχόος
1407 3449 1558 3520 maius,
1591 3447 1695 3522 ἰχθύες

359 3537 451 3610 pisces
468 3534 515 3606 (ci.
535 3533 636 3590 boene
654 3533 750 3605 prodr.
769 3547 844 3603 corp.
864 3530 948 3602 gloss.
967 3529 1019 3586 let.
1037 3548 1064 3601 p.
1085 3531 1149 3601 206)
1169 3572 1175 3585 .
1195 3534 1261 3602 post
1284 3531 1336 3587 has
1354 3531 1462 3604 scripta
1480 3535 1546 3588 sont
1564 3549 1599 3588 ea
1619 3552 1693 3606 quae

312 3649 318 3658 ·
364 3632 450 3688 snpra
477 3613 616 3686 indicari,
644 3614 718 3672 sicut
741 3611 952 3685 aBoackingio
975 3610 1053 3668 edite
1075 3614 1154 3681 eunt,
1177 3607 1350 3683 θαυμαστόν
1370 3607 1446 3668 ἐστιν
1465 3614 1628 3670 mirandum
1646 3621 1694 3672 est.

365 3731 399 3741 -
414 3694 471 3769 ἤδη
490 3693 645 3769 ἐρχόμενος
664 3697 705 3761 ele
724 3700 878 3770 βαλανεῖον
896 3696 955 3750 iant
972 3695 1084 3750 amieo
1102 3693 1140 3749 ad
1158 3693 1287 3750 balmen
1306 3737 1313 3751 .
1333 3695 1368 3751 de
1387 3695 1482 3752 aetate
1501 3695 1608 3752 codicis
1628 3715 1693 3754 cum

364 3781 433 3837 olim
453 3779 565 3836 dinemo
583 3781 677 3836 cuent
690 3777 815 3835 suarm
830 3777 979 3833 doctorum
992 3773 1111 3844 indicis,
1130 3773 1321 3847 Boeelringius
1335 3779 1450 3834 auctore
1465 3776 1563 3834 Geelio
1578 3780 1693 3836 mecolo

364 3861 514 3918 undecimo
534 3878 591 3918 non
610 3859 800 3930 antiquiorem
825 3875 887 3916 esse
909 3857 1014 3915 librum
1038 3857 1249 3914 adseveravit.
1273 3858 1310 3914 ed
1335 3854 1464 3916 lesacnin
1486 3859 1621 3916 vossium
1647 3860 1694 3918 ‘ex

364 3943 544 3999 Bibliotheca
557 3941 714 3999 Christiani
726 3941 851 4014 Rumpiii
865 3939 996 4008 Medici’‚
1016 3941 1090 3996 sicot
1107 3939 1138 3995 in
1157 3940 1250 4012 primo
1268 3941 1339 3997 folio
1358 3941 1463 3999 codicis
1482 3942 1619 4015 scriptum
1641 3945 1693 4014 est,

363 4024 475 4082 deletus
499 4027 561 4082 erat
579 4067 585 4080 .
606 4023 774 4096 eitumpiio
794 4023 916 4081 eundem
944 4023 1071 4080 codicem
1098 4025 1236 4080 utendam
1261 4025 1413 4095 acceperat
1440 4023 1595 4080 Salmasius
1621 4025 1693 4082 baec

365 4105 490 4163 scribens
509 4107 545 4164 de
563 4107 649 4164 modo
677 4124 826 4163 nsummm
855 4109 1052 4176 stipiti
1077 4105 1121 4160 ed.
1141 4105 1231 4179 bugd.
1251 4105 1313 4162 Bet
1338 4120 1363 4162 a.
1385 4111 1464 4174 1979,
1488 4110 1570 4161 retus
1594 4109 1694 4163 auctor

365 4187 520 4246 Graeculus
538 4190 569 4245 in
588 4187 749 4262 fragmento
768 4188 895 4257 ieiune,
916 4185 995 4244 cruos
1014 4203 1094 4242 nsum
1114 4187 1184 4243 mihi
1204 4186 1397 4244 commodavit
1415 4185 1587 4244 staduimus
1601 4189 1691 4244 medi-

364 4269 445 4327 cinae
470 4271 570 4328 doctor
593 4269 770 4327 Christianus
792 4270 939 4342 Rumpfins
963 4270 1076 4339 πρῶτον
1100 4259 1153 4326 οὖν
1172 4271 1279 4340 idonea
1297 4265 1430 4324 ποταπόο
1450 4263 1538 4324 ἐστιν’
1564 4285 1628 4339 sqq.
1653 4275 1691 4340 (p.

364 4359 401 4408 46
420 4352 463 4409 ed.
483 4350 609 4423 Boaris).
647 4350 741 4408 minus
761 4354 870 4408 certum
890 4353 946 4420 est,
965 4369 1032 4407 num
1051 4352 1152 4409 eodem
1171 4351 1269 4408 codice
1287 4367 1355 4406 usus
1380 4347 1418 4405 sit
1439 4348 1502 4420 ipse
1519 4347 1639 4405 Vossius
1658 4351 1693 4405 de

365 4433 494 4491 Dosithei
521 4433 623 4506 glossis
652 4435 776 4492 scribens
803 4435 833 4490 in
852 4432 957 4490 Catuli.
983 4451 1011 4504 p.
1032 4439 1065 4488 97
1096 4433 1142 4488 ‘in
1162 4430 1270 4487 Glossis
1294 4431 1437 4487 veteribus
1465 4423 1623 4499 ἐκμαγεῖον
1643 4437 1693 4487 ter·

364 4518 474 4587 pomum
491 4515 643 4588 exponitur
661 4517 708 4574 vel
726 4517 885 4584 tersorium,
904 4517 1055 4585 utrumqne
1074 4515 1150 4571 enim
1169 4513 1265 4570 dixere
1284 4515 1402 4568 veteres.
1440 4509 1473 4566 In
1492 4507 1600 4566 Glossis
1625 4527 1692 4568 nero

365 4596 495 4653 Dositbei
521 4593 677 4670 ἐκμαγεῖον
709 4600 837 4668 mantele,
874 4603 1092 4670 perpespapeior
1122 4611 1240 4665 mappa,
1278 4595 1308 4650 et
1343 4593 1555 4662 eonespcyecov
1589 4593 1692 4662 pedale

295 4679 307 4704 ⁸
364 4677 516 4734 redditur'.
554 4695 620 4735 nam
639 4679 712 4736 duce
732 4697 766 4736 ex
789 4679 834 4736 his
858 4679 961 4751 glossis
986 4677 1016 4734 in
1036 4673 1215 4752 Sangalleusi
1239 4673 1336 4731 codice
1362 4672 1510 4744 leguntur,
1536 4667 1693 4744 ἐκμαγεῖον

364 4761 494 4829 mauide,
513 4768 730 4834 zsrprspapeior
748 4779 868 4833 mappa;
886 4760 973 4816 tertie
992 4762 1203 4830 nodeapapstov
1224 4757 1322 4831 pedale
1339 4755 1369 4812 in
1390 4753 1571 4828 Sangallensi
1593 4755 1692 4812 codice

365 4841 469 4900 omissa.
496 4861 587 4914 neque
620 4843 650 4900 in
681 4843 743 4916 ipso
771 4841 925 4909 vossiano,
958 4841 1032 4897 sicat
1063 4839 1213 4897 &counit
1241 4837 1446 4896 Valckenarius
1473 4836 1493 4892 l.
1521 4853 1544 4892 c.
1573 4855 1600 4908 p.
1632 4844 1692 4908 110,

364 4925 482 4982 invento
500 4929 551 4982 est
