3602 5482
359 367 427 432 294
919 439 922 447 ,
965 367 1088 426 sanae

358 481 381 520 p·
394 471 450 514 mi
464 471 490 512 P.

359 559 489 620 viscere:
520 554 670 638 Vergilius
700 549 792 642 (Aeo.
831 557 896 622 VII
921 548 1006 644 3⁷8)
1038 552 1092 620 ‘et
1123 565 1221 620 torto
1253 556 1410 620 uolitans
1441 556 1508 620 sul)
1541 555 1688 619 rerbsre

360 659 484 728 turbo’
509 671 541 728 et
564 663 690 729 Ovidius
714 661 875 730 ‘viscere
899 658 1044 728 diviso’.

388 813 391 818 -
450 772 524 836 Vter
547 774 660 838 divitiis
683 783 714 838 et
737 775 865 840 dislties.

450 873 518 946 Ver¹
533 901 653 967 semper
677 882 880 966 singulariter.
1090 951 1095 964 ,

450 988 582 1075 verbex,
606 991 636 1055 id
660 1000 708 1056 est
731 993 809 1075 oris,
833 991 871 1054 ab
895 1012 912 1054 r
935 991 1036 1056 litters
1060 993 1276 1077 incipiendum.
1384 983 1387 988 ’
1703 1008 1715 1046 ⁵

451 1099 582 1164 Vlterior
605 1108 636 1163 et
659 1099 785 1164 ultimus
802 1079 973 1183 ¹positivum
995 1100 1123 1182 gradum
1147 1121 1208 1166 noo
1233 1101 1353 1166 hebent.

451 1206 548 1271 Verus
571 1206 607 1270 ad
633 1217 758 1270 naturae
783 1216 900 1271 tantum
925 1210 1082 1272 veritatem
1107 1210 1250 1300 rciertur,
1275 1229 1365 1274 verax
1383 1221 1485 1274 autem
1508 1208 1621 1272 dicitur
1644 1214 1693 1290 qui

361 1337 421 1382 non
442 1320 597 1382 mentitur.
635 1316 716 1380 unde
735 1325 774 1380 et
787 1335 876 1379 vertis
895 1317 1022 1380 daemon
1042 1318 1103 1380 dici
1126 1327 1241 1403 potest,
1266 1337 1355 1382 verax
1375 1327 1476 1382 aretem
1502 1335 1563 1380 non
1588 1327 1691 1400 potest.

451 1425 607 1492 vallestria
630 1443 787 1509 agrorum,
811 1428 891 1490 sicut
914 1438 946 1489 et
969 1429 1164 1510 campestria,
1186 1426 1339 1492 dicuntur.

451 1535 525 1599 Veto
545 1535 664 1618 culpam
683 1544 714 1598 et
733 1547 800 1598 teto
820 1535 922 1620 culpa,
941 1534 971 1597 id
990 1544 1038 1598 est
1056 1535 1204 1620 prohibeo
1224 1555 1240 1598 e
1260 1536 1362 1620 culpa:
1383 1535 1525 1622 Sedulius
1545 1531 1692 1617 ‘pomis
1709 1553 1730 1590 ιι

361 1663 431 1727 que
456 1653 597 1708 uetaret
620 1639 795 1728 acerbie’,
822 1643 852 1707 id
877 1652 925 1707 est
948 1663 964 1708 a
987 1646 1100 1728 pomis,
1128 1654 1160 1708 et
1181 1621 1367 1709 Fortunatus
1391 1639 1478 1707 ‘non
1503 1654 1585 1707 reto
1609 1662 1692 1706 con·

360 1753 514 1836 iugium,
537 1752 600 1814 sed
623 1751 795 1834 praelero
820 1755 977 1836 virginis
1001 1747 1145 1816 elrum'.

452 1859 559 1924 Vultus
582 1869 732 1944 mutatur,
756 1861 848 1924 iacies
872 1872 983 1926 manet.

452 1967 511 2032 Vae
539 1969 657 2032 dativus
685 1978 717 2033 et
744 1971 933 2033 accusativus
956 1972 1045 2053 sequi
1073 1969 1200 2051 debent,
1229 1988 1289 2032 non
1313 1967 1404 2052 alius,
1433 1979 1467 2032 ut
1491 1964 1556 2031 ‘vae
1584 1970 1693 2052 populo

362 2073 553 2142 Maurorum'
577 2086 608 2141 et
632 2073 701 2140 ‘rae
725 2077 871 2161 populum
894 2075 1095 2143 Maurorum’.
1706 2094 1730 2132 ιι

452 2185 584 2270 Vterque
604 2186 641 2250 de
661 2186 781 2250 duobus
800 2186 944 2270 dicimus,
967 2193 1091 2270 utrique
1110 2187 1148 2250 de
1167 2187 1249 2252 binis
1268 2196 1320 2251 aut
1339 2189 1376 2252 de
1396 2186 1534 2270 pluribus
1555 2205 1590 2250 ex
1617 2195 1693 2249 rura·

257 2277 261 2283 ⁵
363 2314 422 2377 que
447 2305 532 2378 parte
556 2297 679 2381 positis,
703 2304 832 2378 uterque
856 2299 954 2378 venit,
977 2299 1101 2378 utrique
1126 2306 1283 2360 venerunt.

453 2401 585 2468 Veniunt
609 2405 661 2486 qui
684 2404 832 2487 vendunt,
856 2415 989 2468 veneunt
1014 2406 1067 2486 qui
1091 2403 1273 2468 renduntur.
1390 2491 1393 2496 Ι

453 2511 538 2576 Vltus
562 2521 593 2576 et
617 2512 784 2576 vindicatus
808 2523 839 2576 et
861 2516 997 2596 punitus.

453 2619 601 2685 velocitas
623 2621 735 2704 pedum
760 2630 990 2706 etcorporum,
1014 2622 1154 2685 celeritas
1179 2625 1350 2685 animorum
1375 2632 1406 2683 et
1430 2621 1588 2685 lectorum.
1708 2633 1731 2673 ²⁰

452 2726 543 2794 vicus
566 2731 647 2814 quod
671 2733 816 2814 nascitur,
839 2731 949 2794 uulnus
973 2731 1054 2814 quod
1078 2749 1133 2812 per
1157 2729 1249 2792 alium
1273 2731 1315 2793 iic.

375 2835 379 2844 '
454 2839 561 2905 Vultur
584 2839 660 2904 dixit
684 2838 833 2922 Vergilius
857 2841 888 2902 in
914 2838 966 2922 vi,
990 2839 1044 2902 sed
1068 2848 1099 2901 et
1122 2838 1274 2902 vulturius
1298 2837 1435 2902 Lucilius
1458 2839 1488 2901 in
1514 2837 1535 2900 l.

452 2950 564 3034 Vrgeo,
588 2969 648 3013 non
673 2968 801 3032 urgueo,
826 2947 976 3029 Vergilius
999 2940 1090 3032 (Aen.
1121 2947 1165 3010 l'I
1180 2941 1267 3033 560)
1293 2943 1491 3029 ‘quibusve
1516 2957 1695 3030 urgentur
1781 3005 1783 3015 .

361 3054 525 3143 poenae',
549 3077 630 3140 ungo
655 3059 742 3140 unxi,
765 3073 826 3140 quo
850 3057 939 3120 modo
967 3059 1059 3140 pingo
1083 3059 1180 3140 pinxi,
1209 3067 1373 3136 utrumque
1403 3057 1467 3118 sine
1493 3075 1527 3138 u;
1565 3065 1695 3118 attamen

362 3171 398 3232 ad
419 3187 530 3232 nornen
545 3167 713 3230 derivatum
729 3185 747 3227 u
763 3164 858 3248 addit,
878 3175 912 3227 ut
926 3159 1038 3248 (Verp.
1052 3184 1159 3244 peorp.
1177 3157 1330 3248 111450)
1347 3159 1514 3247 ‘pinguis
1533 3168 1694 3246 unguine
1709 3181 1730 3219 ss

362 3271 500 3342 c'eras’:
524 3277 564 3339 ita
590 3273 652 3355 [ut]
679 3282 883 3355 unguentum,
908 3292 967 3335 non
993 3282 1160 3354 ungentum
1184 3273 1312 3335 dicatur.

454 3384 585 3448 Verbum
607 3391 653 3446 est
672 3399 761 3445 omne
780 3381 861 3461 quod
886 3381 987 3462 lingua
1007 3380 1164 3463 profertur
1183 3390 1213 3443 et
1233 3399 1314 3443 uoce.
1354 3401 1454 3444 sermo
1473 3390 1590 3464 autem,
1610 3384 1696 3444 cuius

363 3514 472 3559 nomen
498 3512 534 3555 ex
563 3491 683 3555 duobus
707 3489 808 3552 verbis
832 3492 1033 3572 compositum
1058 3500 1118 3572 est,
1150 3488 1279 3552 serendo
1304 3499 1334 3552 et
1359 3488 1524 3572 monendo,
1547 3493 1695 3572 comptior

363 3625 397 3668 ac
427 3603 601 3686 diligentior
629 3601 670 3663 iit.
715 3602 864 3663 sententia
892 3616 963 3661 vero
992 3617 1069 3678 quiae
1101 3617 1192 3661 seusu
1222 3601 1402 3680 concipitur.
1444 3617 1536 3680 porro
1569 3598 1695 3681 loquela,

362 3713 482 3795 qurendo
506 3729 575 3773 cum
602 3709 729 3792 quedam
755 3708 926 3789 eloquentia
950 3707 1091 3770 dictionis
1115 3705 1190 3768 ordo
1220 3710 1399 3788 pertexilur.
1437 3708 1552 3791 oratio,
1577 3707 1694 3786 quando
1708 3721 1730 3762 so

365 3842 462 3905 usque
485 3820 521 3884 ad
546 3838 690 3883 marinum
714 3830 810 3882 artem
833 3815 1053 3880 describendus
1077 3817 1207 3878 oratoris
1227 3834 1328 3879 sermo
1352 3817 1498 3898 pervenit.

434 3995 600 4069 donidius]
621 3995 657 4064 cf.
672 4011 729 4054 exc.
749 3992 833 4050 Odor.
849 4009 880 4062 p.
896 3996 962 4059 550,
980 3994 1017 4046 17
1082 3989 1186 4062 diviso]
1208 3989 1317 4046 denisio
1339 3989 1368 4045 P
1430 3991 1572 4048 duerbex
1590 3991 1618 4048 L
1637 4007 1695 4047 uer·

364 4097 419 4137 nex
439 4079 478 4135 M
493 4094 581 4134 uem
602 4076 631 4133 P
702 4075 733 4132 id
752 4076 796 4132 est
814 4089 866 4130 oro.
886 4071 951 4126 PM
1026 4078 1060 4126 io
1084 4073 1114 4128 el
1133 4074 1200 4128 aeto
1220 4072 1307 4144 culpa
1327 4071 1356 4127 P
1373 4074 1404 4128 ei
1421 4074 1489 4129 uela
1508 4070 1593 4142 culpe
1614 4071 1652 4128 M
1669 4073 1696 4128 et

363 4162 430 4218 uelo
449 4177 467 4216 s
486 4159 572 4230 culpo
589 4157 639 4218 eL
701 4162 733 4212 11
753 4171 872 4212 socruum
892 4151 922 4206 P
977 4159 1010 4208 ti
1029 4153 1159 4209 deiiuom
1174 4156 1203 4210 et
1218 4154 1415 4211 eccnseliuum
1429 4153 1510 4224 sequi
1525 4155 1614 4212 debet
1629 4155 1695 4212 ML

408 4257 466 4298 noo
485 4240 557 4296 ellos
576 4241 610 4295 ni
626 4239 661 4294 ui
678 4253 732 4293 ose
753 4234 782 4291 P
799 4236 832 4291 ui
850 4233 924 4290 elius
943 4251 997 4290 use
1018 4233 1100 4302 ML,
1117 4235 1165 4290 sed
1183 4233 1256 4290 alius
1276 4235 1394 4292 deletum
1412 4235 1445 4289 irs
1464 4232 1502 4289 M
1556 4240 1588 4291 15
1608 4252 1696 4308 popo·

362 4320 434 4394 lum]
455 4319 614 4393 praemium
636 4318 665 4374 P
727 4323 761 4372 16
785 4316 820 4372 de
845 4315 954 4370 duobus
980 4315 1170 4386 praedicimus
1192 4316 1220 4371 P
1294 4323 1334 4374 18.
1347 4314 1474 4372 Veniunt
1499 4317 1548 4386 qui
1571 4317 1696 4374 vendunt

362 4419 414 4459 om.
431 4401 512 4472 ML,
532 4401 596 4458 add.
614 4399 642 4454 P
709 4397 844 4469 remeunt]
865 4399 988 4453 uenesnt
1010 4395 1036 4450 P
1104 4403 1138 4452 22
1158 4397 1299 4454 uolturios
1321 4396 1467 4454 amusos
1483 4413 1513 4467 p.
1528 4401 1576 4467 98,
1591 4404 1619 4467 3,
1638 4400 1696 4455 unl-

364 4481 453 4539 iorius
472 4481 569 4539 PML
647 4488 759 4538 2311011
776 4493 884 4551 urgueo
906 4475 933 4530 P
950 4493 1006 4534 non
1025 4494 1117 4550 urguo
1138 4479 1176 4534 M
1196 4495 1253 4536 non
1272 4496 1343 4551 urgo
1364 4477 1412 4537 sL
1485 4483 1520 4535 io
1540 4479 1578 4536 sd
1596 4496 1697 4537 nomen

363 4561 643 4632 oes.ML,odd.P
709 4559 958 4619 deriuatiuumM
1026 4559 1228 4618 26ntom.P
1279 4565 1314 4619 28
1334 4558 1602 4617 verbisereatom.
1619 4561 1696 4628 ML,

364 4643 428 4698 odd.
449 4643 479 4698 P
550 4649 585 4701 29
609 4645 658 4716 qui
677 4662 761 4702 sensu
781 4639 912 4714 concepit
932 4639 961 4694 P
1028 4646 1064 4696 80
1087 4640 1202 4712 qusndo
1222 4641 1320 4714 priore
1345 4641 1403 4697 loco
1421 4655 1472 4697 om.
1493 4641 1562 4697 ML
1635 4659 1696 4714 pro·

365 4723 472 4780 texitur
493 4723 565 4780 PM
581 4725 724 4798 profertur
743 4724 792 4786 eL
865 4729 899 4781 ³1
921 4721 1057 4779 cretionis
1077 4739 1169 4781 sermo
1190 4725 1228 4780 M
