3590 5486
688 311 888 371 ΒΧΟΕΒΡΤΔ
1392 312 1457 378 211

120 415 203 467 phil.
218 415 246 458 18
259 413 289 458 G.

120 504 151 566 in
169 504 295 566 nomine
313 503 410 583 patris
429 509 461 564 et
478 498 532 562 lilii
550 507 582 562 et
601 501 726 582 spiritus
747 495 866 585 sancti',
885 499 1025 564 similiter
1044 502 1124 562 etin
1144 503 1310 566 centesimo
1330 500 1459 582 quadra·

120 615 236 694 gesimo
259 611 352 674 tertio
375 607 491 692 psalmo
516 603 639 672 ‘heatus
663 609 806 693 populus,
831 611 919 674 cuius
943 618 990 673 est
1020 608 1162 673 dominus
1185 611 1261 674 deus
1285 605 1404 674 eorum'
1428 620 1460 673 et

121 721 168 784 bis
187 719 305 784 similia.
343 716 463 800 regrum
486 719 580 800 igitur
599 719 807 783 elocutionum
830 717 1007 802 latimrum,
1031 716 1061 780 id
1086 726 1134 810 est
1152 718 1328 800 quadrigam
1348 719 1460 802 hiessii,

121 827 304 893 omnimodis
333 845 393 891 non
421 827 574 911 sequaris,
602 825 656 889 ulti
684 835 786 890 tamen
814 830 987 910 priscorum
1015 825 1154 889 codicum
1183 829 1363 891 auctoritate
1388 845 1459 890 con·

96 939 263 1000 irinceris.
293 935 415 1020 expedit
433 937 514 998 enim
533 935 688 998 interdum
706 937 950 1018 praetermittere
969 933 1170 998 humanarum
1189 935 1334 998 inrmulas
1354 935 1459 998 dictio·

122 1064 195 1108 num
219 1053 251 1108 ct
278 1043 372 1108 divini
399 1045 494 1126 magis
518 1043 631 1126 eloquii
660 1043 815 1108 custodire
838 1061 1022 1107 mensuram.
1059 1047 1092 1107 in
1119 1061 1210 1126 prosa
1233 1052 1324 1127 caput
1352 1061 1459 1107 versus

121 1155 238 1218 heroici
256 1154 409 1236 linemque
428 1170 491 1216 non
504 1153 649 1236 corrigas,
664 1153 798 1233 quinque
817 1151 923 1234 longas
942 1151 1129 1234 totidemque
1148 1151 1257 1216 breves
1272 1171 1331 1216 non
1347 1153 1460 1216 audeas

79 1340 82 1344 Α
120 1261 303 1345 improbare,
322 1261 328 1340 1
348 1260 526 1324 trochaeum
545 1258 695 1342 triplicem
714 1259 872 1322 laudabilis
891 1260 1048 1343 neglectus
1063 1259 1236 1344 abscondat,
1254 1263 1460 1324 miotacismos

121 1379 152 1434 et
178 1370 282 1442 hiatus
308 1369 457 1434 vocalium
485 1369 608 1432 omnino
635 1367 828 1451 derelinque,
863 1371 1006 1450 qnoniam
1034 1368 1083 1431 hic
1116 1368 1218 1431 locum
1252 1367 1363 1456 habere
1398 1388 1458 1432 non

86 1485 252 1562 ¹⁰possunt
279 1496 356 1561 quae
380 1478 522 1542 doctores
549 1475 720 1540 litterarum
748 1473 919 1538 liberalium
942 1474 1125 1556 regulariter
1149 1476 1304 1540 custodire
1328 1495 1459 1540 noscun-

123 1597 182 1652 tur.
219 1587 302 1650 istud
332 1587 414 1650 enlm
441 1588 522 1648 inter
549 1584 696 1647 humanas
724 1583 874 1647 dictiones
904 1587 1046 1647 convenit
1073 1587 1260 1668 praecaveri,
1288 1587 1320 1648 in
1349 1583 1459 1648 divinis

122 1703 225 1758 autem
253 1693 382 1777 eloquiis
411 1692 486 1756 tales
511 1694 746 1774 compositiones
774 1691 947 1755 nullatenus
970 1702 1160 1755 accusantur.
1198 1703 1318 1756 maneat
1346 1692 1460 1775 ubique

122 1805 299 1884 inconnpu
330 1802 459 1885 locutio,
488 1819 566 1882 quae
597 1799 655 1863 deo
685 1800 836 1884 placuisse
866 1802 1075 1882 cognescitur,
1109 1803 1152 1863 ita
1181 1810 1217 1865 ut
1254 1799 1371 1883 fulgore
1403 1820 1458 1864 sun

122 1914 230 1995 niteat,
254 1928 315 1974 non
337 1909 471 1973 humano
494 1907 647 1972 desiderio
670 1889 821 1992 carpenda
844 1908 1007 1972 subiaceat.
1047 1908 1123 1972 haee
1147 1911 1229 1972 enim
1253 1919 1285 1973 et
1307 1909 1460 1992 simplices

86 2023 110 2066 ²⁵
123 2021 257 2083 suaviter
279 2019 405 2082 instruit
428 2026 459 2081 et
482 2016 589 2080 doctos
612 2005 747 2100 prosus
771 2020 941 2080 reverentia
965 1999 1110 2080 decenter¹
1133 2016 1274 2081 oblectat

211 2127 287 2190 Post
305 2127 495 2209 superiorem
519 2127 613 2206 igitur
634 2125 826 2208 divisionem,
850 2125 904 2188 ubi
926 2125 1057 2188 diximus
1080 2125 1222 2189 idiomata
1245 2125 1321 2208 legis
1341 2125 1458 2188 divinae

116 2227 181 2299 'non
201 2254 270 2298 esse
290 2233 452 2317 tangenda,
472 2231 517 2296 rel
538 2242 639 2296 cetera
658 2251 735 2315 quae
756 2241 905 2297 secuntur
923 2233 1009 2296 locus
1028 2244 1181 2298 ammonet
1199 2253 1285 2298 more
1309 2236 1459 2318 maimum

121 2345 198 2408 hanc
227 2362 350 2427 quoque
378 2359 492 2425 ponere
521 2340 772 2426 subdivisionem,
800 2352 835 2405 ut
862 2340 899 2404 ad
926 2341 1090 2424 particulas
1123 2347 1257 2426 partium
1285 2342 1459 2408 distinctius

122 2455 225 2516 renire
254 2451 427 2516 debeamus.
470 2449 550 2536 upde
579 2451 660 2512 enim
689 2448 883 2513 doctissimus
914 2450 1091 2512 Aristoteles
1118 2450 1358 2531 perihermenias
1389 2469 1460 2513 snas

85 2561 158 2624 ²⁰od
182 2560 333 2642 liquidum
356 2560 525 2643 perducere
548 2560 713 2642 potuisset,
737 2562 796 2622 nisi
819 2559 1001 2622 didsionum
1020 2566 1052 2620 et
1070 2557 1310 2624 subdivisionum
1334 2561 1459 2622 iterum·

124 2688 183 2752 que
213 2667 443 2752 particularium
473 2665 656 2730 divisionum
686 2668 793 2732 ordIne
824 2666 975 2731 custodito
1007 2676 1117 2730 cuncta
1148 2664 1329 2732 tractasset?
1366 2685 1458 2750 quem

123 2780 222 2842 seond
249 2795 331 2841 nunc
354 2775 498 2858 dicimus,
525 2775 692 2857 inquibus
719 2777 829 2838 litteris
853 2784 927 2838 sunt
952 2773 1149 2838 librariorum
1173 2777 1244 2838 vitia
1268 2775 1457 2858 corrigenda.

123 2887 154 2948 in
186 2884 289 2948 verbis
321 2903 398 2967 quae
431 2887 610 2947 accusativis
643 2894 674 2947 et
710 2883 848 2948 ablativis
882 2883 1160 2966 praepositionibus
1194 2888 1330 2949 serviunt
1363 2887 1457 2948 situm

123 3001 302 3075 motumque
325 2991 486 3074 diligenter
509 2989 650 3074 observa,
674 2995 816 3074 quoniam
840 2990 955 3054 librarii
984 2996 1195 3072 grammaticae
1220 2997 1294 3058 artis
1318 3003 1460 3076 expertes

73 3105 110 3161 qs
124 3100 165 3164 ibi
187 3103 318 3165 maxime
336 3099 506 3182 probantur
524 3119 636 3164 errare.
674 3119 744 3164 nam
764 3103 840 3164 sim
863 3101 995 3164 litteram
1017 3103 1268 3166 inconvenienter
1293 3101 1384 3165 addas
1408 3111 1461 3165 aut

123 3208 241 3292 demas,
269 3209 362 3273 dictio
391 3217 453 3272 tota
477 3209 603 3272 confusa
627 3218 682 3272 est
720 3227 810 3272 casus
832 3227 905 3272 vero
929 3211 1087 3272 nominum
1111 3212 1247 3293 exceptis
1275 3212 1461 3292 monoptotis

123 3316 401 3398 declinationesque
424 3315 588 3379 verborum
611 3335 688 3398 qnae
713 3316 860 3379 defectiva
885 3335 946 3380 non
969 3324 1042 3380 sunt
1064 3324 1204 3400 totasque
1229 3329 1332 3401 partes
1350 3321 1460 3381 cratio-

123 3427 184 3510 nis,
213 3425 265 3488 ubi
293 3434 394 3488 tamen
422 3443 507 3488 sacra
532 3443 592 3488 non
622 3428 781 3507 impugnat
808 3428 987 3506 auctoritas,
1016 3425 1175 3488 considera
1198 3425 1360 3508 diiigenter
1384 3429 1460 3489 suis-

123 3551 183 3616 que
206 3533 282 3596 locis
305 3542 404 3616 aptata
428 3532 559 3616 custodi,
584 3552 622 3596 ne
645 3533 809 3596 locutionis
828 3533 934 3596 ordine
958 3537 1109 3615 permixto
1130 3543 1242 3618 totum,
1266 3534 1347 3616 quod
1372 3534 1461 3618 absit,

84 3650 108 3690 ³⁰
123 3641 278 3722 possideat
300 3641 443 3707 indecora
467 3640 614 3704 conlusio.

150 3791 155 3806 .
216 3747 239 3810 Β
263 3767 320 3830 pro
338 3768 366 3832 v,
388 3769 406 3810 v
431 3768 487 3831 pro
507 3746 541 3829 b,
565 3766 583 3809 o
603 3767 713 3832 pro-u,
737 3769 757 3810 n
780 3767 836 3830 pro
850 3767 891 3810 ·m
915 3755 1022 3811 contra
1045 3747 1279 3833 orthographiae
1302 3759 1464 3835 praecepta

125 3859 231 3920 vitiose
252 3859 365 3938 positas
378 3851 443 3919 'non
464 3843 626 3937 relinquas.
664 3858 879 3937 aspirationem
901 3875 973 3919 vero
995 3857 1180 3939 superfluam
1200 3857 1287 3922 deme
1307 3869 1360 3922 aut
1379 3858 1465 3922 adice

125 3973 343 4046 competenter.
376 3938 642 4028 casus⁴nominum
661 3973 859 4046 temporaque
880 3963 1057 4046 verborum,
1077 3963 1129 4026 ubi
1149 3974 1250 4028 tamen
1269 3967 1466 4048 permitteris,

126 4073 247 4136 custodi
274 4073 443 4155 diligenter.
485 4073 621 4153 reperies
656 4073 738 4134 enlm
768 4073 946 4154 irequenter
977 4074 1009 4134 in
1040 4075 1220 4136 auctoritate
1252 4074 1465 4136 consuetudini

75 4183 112 4244 lii
126 4182 264 4266 dissona,
287 4200 364 4263 quae
388 4181 444 4244 tibi
468 4199 528 4243 nen
552 4180 841 4263 liceatimmutare3
866 4180 919 4242 sed
943 4183 975 4242 in
998 4179 1047 4242 his
1074 4178 1304 4244 emendatorum
1326 4182 1466 4246 codicum

126 4301 267 4355 servetur
296 4290 477 4372 exemplum.
520 4299 621 4352 cetera
650 4307 722 4351 vero
751 4308 829 4371 quae
857 4299 929 4352 sunt
962 4289 1039 4352 male
1077 4299 1270 4371 praesumpta
1300 4295 1464 4376 recorrige,

126 4403 270 4483 quoniam
295 4402 458 4483 antiquarii
485 4396 592 4461 exinde
622 4399 724 4479 potius
749 4397 986 4479 comprobantur
1010 4395 1177 4478 oliendcre,
1202 4396 1275 4460 dum
1299 4387 1468 4464 elocutioni

200 4599 392 4657 cincinorum
411 4599 439 4654 Β
501 4595 684 4670 quadrigam]
705 4597 842 4670 quadrien
859 4599 888 4654 Β
908 4597 1083 4671 quadrigsb
1149 4601 1385 4659 ameotscismos
1402 4581 1442 4660 B·

127 4681 363 4753 aderolinqneb
383 4680 513 4752 relinque
526 4680 556 4734 Β
613 4684 648 4735 ii
667 4679 823 4750 carpiendn
837 4679 865 4734 Β
924 4685 956 4736 lo
975 4679 1079 4736 instrui
1092 4677 1121 4732 Β
1178 4682 1212 4734 18
1230 4681 1317 4755 hanc]
1333 4683 1389 4740 hoc
1402 4683 1431 4738 Β
1492 4676 1497 4686 “

128 4771 163 4820 aa
182 4762 369 4836 permitteris]
388 4761 563 4833 premiiberis
582 4759 611 4816 Β
667 4767 702 4816 34
721 4761 865 4832 reperiens
883 4760 912 4817 Β
968 4760 1167 4817 consuetudini
1186 4761 1302 4820 ἀίιιοιιιι
1321 4781 1338 4824 ς
1358 4765 1468 4822 conani·

127 4843 238 4900 tudinis
256 4860 328 4901 sona
345 4843 374 4898 Β
393 4841 605 4902 consuetudinis
624 4859 725 4902 sonum
745 4844 761 4898 b
835 4849 870 4898 ii
889 4843 1047 4914 probantur
1066 4859 1082 4902 s

1193 4935 1247 4989 14*
