3590 5486
701 361 900 422 mosmos
980 453 983 458 Ι
1107 421 1110 427 ,
1404 365 1471 432 me

132 475 154 514 ε.
167 464 215 508 ers.
229 463 271 508 εεε
285 462 313 506 e.

133 549 352 614 emendationis
381 549 545 612 incederet„
584 549 760 616 Diomedem
788 561 911 634 queque
942 561 973 616 ει
996 549 1206 616 Theectistum
1229 554 1329 635 aliqua
1357 553 1472 618 detali

133 669 197 723 arte
221 660 382 740 scripsisse
408 661 621 740 comperimus.
659 662 712 742 qui
736 661 762 723 sl
785 661 900 722 inventi
924 659 1052 742 inerint,
1075 677 1129 722 res
1148 679 1269 743 quoque
1289 681 1396 725 eorum
1420 661 1471 726 de·

131 745 238 833 floreta
266 767 406 849 colligite,
445 768 522 831 iorte
553 777 584 832 et
612 769 687 832 alies
715 771 852 832 invenire
879 769 1019 852 possitis,
1047 787 1102 852 per
1131 787 1207 850 ques
1236 772 1342 834 notitia
1371 781 1470 836 uestra

131 880 235 960 potius
261 879 441 941 instruatur.
478 878 530 940 isti
558 885 658 940 umen
687 880 740 959 qui
769 877 928 940 memorati
957 884 1042 960 sunt,
1073 879 1099 940 si
1122 877 1244 941 assiduo
1268 879 1368 943 studio
1393 880 1468 943 rele-

98 1000 119 1068 ,t
130 994 255 1070 gantur,
284 1003 404 1050 emnem
432 985 519 1049 robis
543 985 702 1068 caliginem
729 988 927 1068 ignorationis
951 985 1126 1070 abscidunt,
1155 995 1190 1050 ut
1214 987 1294 1069 quod
1322 987 1470 1052 hactenus
1566 996 1573 1007 ·

130 1098 304 1178 ignoratum
327 1103 374 1158 est
396 1095 544 1160 habeatur
568 1115 604 1159 er
629 1098 758 1158 maxima
780 1104 866 1178 parte
890 1097 1092 1160 notissimum.
1130 1087 1133 1093 ’

129 1312 150 1351 „
164 1299 206 1342 g„
221 1299 258 1342 ,g
273 1298 327 1344 flu·
554 1239 610 1303 llll
635 1239 798 1319 hecsetio
821 1242 953 1304 secundi
974 1243 1051 1304 iibri

221 1376 361 1441 Intentus
385 1376 473 1440 nobis
497 1386 544 1440 est
567 1376 604 1439 de
628 1386 692 1439 arte
717 1379 910 1458 grammatica
935 1378 997 1438 sive
1022 1376 1174 1440 rhetorica
1198 1377 1244 1439 rel
1274 1378 1311 1441 de
1336 1378 1467 1462 discipli-

130 1489 175 1550 nis
206 1486 307 1568 aliqua
338 1486 472 1549 breviter
501 1485 577 1550 velle
609 1485 813 1549 conscribere.
869 1503 997 1567 quarum
1029 1503 1132 1548 rerum
1163 1488 1311 1568 principia
1342 1505 1468 1550 necesse

94 1609 118 1649 1⁰
131 1594 218 1658 nobis
242 1605 289 1658 cst
312 1594 472 1679 inchoare,
500 1591 722 1674 dicendumque
746 1595 832 1676 prius
857 1601 904 1656 est
934 1592 972 1656 de
996 1602 1060 1656 arte
1085 1597 1293 1680 grammatica,
1321 1595 1398 1677 quae
1423 1606 1470 1660 est

130 1702 270 1768 videlicet
299 1707 383 1786 erige
407 1712 439 1766 et
466 1702 697 1768 tundamentum
731 1701 900 1767 liberalium
924 1702 1103 1766 litterarum.
1141 1703 1219 1767 liber
1243 1713 1345 1768 autem
1369 1704 1469 1768 dictus

130 1821 175 1876 est
198 1830 215 1874 a
239 1811 333 1889 llbro,
357 1812 388 1876 id
413 1821 460 1874 est
483 1809 601 1873 arboris
622 1811 735 1874 cortice
760 1810 881 1892 dempto
902 1820 992 1894 atque
1017 1811 1158 1895 liberate,
1181 1812 1234 1876 ubi
1258 1823 1327 1877 ante
1351 1817 1469 1896 copiam

129 1920 303 1983 chartarum
323 1922 440 2002 antiqui
459 1920 592 1981 carmina
617 1917 838 1984 describebant.
876 1921 955 1983 scire
974 1930 1076 1984 autem
1095 1920 1255 2004 debemus,
1278 1924 1359 1985 sicut
1372 1920 1467 1985 Varro

129 2028 216 2112 dicit,
240 2027 380 2092 utilitatis
404 2027 532 2104 alicuius
556 2044 647 2089 causa
671 2027 806 2090 emnium
831 2029 942 2090 artium
966 2030 1103 2091 extitisse
1126 2030 1284 2111 principia.
1327 2048 1376 2091 ars
1395 2048 1466 2093 rere

93 2147 116 2189 ιι
129 2138 209 2201 dicta
238 2147 299 2221 est,
329 2135 410 2217 qued
441 2155 498 2199 nos
529 2137 593 2199 suis
623 2135 737 2217 regulis
768 2143 847 2198 artet
877 2144 969 2218 atque
997 2140 1193 2219 constringat.
1237 2136 1287 2202 alii
1316 2138 1423 2202 dicunt
1450 2157 1467 2200 a

128 2245 252 2309 Graecis
282 2245 339 2308 hec
369 2253 499 2308 tractum
523 2263 591 2308 esse
619 2243 815 2326 uocabulum,
843 2235 911 2308 clud
940 2242 1000 2328 τῆς
1023 2235 1159 2330 ἀρετῆς,
1188 2246 1219 2309 id
1244 2256 1291 2309 εει
1314 2265 1331 2308 a
1354 2249 1466 2311 virtute
1583 2238 1586 2246 ’

128 2356 299 2438 decumae,
328 2373 418 2436 quam
446 2354 553 2417 diserti
581 2355 639 2418 r'iri
667 2356 759 2418 troius
788 2357 937 2435 cuiusque
965 2352 1062 2417 honae
1090 2357 1136 2417 rei
1164 2357 1322 2420 scientiam
1350 2367 1466 2421 recent

127 2462 263 2527 secunde
292 2462 329 2525 de
358 2471 423 2526 arte
452 2462 618 2547 rhetorica,
647 2481 724 2544 quae
752 2473 878 2545 prepter
907 2465 1037 2526 nitorem
1066 2472 1098 2527 et
1127 2465 1244 2547 copiam
1276 2464 1465 2547 eloquentiae

126 2591 199 2636 suae
220 2573 349 2634 maxime
368 2573 400 2634 in
419 2570 558 2635 civilibus
578 2569 807 2652 quaestionibus
827 2573 997 2634 necessaria
1017 2573 1107 2634 nimis
1127 2581 1158 2636 ει
1176 2571 1362 2636 honorabilis
1376 2577 1465 2637 aesti-

17 2739 25 2752 ,
88 2693 113 2733 ²⁰
126 2689 235 2745 matur.
267 2683 358 2744 tertio
378 2679 415 2743 de
434 2678 539 2763 logica,
558 2697 634 2761 quae
654 2678 811 2742 dialectica
832 2689 1039 2762 nuncupatur:
1058 2679 1143 2765 haee,
1162 2690 1309 2763 quantum
1328 2685 1465 2765 magistri

127 2789 299 2853 saeculares
319 2787 438 2872 dicum,
456 2786 712 2871 disputationibus
732 2786 938 2851 subtilissimis
957 2807 992 2852 ac
1010 2788 1154 2852 brevibus
1173 2808 1242 2852 rora
1262 2800 1464 2872 sequestrata

127 2898 219 2962 ialsis.
258 2906 365 2979 quarte
395 2897 432 2960 de
456 2896 681 2979 mathematica,
711 2914 787 2978 quae
812 2905 956 2978 quattuor
980 2897 1192 2981 complectitur
1217 2898 1405 2984 disciplinas,
1433 2900 1464 2963 id

48 3025 49 3028 ’
126 3015 173 3070 εει
196 3006 419 3070 arithmeticam
442 3007 657 3088 geometricam
682 3007 827 3067 musicam
852 3014 883 3067 et
906 3007 1134 3090 astronomiam,
1163 3025 1254 3088 quam
1277 3007 1463 3072 mathemati·
1515 2994 1520 3004 ’

125 3135 192 3180 cam
222 3114 314 3178 latine
346 3132 487 3178 sermone
519 3112 717 3177 doctrinalem
747 3131 911 3196 pessumus
943 3113 1102 3197 appellare.
1126 3133 1208 3196 ‚que
1240 3117 1361 3178 nemine
1392 3116 1464 3180 licet

89 3235 113 3276 τι
128 3205 228 3287 emnia
258 3221 435 3286 doctrinalia
463 3222 566 3286 dicere
594 3220 760 3302 valeamus,
789 3239 1000 3305 quaecumque
1028 3222 1152 3306 docent,
1180 3223 1255 3286 haec
1279 3222 1337 3286 sibi
1361 3232 1462 3289 tamen

125 3349 287 3394 commune
307 3331 485 3395 vocabulum
504 3339 630 3414 propter
650 3348 735 3392 suam
755 3327 963 3392 excellentiam
983 3333 1105 3414 proprie
1124 3331 1298 3414 vindicavit,
1321 3339 1355 3393 ut
1372 3341 1462 3413 poeta

200 3503 402 3563 tineideret‘B
422 3498 456 3562 ἰ
471 3502 618 3576 scripsisse
628 3501 687 3558 BD
698 3503 899 3574 consumpsisse
910 3503 954 3564 Os
998 3503 1196 3562 tifertesetB
1238 3504 1462 3566 eaheeindants

201 3588 243 3644 Ιεε
265 3589 401 3659 mepte
428 3587 496 3645 labri
519 3586 635 3643 secueris·
663 3587 822 3656 ademptae
849 3591 915 3642 suut
944 3587 1070 3644 ιεειιοεεεε
1097 3587 1201 3644 codiee
1224 3586 1463 3659 Wireeburgeneis

123 3671 174 3738 [5
197 3670 252 3739 (A)
279 3685 342 3726 cum
369 3667 607 3726 commeantem
634 3667 733 3722 εειεειε
763 3667 924 3724 correctoris
946 3671 990 3734 (a)
1012 3672 1037 3724 et
1060 3668 1187 3724 lectiones
1211 3667 1316 3724 codicia
1339 3667 1461 3740 Souper-

58 3746 63 3755 '
123 3759 265 3816 nomae
288 3762 348 3816 rea
371 3757 419 3829 (s)
503 3755 723 3814 cessionem
747 3753 955 3814 samsucius
979 3745 1251 3814 resurrectonis
1275 3745 1463 3816 urmumu

123 3835 411 3906 circuituum
437 3847 550 3904 LIBER
575 3845 715 3902 PRIMVS
741 3844 843 3903 luet?
868 3834 1004 3904 brusch
1030 3846 1270 3905 SEGULARIUM
1296 3837 1461 3906 tirreni

123 3928 237 3986 LIBER
254 3928 448 3986 SECUNDUS
467 3927 542 3984 1)Βο
563 3927 725 3984 GRATIAS
742 3927 865 4000 prefatio
880 3929 946 3986 libri
962 3930 987 3986 ΙΙ
1005 3930 1042 4000 Β,
1060 3931 1094 3986 in
1107 3945 1162 4002 que
1177 3931 1303 4001 manem
1317 3932 1460 4002 praesciit>

122 4011 177 4068 illu
189 4027 274 4082 meon
287 4009 364 4068 dedii
379 4011 512 4068 Gordius
526 4028 556 4081 p.
567 4015 627 4066 528
640 4010 747 4081 scripte
760 4015 812 4080 εει,
832 4011 905 4067 motet
918 4011 1055 4069 indicavit
1072 4014 1210 4080 Ηεεειεεε,
1229 4011 1329 4068 Made
1341 4027 1460 4082 εεεεεεεε-

122 4097 172 4150 tur
190 4092 270 4160 boec,
288 4091 322 4148 ln
340 4107 396 4162 que
415 4090 489 4147 libre
509 4088 633 4162 primum
652 4091 734 4148 nobis
753 4091 905 4148 dicendum
924 4095 968 4150 εει
985 4093 1021 4150 de
1036 4095 1098 4149 erte
1117 4092 1307 4166 grammatica
1325 4108 1399 4163 quse
1418 4095 1462 4149 εει

123 4171 262 4230 uidelicet
278 4187 335 4244 sqq.
359 4169 409 4226 Du
428 4169 679 4227 GRAMMATIOA
697 4171 798 4228 ARTE
818 4170 848 4227 S.
877 4173 1025 4244 inscriptio
1043 4175 1146 4230 omisso
1163 4179 1203 4230 εει
1220 4175 1255 4229 in
1273 4175 1301 4228 A
1375 4179 1391 4228 ti
1410 4188 1460 4229 ne·

123 4271 202 4312 cesse
221 4270 273 4310 nee
291 4255 337 4309 εει
354 4251 531 4308 inchoareS
615 4258 647 4306 11
667 4251 844 4326 liberalium]
864 4252 1030 4310 literarium
1048 4257 1077 4310 A
1162 4259 1195 4310 li
1216 4253 1341 4326 copiam]
1361 4253 1459 4310 inuen-
1574 4282 1575 4286 ,

121 4336 232 4394 tionem
250 4334 279 4389 Β
354 4339 388 4390 te
408 4331 602 4390 discribebunt
620 4334 648 4388 A
667 4332 866 4391 describebant
884 4333 1008 4407 Ideoque
1027 4333 1145 4392 heentic
1163 4335 1207 4389 est
1219 4349 1295 4389 nune
1310 4336 1339 4390 et
1357 4334 1460 4392 breues

121 4417 211 4474 libres
236 4415 331 4473 tecam
355 4419 385 4473 ει
407 4415 575 4488 prolixiores
598 4414 765 4484 extendere3
792 4415 928 4486 quonism
954 4415 1028 4472 siem
1053 4416 1149 4472 certer
1176 4415 1206 4469 ει
1230 4412 1357 4484 virgulta
1383 4431 1458 4472 eom·

121 4499 261 4572 plectitur
275 4501 306 4555 et
323 4500 421 4556 ιεεειεε
435 4497 551 4554 arborea
565 4493 687 4574 claudit,
706 4494 749 4552 ita
766 4513 818 4568 pro
832 4513 928 4554 rerem
943 4496 1082 4568 qualitate
1097 4495 1268 4566 permissum
1282 4497 1328 4551 εει
1341 4495 1458 4553 medum

121 4581 203 4640 libris
221 4581 357 4652 inponere
375 4579 403 4634 Β
479 4583 511 4634 lt
532 4575 679 4634 dochinus
693 4591 745 4632 om.
759 4576 788 4631 Β
862 4578 954 4636 bonae
973 4594 1024 4634 em.
1043 4577 1071 4632 Β
1145 4576 1236 4633 bence
1253 4578 1295 4646 (re
1310 4581 1458 4650 εειρενεεε.)

121 4661 273 4719 seientiam
292 4661 320 4716 A
393 4665 428 4716 te
448 4657 600 4731 qnantum]
620 4672 678 4728 quc
694 4659 757 4714 tum
777 4660 804 4714 A
828 4669 886 4731 qut
905 4665 967 4717 tum
986 4677 1004 4714 o
1078 4663 1112 4712 ιι
1136 4656 1356 4714 uehementiorem
1376 4661 1458 4729 (corr.

121 4741 338 4812 autonomiam)
362 4733 596 4800 mathematicam
620 4754 687 4796 uero
712 4739 802 4797 latine
825 4742 853 4797 Β
901 4809 902 4814 ¹
951 4747 986 4796 tt
1009 4738 1166 4811 valeamus]
1190 4739 1332 4810 possimus
1356 4741 1385 4796 Β

121 4831 157 4881 ιι
182 4827 217 4881 ut
245 4825 333 4896 poete
358 4823 450 4880 dietus
480 4813 659 4895 intelle‘gitur
689 4821 765 4892 apud
793 4839 892 4895 gruem
920 4824 1054 4878 homerus
1084 4821 1161 4892 apud
1189 4819 1294 4877 letinae
1319 4821 1457 4894 pergilius

120 4907 217 4962 crater
236 4902 401 4962 enuntiatus
419 4903 496 4976 apud
514 4919 614 4976 greces
633 4901 833 4961 demosthenes
850 4902 928 4976 opud
947 4901 1052 4958 latinos
1066 4901 1158 4960 cicere
1175 4901 1339 4960 declaratur
1357 4921 1455 4976 quam·
