3604 5486
533 285 712 344 EXEMPLA
730 284 1001 344 ucocvrlouvu
1369 285 1435 352 503

95 400 122 440 p.
138 390 180 432 256
194 387 223 430 1..

193 475 300 556 Pugno
324 475 356 537 in
380 473 477 556 illum,
502 471 561 537 Sal.
586 473 669 538 Catil.
694 476 824 552 (52‚30)
849 481 976 537 contra
1005 474 1197 555 imperium
1226 475 1262 537 in
1293 472 1435 538 hostem
1558 471 1559 476 ’

98 592 362 668 pugnaverat.

194 691 316 754 Pollens
340 689 389 754 illa
412 709 460 774 re,
485 690 543 754 Sal.
567 691 630 773 ing.
656 693 738 768 (dd)
761 691 906 774 pollens
929 689 1105 753 viribus.

193 799 301 863 Prirus
325 799 405 862 illius
429 802 491 876 rei,
520 798 579 861 Sal.
603 799 671 862 bist.
696 800 709 861 l
733 817 958 882 numeroque
983 808 1176 881 praestans
1201 805 1326 884 privus
1356 805 1434 885 ipse

72 910 290 972 amiticiae.

193 1017 326 1080 Pavesco
351 1016 400 1080 illa
424 1035 473 1100 re,
496 1015 554 1079 Sal.
580 1015 641 1097 lug.
666 1016 772 1094 (722)
797 1018 891 1079 omni
916 1019 1079 1099 strepitu
1102 1035 1311 1101 pavescere.

193 1124 333 1189 Prudens
352 1125 470 1189 illarum
486 1145 603 1209 rernm,
623 1123 682 1187 Sal.
697 1124 794 1187 bisti
815 1124 975 1206 prudens
994 1128 1154 1190 omnium
1174 1145 1263 1210 qnae
1283 1139 1433 1194 senatus

99 1247 335 1300 censuerat.

193 1342 366 1408 Praeminet
389 1343 439 1407 illa
462 1362 496 1406 re
519 1342 599 1406 illam
624 1361 703 1426 rem,
728 1340 785 1405 Sal.
804 1343 879 1418 bist.
899 1341 926 1404 Π
950 1361 1074 1405 omnes
1098 1345 1161 1425 qui
1184 1346 1324 1407 circum
1349 1357 1435 1408 sunt

59 1455 309 1537 ropracminet
331 1452 530 1515 altitudine
557 1451 695 1515 milium
719 1470 891 1534 passuum
914 1450 1068 1514 duorum
1093 1501 1100 1515 .

193 1559 354 1625 Pertinens
388 1564 419 1624 in
452 1560 533 1623 illam
566 1578 645 1645 rem,
679 1559 737 1623 Sal.
767 1560 838 1623 bist.
866 1559 907 1622 ΙΙΙ
941 1560 1034 1624 unde
1068 1579 1157 1643 pons
1192 1564 1226 1624 in
1260 1564 1434 1645 oppidum

99 1673 299 1755 pertinens
322 1669 543 1751 explicatur.

194 1779 356 1861 Promptns
376 1776 457 1840 illius
477 1780 535 1854 rei,
560 1775 618 1838 Sal.
637 1775 707 1839 trist.
726 1774 755 1838 ll
774 1795 891 1860 neque
913 1779 1077 1859 virgines
1096 1788 1249 1860 nuptum
1268 1799 1284 1842 a
1303 1798 1432 1862 paren·

99 1888 204 1952 tibus
227 1884 485 1967 mittebantur,
508 1883 571 1947 sed
595 1887 696 1966 ipsae
721 1883 809 1948 belli
832 1888 1132 1968 promptissimos
1155 1887 1379 1968 deligebant.

58 2011 84 2052 ιι
194 1994 359 2058 Praeluceo
383 1993 457 2056 mibi
480 1992 609 2076 lumine,
639 1991 697 2055 Sal.
721 1992 791 2056 bist.
816 1992 870 2055 llll
900 2013 992 2075 quae
1021 1995 1262 2077 praedatores
1292 1995 1434 2060 lacibus

100 2105 173 2170 sibi
198 2104 461 2188 praelucentes
484 2081 663 2164 ambustis
687 2103 798 2164 tectis
823 2104 901 2164 sine
926 2121 1013 2165 cura
1036 2102 1267 2185 reliquerant
1292 2153 1298 2168 .

156 2229 160 2242 ·
193 2212 252 2277 Per
280 2214 430 2296 geminata
463 2212 661 2294 praepositio,
695 2210 755 2274 Cic.
785 2230 840 2293 pro
870 2211 985 2275 Scauro
1017 2211 1083 2275 boc
1116 2215 1261 2277 nomine
1294 2214 1434 2298 audito,

99 2322 199 2406 qnod
223 2341 289 2405 per
311 2339 435 2384 omnes
458 2330 588 2403 gentes
612 2331 848 2402 pervagatum
873 2330 959 2384 cst.

193 2431 341 2494 Profiteor
364 2432 397 2492 in
419 2430 481 2513 bis,
504 2429 573 2492 Ter.
597 2428 674 2491 Eun.
698 2430 790 2508 (proi.
814 2431 850 2504 3)

58 2556 86 2598 ao
334 2541 370 2602 in
393 2537 450 2601 bis
474 2548 580 2620 poeta
604 2536 664 2600 bic
689 2555 817 2601 nomen
842 2539 1048 2620 prolitetur
1072 2558 1175 2602 anum
1200 2589 1206 2601 .

194 2647 269 2711 Prae
293 2657 328 2711 ut
351 2645 401 2710 ille
426 2665 502 2728 quae
522 2648 606 2730 lacit,
629 2647 698 2709 Ter.
719 2645 794 2708 Eoo.
815 2647 869 2720 (II
883 2647 952 2722 3,9)
973 2645 1059 2729 [prae
1080 2657 1113 2712 ot
1131 2647 1180 2711 ille
1201 2667 1277 2730 quae
1299 2650 1369 2712 lacit
1390 2647 1433 2730 te]

301 2755 425 2819 ludum
449 2758 641 2837 iocumque
667 2757 784 2818 luisse
809 2755 907 2818 dicet
930 2754 1032 2819 illum
1056 2756 1226 2840 alterum,

302 2883 389 2948 prae
414 2874 453 2926 ut
477 2865 585 2927 buius
610 2863 735 2926 rabies
759 2883 849 2946 quae
873 2863 983 2929 dabit.

194 2973 316 3038 Postilla
337 2991 397 3054 pro
421 2983 539 3055 postea,
563 2973 630 3035 Teu.
655 2971 743 3034 Phor.
769 2972 817 3045 (V
837 2973 926 3051 929)

58 3098 86 3139 aa
101 3101 178 3146 eam
194 3083 429 3166 compressit,
445 3081 538 3144 unde
552 3081 641 3144 baec
656 3089 819 3164 nataest,
835 3100 951 3164 neque
968 3083 1118 3166 postilla
1135 3087 1435 3166 uoquamattigit.

193 3191 317 3255 Proruit
340 3209 372 3253 sc
397 3208 453 3272 pro
477 3190 615 3270 immisit,
644 3187 713 3250 Ter.
738 3187 814 3252 Eun.
839 3192 913 3264 (III
932 3192 1020 3269 5,5l)
1050 3194 1147 3254 toras
1176 3193 1283 3257 simul
1312 3213 1435 3257 omnes

100 3309 286 3384 proruunt
308 3316 354 3361 se.

104 3415 322 3424 ——·.--..—-

194 3457 287 3514 Codes
306 3454 455 3512 Parrhasii
491 3454 622 3511 crollet
640 3453 694 3510 illa
710 3470 741 3510 re
808 3458 833 3509 ’4
852 3453 893 3511 r'ei
912 3473 963 3513 om.
1049 3456 1143 3514 carl.
1163 3457 1237 3531 lng.]
1258 3456 1436 3516 ast.uist.1

141 3545 175 3594 ιθ
194 3538 355 3608 preminent
368 3539 522 3608 posteriora
541 3538 599 3593 loco
672 3535 856 3593 multitudine
875 3553 944 3593 corr.
965 3539 1117 3596 altitudine
1197 3547 1231 3595 14
1250 3541 1301 3596 sed
1319 3540 1381 3613 ipse

104 3626 137 3674 lt
159 3619 209 3690 qni
227 3621 354 3690 pretores
373 3619 481 3676 lacibus
500 3618 554 3675 sibi
573 3620 752 3692 pralncentes
771 3619 917 3676 ambustas
936 3619 966 3675 in
981 3621 1065 3677 tectis
1138 3627 1170 3676 21
1187 3621 1259 3678 Pras
1274 3623 1347 3679 utile
1361 3639 1435 3694 quae

101 3698 174 3756 iacit
192 3699 256 3755 Ter.
276 3698 346 3755 Eun.
367 3700 508 3771 praentile
527 3719 600 3771 quaa
619 3699 690 3756 iacit
709 3702 737 3756 ts
758 3699 856 3755 ludum
875 3701 1026 3773 locumque
1105 3707 1139 3757 it
1160 3701 1290 3759 alterum.
1330 3703 1382 3761 Pre
1402 3707 1434 3760 nt

101 3783 187 3838 huius
206 3779 316 3838 scabies
389 3787 425 3837 24
443 3797 495 3853 pro
513 3797 564 3838 om.
639 3787 673 3838 28
694 3797 724 3838 ss
743 3797 794 3838 orn.

197 3940 231 3991 10
250 3933 410 4007 praeminet
439 3933 591 3991 altitudine
615 3935 734 4007 Lipsius
757 3935 835 4006 apud
853 3934 981 3992 Douacnt
1005 3936 1037 3991 in
1056 3935 1124 3993 Scit.
1144 3937 1208 3993 is’st.
1226 3939 1328 4010 srapm.
1345 3955 1376 4010 p.
1397 3943 1435 3996 52

102 4017 143 4072 cd.
174 4015 264 4084 Hora,
294 4016 473 4086 praeminent
501 4015 682 4073 altitudinem
713 4017 751 4072 iil
841 4022 875 4070 14
904 4015 1148 4088 promittebantur
1175 4020 1218 4075 cei
1249 4019 1436 4078 tradebantur

102 4099 220 4155 coniecit
244 4095 363 4152 Vrsinrrs
381 4098 414 4151 in
432 4095 503 4152 Scit.
521 4097 585 4153 bist.
605 4098 706 4168 tropus.
722 4113 753 4167 p.
773 4101 810 4153 50
828 4097 869 4152 cd.
889 4097 964 4154 Hoc.
1054 4099 1213 4172 diligebant
1233 4101 1271 4157 M
1287 4107 1313 4157 et
1331 4101 1435 4158 Linde-

101 4194 239 4246 mannrn,
257 4175 429 4248 delegabant
446 4179 563 4234 editores
581 4179 712 4234 Soilrtstii
734 4197 768 4234 err
791 4179 882 4237 codice
901 4179 1058 4238 Frontonis
1147 4186 1180 4237 lt
1199 4183 1268 4255 quin
1289 4187 1436 4256 praetores

105 4259 146 4328 P,
174 4275 262 4330 quum
291 4261 435 4329 praetores
464 4260 580 4315 coniecit
606 4258 819 4318 Lindernunnrcs
920 4279 992 4334 quae
1025 4261 1208 4334 praedatores
1240 4263 1349 4322 lacibus
1381 4265 1436 4322 sibi

107 4340 304 4414 praelucentes
341 4339 479 4396 ambustis
516 4338 600 4397 tectis
637 4339 698 4396 siue
736 4357 803 4397 cura
838 4335 1012 4414 reliquerant
1048 4345 1150 4414 scripsi
1181 4344 1240 4400 irad.
1274 4346 1331 4402 tect.
1365 4347 1435 4403 Hal.

102 4427 170 4479 nest.
198 4438 224 4478 c.
255 4425 330 4478 1379
354 4438 385 4493 p.
414 4419 458 4487 X,
487 4420 554 4490 quin
581 4419 766 4491 praedatores
794 4422 905 4479 lacibus
933 4424 988 4480 sibi
1015 4425 1212 4496 praelucentes
1232 4425 1377 4483 ambustas
1406 4427 1435 4484 in

102 4503 188 4560 tectis
208 4502 268 4559 aine
292 4517 361 4558 cura
383 4501 558 4572 reliquerant
582 4504 735 4560 coniecerat
753 4503 892 4560 Linkeras
915 4507 1017 4562 mmcd.
1037 4505 1152 4562 Sallust.
1174 4523 1204 4577 p.
1225 4511 1261 4562 33
1279 4507 1435 4580 (Sitrungs-

27 4612 29 4620 ·
103 4585 222 4641 brrirlrtc
239 4583 266 4640 d.
293 4582 383 4640 Wien.
403 4583 495 4640 Aliud.
510 4581 548 4637 B.
567 4587 612 4640 13.
627 4585 712 4653 1854)
728 4583 788 4639 coll.
803 4583 949 4643 Plutarch.
964 4586 1075 4644 Lucreti.
1090 4603 1112 4646 c.
1127 4593 1178 4657 19,
1197 4589 1261 4644 item
1281 4589 1437 4661 Wupnerus

104 4663 238 4721 Zeitectr.
258 4665 279 4733 s.
302 4663 501 4737 Gpmnnsiolw.
521 4663 614 4722 Berol.
634 4683 660 4722 a.
679 4670 754 4722 1855
764 4683 796 4736 p.
810 4671 868 4722 198
941 4673 976 4723 tt
992 4667 1068 4724 dicet
1082 4666 1169 4724 luisse
1184 4670 1437 4728 codacBemtinus

105 4745 245 4812 Ternttii,
263 4745 341 4801 dices
360 4744 446 4802 inisse
465 4745 567 4816 reliqui
586 4747 689 4804 codices
707 4753 732 4803 ct
750 4747 918 4806 Priscianus
937 4751 955 4805 l.
976 4748 1039 4804 XV
1051 4767 1082 4820 p.
1103 4756 1140 4806 50
1213 4757 1248 4807 tt
1268 4769 1320 4824 pro
1339 4753 1436 4810 emisit

104 4828 221 4886 cmtiecit
242 4825 457 4884 Lirrdcmnnnns
478 4869 485 4883 .
504 4844 543 4884 an
562 4845 613 4899 pro
632 4827 763 4886 immittit
781 4838 830 4887 aa?
