<?xml version="1.0" encoding="UTF-8"?>
<!DOCTYPE html PUBLIC "-//W3C//DTD XHTML 1.0 Transitional//EN"
    "http://www.w3.org/TR/xhtml1/DTD/xhtml1-transitional.dtd">
<html xmlns="http://www.w3.org/1999/xhtml" xml:lang="en" lang="en">
 <head>
  <title>
</title>
<meta http-equiv="Content-Type" content="text/html;charset=utf-8" />
  <meta name='ocr-system' content='tesseract 3.04.00' />
  <meta name='ocr-capabilities' content='ocr_page ocr_carea ocr_par ocr_line ocrx_word'/>
</head>
<body>
  <div class='ocr_page' id='page_1' title='image "./grammaticilatin00unkngoog/grammaticilatin00unkngoog_0234.png"; bbox 0 0 3590 5486; ppageno 0'>
   <div class='ocr_carea' id='block_1_1' title="bbox 93 1625 1446 3872">
    <p class='ocr_par' dir='ltr' id='par_1_1' title="bbox 93 1625 1432 2582">
     <span class='ocr_line' id='line_1_1' title="bbox 186 1625 1432 1710; baseline 0 -21"><span class='ocrx_word' id='word_1_1' title='bbox 186 1625 231 1689; x_wconf 82' lang='lat' dir='ltr'><strong>Ex</strong></span> <span class='ocrx_word' id='word_1_2' title='bbox 254 1625 353 1690; x_wconf 85' lang='lat' dir='ltr'><strong>Bedae</strong></span> <span class='ocrx_word' id='word_1_3' title='bbox 383 1625 469 1690; x_wconf 87' lang='lat' dir='ltr'><strong>ilbrls</strong></span> <span class='ocrx_word' id='word_1_4' title='bbox 497 1625 574 1690; x_wconf 90' lang='lat' dir='ltr'><strong>duos</strong></span> <span class='ocrx_word' id='word_1_5' title='bbox 604 1629 720 1710; x_wconf 81' lang='lat' dir='ltr'><strong>recepi,</strong></span> <span class='ocrx_word' id='word_1_6' title='bbox 749 1625 877 1690; x_wconf 89' lang='lat' dir='ltr'><strong>aiterum</strong></span> <span class='ocrx_word' id='word_1_7' title='bbox 907 1625 944 1688; x_wconf 87' lang='lat' dir='ltr'><strong>de</strong></span> <span class='ocrx_word' id='word_1_8' title='bbox 972 1635 1037 1690; x_wconf 87' lang='lat' dir='ltr'><strong>arte</strong></span> <span class='ocrx_word' id='word_1_9' title='bbox 1067 1628 1208 1709; x_wconf 86' lang='lat' dir='ltr'><strong>metrica,</strong></span> <span class='ocrx_word' id='word_1_10' title='bbox 1235 1625 1364 1688; x_wconf 88' lang='lat' dir='ltr'><strong>alterum</strong></span> <span class='ocrx_word' id='word_1_11' title='bbox 1393 1625 1432 1690; x_wconf 88' lang='lat' dir='ltr'><strong>de</strong></span> 
     </span>
     <span class='ocr_line' id='line_1_2' title="bbox 93 1733 1432 1818; baseline 0 -22"><span class='ocrx_word' id='word_1_12' title='bbox 93 1735 319 1818; x_wconf 74' lang='lat' dir='ltr'><strong>orthographia.</strong></span> <span class='ocrx_word' id='word_1_13' title='bbox 346 1738 471 1798; x_wconf 85' lang='lat' dir='ltr'><strong>tertium</strong></span> <span class='ocrx_word' id='word_1_14' title='bbox 487 1739 568 1799; x_wconf 89' lang='lat' dir='ltr'><strong>enim</strong></span> <span class='ocrx_word' id='word_1_15' title='bbox 583 1737 620 1800; x_wconf 92' lang='lat' dir='ltr'><strong>de</strong></span> <span class='ocrx_word' id='word_1_16' title='bbox 636 1734 841 1800; x_wconf 75' lang='lat' dir='ltr'>schematibus</span> <span class='ocrx_word' id='word_1_17' title='bbox 856 1745 887 1800; x_wconf 90' lang='lat' dir='ltr'><strong>et</strong></span> <span class='ocrx_word' id='word_1_18' title='bbox 906 1738 1012 1818; x_wconf 88' lang='lat' dir='ltr'><strong>tropis,</strong></span> <span class='ocrx_word' id='word_1_19' title='bbox 1027 1754 1117 1817; x_wconf 91' lang='lat' dir='ltr'><strong>quem</strong></span> <span class='ocrx_word' id='word_1_20' title='bbox 1137 1733 1238 1798; x_wconf 88' lang='lat' dir='ltr'><strong>libello</strong></span> <span class='ocrx_word' id='word_1_21' title='bbox 1253 1733 1291 1797; x_wconf 92' lang='lat' dir='ltr'><strong>de</strong></span> <span class='ocrx_word' id='word_1_22' title='bbox 1306 1735 1432 1797; x_wconf 90' lang='lat' dir='ltr'><strong>metrica</strong></span> 
     </span>
     <span class='ocr_line' id='line_1_3' title="bbox 94 1840 1430 1926; baseline 0 -22"><span class='ocrx_word' id='word_1_23' title='bbox 94 1852 160 1905; x_wconf 90' lang='lat' dir='ltr'><strong>arte</strong></span> <span class='ocrx_word' id='word_1_24' title='bbox 179 1841 261 1905; x_wconf 82' lang='lat' dir='ltr'><strong>Beda</strong></span> <span class='ocrx_word' id='word_1_25' title='bbox 285 1843 476 1926; x_wconf 80' lang='lat' dir='ltr'><strong>adiunxerat,</strong></span> <span class='ocrx_word' id='word_1_26' title='bbox 500 1853 661 1926; x_wconf 82' lang='lat' dir='ltr'><strong>postquam</strong></span> <span class='ocrx_word' id='word_1_27' title='bbox 681 1861 779 1926; x_wconf 82' lang='lat' dir='ltr'>nuper</span> <span class='ocrx_word' id='word_1_28' title='bbox 798 1843 935 1907; x_wconf 77' lang='lat' dir='ltr'><strong>Halmius</strong></span> <span class='ocrx_word' id='word_1_29' title='bbox 954 1861 1023 1906; x_wconf 92' lang='lat' dir='ltr'><strong>cum</strong></span> <span class='ocrx_word' id='word_1_30' title='bbox 1043 1841 1219 1906; x_wconf 81' lang='lat' dir='ltr'><strong>rhetoribus</strong></span> <span class='ocrx_word' id='word_1_31' title='bbox 1235 1840 1345 1919; x_wconf 84' lang='lat' dir='ltr'><strong>edidit,</strong></span> <span class='ocrx_word' id='word_1_32' title='bbox 1370 1860 1430 1904; x_wconf 95' lang='lat' dir='ltr'><strong>non</strong></span> 
     </span>
     <span class='ocr_line' id='line_1_4' title="bbox 95 1950 1431 2034; baseline 0 -22"><span class='ocrx_word' id='word_1_33' title='bbox 95 1953 199 2031; x_wconf 83' lang='lat' dir='ltr'><strong>putari</strong></span> <span class='ocrx_word' id='word_1_34' title='bbox 217 1950 317 2014; x_wconf 90' lang='lat' dir='ltr'><strong>denno</strong></span> <span class='ocrx_word' id='word_1_35' title='bbox 337 1953 542 2034; x_wconf 78' lang='lat' dir='ltr'><strong>grammaticis</strong></span> <span class='ocrx_word' id='word_1_36' title='bbox 561 1951 732 2015; x_wconf 87' lang='lat' dir='ltr'><strong>addendum</strong></span> <span class='ocrx_word' id='word_1_37' title='bbox 751 1971 828 2016; x_wconf 84' lang='lat' dir='ltr'><strong>esse.</strong></span> <span class='ocrx_word' id='word_1_38' title='bbox 866 1950 962 2014; x_wconf 90' lang='lat' dir='ltr'><strong>liber</strong></span> <span class='ocrx_word' id='word_1_39' title='bbox 986 1950 1029 2014; x_wconf 95' lang='lat' dir='ltr'><strong>de</strong></span> <span class='ocrx_word' id='word_1_40' title='bbox 1049 1953 1203 2014; x_wconf 87' lang='lat' dir='ltr'><strong>metrica</strong></span> <span class='ocrx_word' id='word_1_41' title='bbox 1226 1960 1305 2013; x_wconf 87' lang='lat' dir='ltr'><strong>arte</strong></span> <span class='ocrx_word' id='word_1_42' title='bbox 1330 1959 1431 2013; x_wconf 87' lang='lat' dir='ltr'><strong>antem</strong></span> 
     </span>
     <span class='ocr_line' id='line_1_5' title="bbox 95 2058 1430 2143; baseline -0.001 -23"><span class='ocrx_word' id='word_1_43' title='bbox 95 2058 165 2122; x_wconf 92' lang='lat' dir='ltr'><strong>inde</strong></span> <span class='ocrx_word' id='word_1_44' title='bbox 184 2077 202 2121; x_wconf 88' lang='lat' dir='ltr'><strong>a</strong></span> <span class='ocrx_word' id='word_1_45' title='bbox 222 2077 302 2122; x_wconf 91' lang='lat' dir='ltr'><strong>nono</strong></span> <span class='ocrx_word' id='word_1_46' title='bbox 322 2058 443 2122; x_wconf 89' lang='lat' dir='ltr'><strong>saeculo</strong></span> <span class='ocrx_word' id='word_1_47' title='bbox 465 2062 501 2122; x_wconf 88' lang='lat' dir='ltr'><strong>in</strong></span> <span class='ocrx_word' id='word_1_48' title='bbox 515 2059 619 2124; x_wconf 90' lang='lat' dir='ltr'><strong>multis</strong></span> <span class='ocrx_word' id='word_1_49' title='bbox 638 2059 795 2124; x_wconf 86' lang='lat' dir='ltr'><strong>codicibus</strong></span> <span class='ocrx_word' id='word_1_50' title='bbox 819 2062 952 2142; x_wconf 90' lang='lat' dir='ltr'><strong>scriptus</strong></span> <span class='ocrx_word' id='word_1_51' title='bbox 976 2067 1035 2143; x_wconf 87' lang='lat' dir='ltr'><strong>est,</strong></span> <span class='ocrx_word' id='word_1_52' title='bbox 1059 2078 1190 2141; x_wconf 87' lang='lat' dir='ltr'><strong>quornm</strong></span> <span class='ocrx_word' id='word_1_53' title='bbox 1213 2059 1337 2142; x_wconf 89' lang='lat' dir='ltr'><strong>plurimi</strong></span> <span class='ocrx_word' id='word_1_54' title='bbox 1360 2075 1430 2121; x_wconf 87' lang='lat' dir='ltr'><strong>eum</strong></span> 
     </span>
     <span class='ocr_line' id='line_1_6' title="bbox 95 2167 1430 2251; baseline 0 -21"><span class='ocrx_word' id='word_1_55' title='bbox 95 2185 155 2230; x_wconf 92' lang='lat' dir='ltr'><strong>una</strong></span> <span class='ocrx_word' id='word_1_56' title='bbox 178 2187 250 2231; x_wconf 91' lang='lat' dir='ltr'><strong>cum</strong></span> <span class='ocrx_word' id='word_1_57' title='bbox 273 2168 351 2231; x_wconf 89' lang='lat' dir='ltr'><strong>libro</strong></span> <span class='ocrx_word' id='word_1_58' title='bbox 375 2167 412 2230; x_wconf 93' lang='lat' dir='ltr'><strong>de</strong></span> <span class='ocrx_word' id='word_1_59' title='bbox 437 2167 642 2232; x_wconf 82' lang='lat' dir='ltr'><strong>schematibus</strong></span> <span class='ocrx_word' id='word_1_60' title='bbox 665 2178 697 2231; x_wconf 89' lang='lat' dir='ltr'><strong>et</strong></span> <span class='ocrx_word' id='word_1_61' title='bbox 721 2170 832 2251; x_wconf 86' lang='lat' dir='ltr'><strong>tropis,</strong></span> <span class='ocrx_word' id='word_1_62' title='bbox 854 2185 916 2230; x_wconf 92' lang='lat' dir='ltr'><strong>non</strong></span> <span class='ocrx_word' id='word_1_63' title='bbox 940 2167 1016 2230; x_wconf 91' lang='lat' dir='ltr'><strong>nulii</strong></span> <span class='ocrx_word' id='word_1_64' title='bbox 1040 2169 1130 2230; x_wconf 85' lang='lat' dir='ltr'><strong>etiam</strong></span> <span class='ocrx_word' id='word_1_65' title='bbox 1153 2186 1212 2249; x_wconf 89' lang='lat' dir='ltr'><strong>per.</strong></span> <span class='ocrx_word' id='word_1_66' title='bbox 1229 2186 1262 2230; x_wconf 90' lang='lat' dir='ltr'><strong>se</strong></span> <span class='ocrx_word' id='word_1_67' title='bbox 1282 2169 1430 2249; x_wconf 89' lang='lat' dir='ltr'><strong>scriptum</strong></span> 
     </span>
     <span class='ocr_line' id='line_1_7' title="bbox 95 2264 1431 2357; baseline -0.001 -20"><span class='ocrx_word' id='word_1_68' title='bbox 95 2275 247 2339; x_wconf 81' lang='lat' dir='ltr'><strong>exhibent</strong></span> <span class='ocrx_word' id='word_1_69' title='bbox 285 2294 321 2339; x_wconf 84' lang='lat' dir='ltr'><strong>ex</strong></span> <span class='ocrx_word' id='word_1_70' title='bbox 351 2275 398 2338; x_wconf 93' lang='lat' dir='ltr'><strong>his</strong></span> <span class='ocrx_word' id='word_1_71' title='bbox 422 2274 578 2338; x_wconf 85' lang='lat' dir='ltr'><strong>codicibus</strong></span> <span class='ocrx_word' id='word_1_72' title='bbox 610 2279 641 2338; x_wconf 91' lang='lat' dir='ltr'><strong>in</strong></span> <span class='ocrx_word' id='word_1_73' title='bbox 665 2293 741 2338; x_wconf 83' lang='lat' dir='ltr'><strong>nora</strong></span> <span class='ocrx_word' id='word_1_74' title='bbox 764 2276 897 2339; x_wconf 91' lang='lat' dir='ltr'><strong>editione</strong></span> <span class='ocrx_word' id='word_1_75' title='bbox 922 2264 985 2338; x_wconf 77' lang='lat' dir='ltr'><strong>t&#39;res</strong></span> <span class='ocrx_word' id='word_1_76' title='bbox 1009 2274 1082 2339; x_wconf 90' lang='lat' dir='ltr'><strong>mihi</strong></span> <span class='ocrx_word' id='word_1_77' title='bbox 1105 2277 1201 2357; x_wconf 79' lang='lat' dir='ltr'><strong>parati</strong></span> <span class='ocrx_word' id='word_1_78' title='bbox 1226 2282 1325 2357; x_wconf 90' lang='lat' dir='ltr'><strong>erant,</strong></span> <span class='ocrx_word' id='word_1_79' title='bbox 1354 2292 1431 2355; x_wconf 90' lang='lat' dir='ltr'><strong>qnos</strong></span> 
     </span>
     <span class='ocr_line' id='line_1_8' title="bbox 95 2379 1430 2468; baseline -0.002 -22"><span class='ocrx_word' id='word_1_80' title='bbox 95 2403 163 2448; x_wconf 90' lang='lat' dir='ltr'><strong>com</strong></span> <span class='ocrx_word' id='word_1_81' title='bbox 183 2383 322 2448; x_wconf 89' lang='lat' dir='ltr'><strong>Putschii</strong></span> <span class='ocrx_word' id='word_1_82' title='bbox 341 2384 473 2449; x_wconf 86' lang='lat' dir='ltr'><strong>editione</strong></span> <span class='ocrx_word' id='word_1_83' title='bbox 492 2384 689 2468; x_wconf 84' lang='lat' dir='ltr'><strong>contuleram,</strong></span> <span class='ocrx_word' id='word_1_84' title='bbox 708 2383 897 2448; x_wconf 82' lang='lat' dir='ltr'><strong>Monacensis</strong></span> <span class='ocrx_word' id='word_1_85' title='bbox 916 2379 1015 2467; x_wconf 78' lang='lat'><strong>6399,</strong></span> <span class='ocrx_word' id='word_1_86' title='bbox 1034 2383 1191 2448; x_wconf 84' lang='lat' dir='ltr'><strong>Leidensis</strong></span> <span class='ocrx_word' id='word_1_87' title='bbox 1208 2380 1283 2465; x_wconf 86' lang='grc'>122,</span> <span class='ocrx_word' id='word_1_88' title='bbox 1302 2381 1430 2464; x_wconf 82' lang='lat' dir='ltr'><strong>Sangar-</strong></span> 
     </span>
     <span class='ocr_line' id='line_1_9' title="bbox 96 2490 386 2582; baseline 0.01 -27"><span class='ocrx_word' id='word_1_89' title='bbox 96 2495 249 2557; x_wconf 86' lang='lat' dir='ltr'><strong>manensis</strong></span> <span class='ocrx_word' id='word_1_90' title='bbox 275 2490 386 2582; x_wconf 89' lang='grc' dir='ltr'><strong>1180.Ι</strong></span> 
     </span>
    </p>

    <p class='ocr_par' dir='ltr' id='par_1_2' title="bbox 94 2597 1446 3768">
     <span class='ocr_line' id='line_1_10' title="bbox 186 2597 1430 2688; baseline 0 -23"><span class='ocrx_word' id='word_1_91' title='bbox 186 2600 287 2666; x_wconf 83' lang='lat' dir='ltr'><strong>Codex</strong></span> <span class='ocrx_word' id='word_1_92' title='bbox 307 2602 542 2668; x_wconf 82' lang='lat' dir='ltr'><strong>Monacensis</strong></span> <span class='ocrx_word' id='word_1_93' title='bbox 561 2600 660 2688; x_wconf 83' lang='lat'><strong>6399,</strong></span> <span class='ocrx_word' id='word_1_94' title='bbox 679 2603 751 2666; x_wconf 92' lang='lat' dir='ltr'><strong>olim</strong></span> <span class='ocrx_word' id='word_1_95' title='bbox 770 2601 974 2685; x_wconf 83' lang='lat' dir='ltr'><strong>Frisingensis</strong></span> <span class='ocrx_word' id='word_1_96' title='bbox 997 2597 1060 2667; x_wconf 89' lang='grc'><strong>199</strong></span> <span class='ocrx_word' id='word_1_97' title='bbox 1080 2601 1214 2666; x_wconf 83' lang='lat' dir='ltr'><strong>saec-IX</strong></span> <span class='ocrx_word' id='word_1_98' title='bbox 1232 2602 1310 2666; x_wconf 89' lang='lat' dir='ltr'><strong>dnos</strong></span> <span class='ocrx_word' id='word_1_99' title='bbox 1330 2600 1430 2665; x_wconf 82' lang='lat' dir='ltr'><strong>Bedao</strong></span> 
     </span>
     <span class='ocr_line' id='line_1_11' title="bbox 96 2708 1446 2794; baseline 0.001 -21"><span class='ocrx_word' id='word_1_100' title='bbox 96 2708 189 2774; x_wconf 87' lang='lat' dir='ltr'><strong>libros</strong></span> <span class='ocrx_word' id='word_1_101' title='bbox 218 2709 256 2774; x_wconf 88' lang='lat' dir='ltr'><strong>do</strong></span> <span class='ocrx_word' id='word_1_102' title='bbox 285 2719 348 2776; x_wconf 87' lang='lat' dir='ltr'><strong>arte</strong></span> <span class='ocrx_word' id='word_1_103' title='bbox 378 2714 505 2776; x_wconf 87' lang='lat' dir='ltr'><strong>metrica</strong></span> <span class='ocrx_word' id='word_1_104' title='bbox 528 2721 559 2774; x_wconf 90' lang='lat' dir='ltr'><strong>et</strong></span> <span class='ocrx_word' id='word_1_105' title='bbox 588 2711 624 2774; x_wconf 89' lang='lat' dir='ltr'><strong>de</strong></span> <span class='ocrx_word' id='word_1_106' title='bbox 649 2709 854 2774; x_wconf 87' lang='lat' dir='ltr'><strong>schematibus</strong></span> <span class='ocrx_word' id='word_1_107' title='bbox 878 2713 1028 2794; x_wconf 87' lang='lat' dir='ltr'><strong>continet,</strong></span> <span class='ocrx_word' id='word_1_108' title='bbox 1058 2709 1169 2791; x_wconf 88' lang='lat' dir='ltr'><strong>quibus</strong></span> <span class='ocrx_word' id='word_1_109' title='bbox 1193 2708 1253 2773; x_wconf 92' lang='lat' dir='ltr'><strong>duo</strong></span> <span class='ocrx_word' id='word_1_110' title='bbox 1278 2728 1446 2774; x_wconf 71' lang='lat' dir='ltr'><strong>commen-1</strong></span> 
     </span>
     <span class='ocr_line' id='line_1_12' title="bbox 97 2805 1435 2903; baseline -0.001 -23"><span class='ocrx_word' id='word_1_111' title='bbox 97 2821 165 2882; x_wconf 84' lang='lat' dir='ltr'><strong>larii</strong></span> <span class='ocrx_word' id='word_1_112' title='bbox 191 2818 320 2882; x_wconf 75' lang='lat' dir='ltr'><strong>bodacis</strong></span> <span class='ocrx_word' id='word_1_113' title='bbox 344 2819 382 2882; x_wconf 92' lang='lat' dir='ltr'><strong>de</strong></span> <span class='ocrx_word' id='word_1_114' title='bbox 406 2819 583 2884; x_wconf 88' lang='lat' dir='ltr'><strong>accentibus</strong></span> <span class='ocrx_word' id='word_1_115' title='bbox 606 2819 735 2884; x_wconf 89' lang='lat' dir='ltr'><strong>subiecti</strong></span> <span class='ocrx_word' id='word_1_116' title='bbox 759 2805 888 2903; x_wconf 66' lang='lat' dir='ltr'><strong>sunt,‘i.</strong></span> <span class='ocrx_word' id='word_1_117' title='bbox 914 2815 1034 2882; x_wconf 86' lang='lat'>1-30</span> <span class='ocrx_word' id='word_1_118' title='bbox 1063 2819 1110 2882; x_wconf 82' lang='lat' dir='ltr'><strong>De</strong></span> <span class='ocrx_word' id='word_1_119' title='bbox 1132 2822 1238 2882; x_wconf 87' lang='lat' dir='ltr'><strong>littera</strong></span> <span class='ocrx_word' id='word_1_120' title='bbox 1264 2851 1303 2863; x_wconf 90' lang='lat'>-</span> <span class='ocrx_word' id='word_1_121' title='bbox 1335 2819 1435 2881; x_wconf 83' lang='lat' dir='ltr'><strong>XXV</strong></span> 
     </span>
     <span class='ocr_line' id='line_1_13' title="bbox 96 2929 1432 3008; baseline 0.001 -19"><span class='ocrx_word' id='word_1_122' title='bbox 96 2931 179 3004; x_wconf 82' lang='lat' dir='ltr'><strong>quod</strong></span> <span class='ocrx_word' id='word_1_123' title='bbox 201 2931 266 2991; x_wconf 89' lang='lat' dir='ltr'><strong>tria</strong></span> <span class='ocrx_word' id='word_1_124' title='bbox 288 2932 350 2991; x_wconf 88' lang='lat' dir='ltr'><strong>sint</strong></span> <span class='ocrx_word' id='word_1_125' title='bbox 371 2947 491 3007; x_wconf 79' lang='lat' dir='ltr'><strong>ponera</strong></span> <span class='ocrx_word' id='word_1_126' title='bbox 510 2931 670 3008; x_wconf 84' lang='lat' dir='ltr'><strong>poematis.</strong></span> <span class='ocrx_word' id='word_1_127' title='bbox 709 2931 883 3007; x_wconf 75' lang='lat' dir='ltr'><strong>expliciunt</strong></span> <span class='ocrx_word' id='word_1_128' title='bbox 905 2930 1044 3006; x_wconf 86' lang='lat' dir='ltr'><strong>capitula</strong></span> <span class='ocrx_word' id='word_1_129' title='bbox 1068 2930 1179 3006; x_wconf 81' lang='lat' dir='ltr'><strong>incipit</strong></span> <span class='ocrx_word' id='word_1_130' title='bbox 1201 2929 1281 2990; x_wconf 86' lang='lat' dir='ltr'><strong>liber</strong></span> <span class='ocrx_word' id='word_1_131' title='bbox 1305 2931 1343 2991; x_wconf 84' lang='lat' dir='ltr'><strong>de</strong></span> <span class='ocrx_word' id='word_1_132' title='bbox 1362 2937 1432 2990; x_wconf 86' lang='lat' dir='ltr'><strong>arte</strong></span> 
     </span>
     <span class='ocr_line' id='line_1_14' title="bbox 94 3037 1433 3115; baseline 0 -17"><span class='ocrx_word' id='word_1_133' title='bbox 94 3040 303 3111; x_wconf 77' lang='lat' dir='ltr'><strong>arammaticn</strong></span> <span class='ocrx_word' id='word_1_134' title='bbox 337 3037 385 3100; x_wconf 85' lang='lat' dir='ltr'><strong>De</strong></span> <span class='ocrx_word' id='word_1_135' title='bbox 407 3041 513 3100; x_wconf 89' lang='lat' dir='ltr'><strong>littera</strong></span> <span class='ocrx_word' id='word_1_136' title='bbox 537 3069 581 3080; x_wconf 95' lang='lat'>-</span> <span class='ocrx_word' id='word_1_137' title='bbox 604 3040 830 3115; x_wconf 86' lang='lat' dir='ltr'><strong>sempiternam.</strong></span> <span class='ocrx_word' id='word_1_138' title='bbox 876 3038 1006 3114; x_wconf 78' lang='lat' dir='ltr'><strong>explicit</strong></span> <span class='ocrx_word' id='word_1_139' title='bbox 1036 3037 1076 3098; x_wconf 88' lang='lat' dir='ltr'><strong>de</strong></span> <span class='ocrx_word' id='word_1_140' title='bbox 1099 3043 1169 3098; x_wconf 87' lang='lat' dir='ltr'><strong>arte</strong></span> <span class='ocrx_word' id='word_1_141' title='bbox 1191 3039 1323 3098; x_wconf 85' lang='lat' dir='ltr'><strong>metrica</strong></span> <span class='ocrx_word' id='word_1_142' title='bbox 1351 3037 1433 3098; x_wconf 89' lang='lat' dir='ltr'><strong>liber</strong></span> 
     </span>
     <span class='ocr_line' id='line_1_15' title="bbox 97 3143 1430 3226; baseline 0 -21"><span class='ocrx_word' id='word_1_143' title='bbox 97 3145 191 3216; x_wconf 86' lang='lat' dir='ltr'><strong>(anas</strong></span> <span class='ocrx_word' id='word_1_144' title='bbox 214 3147 381 3226; x_wconf 88' lang='lat' dir='ltr'><strong>superscr.)</strong></span> <span class='ocrx_word' id='word_1_145' title='bbox 406 3147 517 3226; x_wconf 81' lang='lat' dir='ltr'><strong>incipit</strong></span> <span class='ocrx_word' id='word_1_146' title='bbox 539 3147 619 3208; x_wconf 84' lang='lat' dir='ltr'><strong>liber</strong></span> <span class='ocrx_word' id='word_1_147' title='bbox 642 3147 797 3208; x_wconf 83' lang='lat' dir='ltr'><strong>secandus</strong></span> <span class='ocrx_word' id='word_1_148' title='bbox 820 3146 860 3206; x_wconf 85' lang='lat' dir='ltr'><strong>de</strong></span> <span class='ocrx_word' id='word_1_149' title='bbox 882 3145 1069 3206; x_wconf 78' lang='lat' dir='ltr'><strong>scematibus</strong></span> <span class='ocrx_word' id='word_1_150' title='bbox 1092 3151 1122 3206; x_wconf 89' lang='lat' dir='ltr'><strong>et</strong></span> <span class='ocrx_word' id='word_1_151' title='bbox 1145 3146 1242 3222; x_wconf 89' lang='lat' dir='ltr'><strong>tropis</strong></span> <span class='ocrx_word' id='word_1_152' title='bbox 1266 3143 1350 3206; x_wconf 89' lang='lat' dir='ltr'><strong>Solet</strong></span> <span class='ocrx_word' id='word_1_153' title='bbox 1372 3147 1430 3206; x_wconf 92' lang='lat' dir='ltr'><strong>ali·</strong></span> 
     </span>
     <span class='ocr_line' id='line_1_16' title="bbox 97 3249 1429 3336; baseline -0.003 -20"><span class='ocrx_word' id='word_1_154' title='bbox 97 3257 213 3328; x_wconf 81' lang='lat' dir='ltr'><strong>quoties</strong></span> <span class='ocrx_word' id='word_1_155' title='bbox 238 3287 281 3297; x_wconf 91' lang='lat'><em>-</em></span> <span class='ocrx_word' id='word_1_156' title='bbox 304 3257 415 3316; x_wconf 76' lang='lat' dir='ltr'><strong>acoris</strong></span> <span class='ocrx_word' id='word_1_157' title='bbox 442 3256 521 3336; x_wconf 88' lang='lat' dir='ltr'><strong>lotb,</strong></span> <span class='ocrx_word' id='word_1_158' title='bbox 549 3255 569 3318; x_wconf 89' lang='lat' dir='ltr'><strong>i.</strong></span> <span class='ocrx_word' id='word_1_159' title='bbox 594 3249 729 3316; x_wconf 81' lang='lat'><strong>30-32</strong></span> <span class='ocrx_word' id='word_1_160' title='bbox 758 3253 805 3315; x_wconf 83' lang='lat' dir='ltr'><strong>De</strong></span> <span class='ocrx_word' id='word_1_161' title='bbox 828 3253 1009 3317; x_wconf 86' lang='lat' dir='ltr'><strong>accentibus</strong></span> <span class='ocrx_word' id='word_1_162' title='bbox 1033 3253 1188 3314; x_wconf 70' lang='lat' dir='ltr'><strong>docentus</strong></span> <span class='ocrx_word' id='word_1_163' title='bbox 1214 3254 1292 3328; x_wconf 86' lang='lat' dir='ltr'><strong>qnid</strong></span> <span class='ocrx_word' id='word_1_164' title='bbox 1318 3259 1364 3313; x_wconf 90' lang='lat' dir='ltr'><strong>est</strong></span> <span class='ocrx_word' id='word_1_165' title='bbox 1388 3283 1429 3296; x_wconf 91' lang='lat'><em>-</em></span> 
     </span>
     <span class='ocr_line' id='line_1_17' title="bbox 97 3361 1428 3440; baseline 0 -19"><span class='ocrx_word' id='word_1_166' title='bbox 97 3364 154 3423; x_wconf 87' lang='lat' dir='ltr'><strong>etsi</strong></span> <span class='ocrx_word' id='word_1_167' title='bbox 176 3364 320 3440; x_wconf 83' lang='lat' dir='ltr'><strong>adposita</strong></span> <span class='ocrx_word' id='word_1_168' title='bbox 339 3379 400 3424; x_wconf 89' lang='lat' dir='ltr'><strong>non</strong></span> <span class='ocrx_word' id='word_1_169' title='bbox 420 3365 490 3430; x_wconf 86' lang='lat' dir='ltr'><strong>erit.</strong></span> <span class='ocrx_word' id='word_1_170' title='bbox 527 3363 760 3440; x_wconf 81' lang='lat' dir='ltr'><strong>Becnpitalatio</strong></span> <span class='ocrx_word' id='word_1_171' title='bbox 784 3363 823 3422; x_wconf 85' lang='lat' dir='ltr'><strong>dc</strong></span> <span class='ocrx_word' id='word_1_172' title='bbox 846 3361 1027 3424; x_wconf 78' lang='lat' dir='ltr'><strong>nocentibus</strong></span> <span class='ocrx_word' id='word_1_173' title='bbox 1046 3361 1201 3422; x_wconf 84' lang='lat' dir='ltr'><strong>Accentas</strong></span> <span class='ocrx_word' id='word_1_174' title='bbox 1224 3362 1302 3436; x_wconf 83' lang='lat' dir='ltr'><strong>qaid</strong></span> <span class='ocrx_word' id='word_1_175' title='bbox 1323 3368 1369 3422; x_wconf 88' lang='lat' dir='ltr'><strong>est</strong></span> <span class='ocrx_word' id='word_1_176' title='bbox 1390 3391 1428 3404; x_wconf 90' lang='lat'><em>-</em></span> 
     </span>
     <span class='ocr_line' id='line_1_18' title="bbox 96 3463 1431 3548; baseline 0.001 -19"><span class='ocrx_word' id='word_1_177' title='bbox 96 3470 287 3546; x_wconf 79' lang='lat' dir='ltr'><strong>syllabarum</strong></span> <span class='ocrx_word' id='word_1_178' title='bbox 311 3473 343 3532; x_wconf 88' lang='lat' dir='ltr'><strong>in</strong></span> <span class='ocrx_word' id='word_1_179' title='bbox 363 3487 458 3532; x_wconf 88' lang='lat' dir='ltr'><strong>unum</strong></span> <span class='ocrx_word' id='word_1_180' title='bbox 477 3472 682 3532; x_wconf 82' lang='lat' dir='ltr'><strong>redactorum</strong></span> <span class='ocrx_word' id='word_1_181' title='bbox 700 3471 896 3548; x_wconf 80' lang='lat' dir='ltr'><strong>repperitur:</strong></span> <span class='ocrx_word' id='word_1_182' title='bbox 919 3467 1029 3531; x_wconf 77' lang='lat' dir='ltr'><strong>budae.</strong></span> <span class='ocrx_word' id='word_1_183' title='bbox 1046 3487 1109 3530; x_wconf 86' lang='lat' dir='ltr'><strong>erc.</strong></span> <span class='ocrx_word' id='word_1_184' title='bbox 1125 3486 1152 3548; x_wconf 94' lang='lat' dir='ltr'><strong>p.</strong></span> <span class='ocrx_word' id='word_1_185' title='bbox 1168 3463 1199 3548; x_wconf 85' lang='lat'><strong>9,</strong></span> <span class='ocrx_word' id='word_1_186' title='bbox 1217 3463 1372 3548; x_wconf 86' lang='lat'><strong>10-10,</strong></span> <span class='ocrx_word' id='word_1_187' title='bbox 1387 3463 1431 3529; x_wconf 83' lang='lat'><strong>20</strong></span> 
     </span>
     <span class='ocr_line' id='line_1_19' title="bbox 97 3572 1432 3660; baseline 0.001 -24"><span class='ocrx_word' id='word_1_188' title='bbox 97 3582 126 3636; x_wconf 85' lang='lat' dir='ltr'><strong>n</strong></span> <span class='ocrx_word' id='word_1_189' title='bbox 154 3595 183 3657; x_wconf 91' lang='lat' dir='ltr'><strong>p.</strong></span> <span class='ocrx_word' id='word_1_190' title='bbox 208 3573 262 3660; x_wconf 83' lang='lat' dir='ltr'><strong>st,</strong></span> <span class='ocrx_word' id='word_1_191' title='bbox 288 3575 424 3660; x_wconf 87' lang='lat'><strong>1-40,</strong></span> <span class='ocrx_word' id='word_1_192' title='bbox 451 3574 500 3639; x_wconf 89' lang='grc'><strong>16.</strong></span> <span class='ocrx_word' id='word_1_193' title='bbox 545 3576 652 3639; x_wconf 89' lang='lat' dir='ltr'><strong>eodem</strong></span> <span class='ocrx_word' id='word_1_194' title='bbox 682 3575 786 3638; x_wconf 90' lang='lat' dir='ltr'><strong>codice</strong></span> <span class='ocrx_word' id='word_1_195' title='bbox 816 3577 848 3639; x_wconf 92' lang='lat' dir='ltr'><strong>in</strong></span> <span class='ocrx_word' id='word_1_196' title='bbox 876 3575 954 3637; x_wconf 92' lang='lat' dir='ltr'><strong>libro</strong></span> <span class='ocrx_word' id='word_1_197' title='bbox 983 3575 1020 3637; x_wconf 88' lang='lat' dir='ltr'><strong>de</strong></span> <span class='ocrx_word' id='word_1_198' title='bbox 1050 3572 1255 3637; x_wconf 88' lang='lat' dir='ltr'><strong>schematibus</strong></span> <span class='ocrx_word' id='word_1_199' title='bbox 1282 3593 1357 3638; x_wconf 89' lang='lat' dir='ltr'><strong>usus</strong></span> <span class='ocrx_word' id='word_1_200' title='bbox 1385 3583 1432 3638; x_wconf 87' lang='lat' dir='ltr'><strong>est</strong></span> 
     </span>
     <span class='ocr_line' id='line_1_20' title="bbox 97 3681 873 3768; baseline 0.005 -23"><span class='ocrx_word' id='word_1_201' title='bbox 97 3681 231 3746; x_wconf 81' lang='lat' dir='ltr'><strong>ilatmtus</strong></span> <span class='ocrx_word' id='word_1_202' title='bbox 254 3682 331 3747; x_wconf 84' lang='lat' dir='ltr'><strong>rhet</strong></span> <span class='ocrx_word' id='word_1_203' title='bbox 357 3683 406 3752; x_wconf 75' lang='lat' dir='ltr'><strong>lai.</strong></span> <span class='ocrx_word' id='word_1_204' title='bbox 430 3703 458 3766; x_wconf 93' lang='lat' dir='ltr'><strong>p.</strong></span> <span class='ocrx_word' id='word_1_205' title='bbox 483 3681 558 3748; x_wconf 75' lang='lat'><strong>607.</strong></span> <span class='ocrx_word' id='word_1_206' title='bbox 871 3765 873 3768; x_wconf 82' lang='lat'><strong>.</strong></span> 
     </span>
    </p>

    <p class='ocr_par' dir='ltr' id='par_1_3' title="bbox 187 3787 1426 3872">
     <span class='ocr_line' id='line_1_21' title="bbox 187 3787 1426 3872; baseline 0.002 -20"><span class='ocrx_word' id='word_1_207' title='bbox 187 3789 288 3853; x_wconf 82' lang='lat' dir='ltr'><strong>Codex</strong></span> <span class='ocrx_word' id='word_1_208' title='bbox 307 3790 504 3854; x_wconf 77' lang='lat' dir='ltr'><strong>LeidensIs</strong></span> <span class='ocrx_word' id='word_1_209' title='bbox 528 3791 599 3853; x_wconf 89' lang='lat' dir='ltr'><strong>bibi.</strong></span> <span class='ocrx_word' id='word_1_210' title='bbox 619 3789 700 3872; x_wconf 90' lang='lat' dir='ltr'><strong>publ.</strong></span> <span class='ocrx_word' id='word_1_211' title='bbox 723 3787 788 3853; x_wconf 88' lang='grc'><strong>122</strong></span> <span class='ocrx_word' id='word_1_212' title='bbox 808 3811 830 3852; x_wconf 88' lang='lat' dir='ltr'><strong>s.</strong></span> <span class='ocrx_word' id='word_1_213' title='bbox 852 3789 877 3851; x_wconf 83' lang='lat' dir='ltr'>X</span> <span class='ocrx_word' id='word_1_214' title='bbox 901 3799 971 3872; x_wconf 88' lang='lat' dir='ltr'><strong>post</strong></span> <span class='ocrx_word' id='word_1_215' title='bbox 990 3789 1096 3852; x_wconf 83' lang='lat' dir='ltr'><strong>Donati</strong></span> <span class='ocrx_word' id='word_1_216' title='bbox 1117 3790 1305 3872; x_wconf 85' lang='lat' dir='ltr'><strong>aliorumque</strong></span> <span class='ocrx_word' id='word_1_217' title='bbox 1329 3809 1426 3872; x_wconf 89' lang='lat' dir='ltr'><strong>gram·</strong></span> 
     </span>
    </p>
   </div>
   <div class='ocr_carea' id='block_1_2' title="bbox 97 3897 1543 3982">
    <p class='ocr_par' dir='ltr' id='par_1_4' title="bbox 97 3897 1543 3982">
     <span class='ocr_line' id='line_1_22' title="bbox 97 3897 1543 3982; baseline 0.001 -22"><span class='ocrx_word' id='word_1_218' title='bbox 97 3900 276 3960; x_wconf 88' lang='lat' dir='ltr'><strong>maticorum</strong></span> <span class='ocrx_word' id='word_1_219' title='bbox 300 3897 408 3982; x_wconf 89' lang='lat' dir='ltr'><strong>libros,</strong></span> <span class='ocrx_word' id='word_1_220' title='bbox 437 3917 513 3982; x_wconf 92' lang='lat' dir='ltr'><strong>quos</strong></span> <span class='ocrx_word' id='word_1_221' title='bbox 537 3898 666 3961; x_wconf 82' lang='lat' dir='ltr'><strong>indicari</strong></span> <span class='ocrx_word' id='word_1_222' title='bbox 697 3917 822 3980; x_wconf 89' lang='lat' dir='ltr'><strong>gramm.</strong></span> <span class='ocrx_word' id='word_1_223' title='bbox 845 3897 895 3961; x_wconf 88' lang='lat' dir='ltr'><strong>iat.</strong></span> <span class='ocrx_word' id='word_1_224' title='bbox 919 3917 944 3961; x_wconf 85' lang='lat' dir='ltr'><strong>r.</strong></span> <span class='ocrx_word' id='word_1_225' title='bbox 970 3898 1006 3960; x_wconf 89' lang='lat' dir='ltr'><strong>iV</strong></span> <span class='ocrx_word' id='word_1_226' title='bbox 1030 3918 1058 3980; x_wconf 93' lang='lat' dir='ltr'><strong>p.</strong></span> <span class='ocrx_word' id='word_1_227' title='bbox 1083 3897 1192 3980; x_wconf 84' lang='lat' dir='ltr'><strong>xxxt,</strong></span> <span class='ocrx_word' id='word_1_228' title='bbox 1216 3899 1314 3962; x_wconf 86' lang='lat' dir='ltr'><strong>Be&#39;dae</strong></span> <span class='ocrx_word' id='word_1_229' title='bbox 1338 3898 1432 3962; x_wconf 87' lang='lat' dir='ltr'><strong>libros</strong></span> <span class='ocrx_word' id='word_1_230' title='bbox 1532 3917 1543 3934; x_wconf 83' lang='lat'><strong>·</strong></span> 
     </span>
    </p>
   </div>
   <div class='ocr_carea' id='block_1_3' title="bbox 95 4004 1433 4958">
    <p class='ocr_par' dir='ltr' id='par_1_5' title="bbox 96 4004 1432 4522">
     <span class='ocr_line' id='line_1_23' title="bbox 96 4004 1432 4090; baseline 0.003 -22"><span class='ocrx_word' id='word_1_231' title='bbox 96 4006 274 4069; x_wconf 79' lang='lat' dir='ltr'><strong>demetrios</strong></span> <span class='ocrx_word' id='word_1_232' title='bbox 294 4017 373 4090; x_wconf 88' lang='lat' dir='ltr'><strong>arte,</strong></span> <span class='ocrx_word' id='word_1_233' title='bbox 396 4008 434 4070; x_wconf 87' lang='lat' dir='ltr'><strong>de</strong></span> <span class='ocrx_word' id='word_1_234' title='bbox 454 4007 673 4090; x_wconf 84' lang='lat' dir='ltr'><strong>schematibus,</strong></span> <span class='ocrx_word' id='word_1_235' title='bbox 696 4007 733 4070; x_wconf 90' lang='lat' dir='ltr'><strong>de</strong></span> <span class='ocrx_word' id='word_1_236' title='bbox 753 4007 967 4089; x_wconf 81' lang='lat' dir='ltr'><strong>orthographia</strong></span> <span class='ocrx_word' id='word_1_237' title='bbox 987 4009 1136 4088; x_wconf 87' lang='lat' dir='ltr'><strong>continet,</strong></span> <span class='ocrx_word' id='word_1_238' title='bbox 1160 4008 1179 4069; x_wconf 85' lang='lat' dir='ltr'><strong>i.</strong></span> <span class='ocrx_word' id='word_1_239' title='bbox 1200 4004 1243 4070; x_wconf 91' lang='grc'><strong>62</strong></span> <span class='ocrx_word' id='word_1_240' title='bbox 1258 4027 1323 4089; x_wconf 89' lang='lat' dir='ltr'><strong>sqq.</strong></span> <span class='ocrx_word' id='word_1_241' title='bbox 1349 4009 1369 4070; x_wconf 92' lang='lat'><em>1</em></span> <span class='ocrx_word' id='word_1_242' title='bbox 1385 4011 1432 4072; x_wconf 82' lang='lat' dir='ltr'><strong>Be</strong></span> 
     </span>
     <span class='ocr_line' id='line_1_24' title="bbox 96 4114 1432 4195; baseline 0.004 -21"><span class='ocrx_word' id='word_1_243' title='bbox 96 4117 201 4176; x_wconf 88' lang='lat' dir='ltr'><strong>littera</strong></span> <span class='ocrx_word' id='word_1_244' title='bbox 224 4147 269 4157; x_wconf 91' lang='lat'><strong>—-</strong></span> <span class='ocrx_word' id='word_1_245' title='bbox 294 4114 394 4176; x_wconf 81' lang='lat' dir='ltr'><strong>XXV</strong></span> <span class='ocrx_word' id='word_1_246' title='bbox 413 4119 498 4193; x_wconf 83' lang='lat' dir='ltr'><strong>quod</strong></span> <span class='ocrx_word' id='word_1_247' title='bbox 524 4121 587 4178; x_wconf 91' lang='lat' dir='ltr'><strong>tria</strong></span> <span class='ocrx_word' id='word_1_248' title='bbox 611 4125 683 4178; x_wconf 84' lang='lat' dir='ltr'><strong>sunt</strong></span> <span class='ocrx_word' id='word_1_249' title='bbox 703 4133 824 4193; x_wconf 74' lang='lat' dir='ltr'><strong>penem</strong></span> <span class='ocrx_word' id='word_1_250' title='bbox 849 4125 1015 4195; x_wconf 86' lang='lat' dir='ltr'><strong>poematos.</strong></span> <span class='ocrx_word' id='word_1_251' title='bbox 1060 4117 1144 4180; x_wconf 86' lang='lat' dir='ltr'><strong>Ueda</strong></span> <span class='ocrx_word' id='word_1_252' title='bbox 1170 4118 1315 4194; x_wconf 64' lang='lat' dir='ltr'><strong>cutberto</strong></span> <span class='ocrx_word' id='word_1_253' title='bbox 1339 4120 1432 4180; x_wconf 86' lang='lat' dir='ltr'><strong>lenite</strong></span> 
     </span>
     <span class='ocr_line' id='line_1_25' title="bbox 96 4223 1432 4303; baseline 0.004 -20"><span class='ocrx_word' id='word_1_254' title='bbox 96 4225 226 4284; x_wconf 86' lang='lat' dir='ltr'><strong>salutem</strong></span> <span class='ocrx_word' id='word_1_255' title='bbox 249 4223 297 4284; x_wconf 83' lang='lat' dir='ltr'><strong>De</strong></span> <span class='ocrx_word' id='word_1_256' title='bbox 319 4225 425 4286; x_wconf 89' lang='lat' dir='ltr'><strong>littera</strong></span> <span class='ocrx_word' id='word_1_257' title='bbox 452 4256 490 4268; x_wconf 88' lang='lat'>-</span> <span class='ocrx_word' id='word_1_258' title='bbox 515 4227 742 4303; x_wconf 87' lang='lat' dir='ltr'><strong>sempiternam.</strong></span> <span class='ocrx_word' id='word_1_259' title='bbox 776 4227 906 4303; x_wconf 79' lang='lat' dir='ltr'><strong>explicit</strong></span> <span class='ocrx_word' id='word_1_260' title='bbox 935 4227 973 4287; x_wconf 84' lang='lat' dir='ltr'><strong>de</strong></span> <span class='ocrx_word' id='word_1_261' title='bbox 997 4233 1067 4286; x_wconf 91' lang='lat' dir='ltr'><strong>arte</strong></span> <span class='ocrx_word' id='word_1_262' title='bbox 1089 4227 1221 4286; x_wconf 85' lang='lat' dir='ltr'><strong>metrica</strong></span> <span class='ocrx_word' id='word_1_263' title='bbox 1248 4227 1328 4287; x_wconf 89' lang='lat' dir='ltr'><strong>liber</strong></span> <span class='ocrx_word' id='word_1_264' title='bbox 1352 4243 1432 4288; x_wconf 88' lang='lat' dir='ltr'><strong>unus</strong></span> 
     </span>
     <span class='ocr_line' id='line_1_26' title="bbox 97 4332 1430 4410; baseline 0.003 -18"><span class='ocrx_word' id='word_1_265' title='bbox 97 4334 206 4410; x_wconf 85' lang='lat' dir='ltr'><strong>incipit</strong></span> <span class='ocrx_word' id='word_1_266' title='bbox 229 4333 269 4395; x_wconf 89' lang='lat' dir='ltr'><strong>de</strong></span> <span class='ocrx_word' id='word_1_267' title='bbox 291 4333 500 4396; x_wconf 78' lang='lat' dir='ltr'><strong>coherentibus</strong></span> <span class='ocrx_word' id='word_1_268' title='bbox 523 4342 554 4395; x_wconf 88' lang='lat' dir='ltr'><strong>et</strong></span> <span class='ocrx_word' id='word_1_269' title='bbox 576 4335 672 4410; x_wconf 89' lang='lat' dir='ltr'><strong>tropis</strong></span> <span class='ocrx_word' id='word_1_270' title='bbox 695 4334 775 4395; x_wconf 89' lang='lat' dir='ltr'><strong>liber</strong></span> <span class='ocrx_word' id='word_1_271' title='bbox 805 4333 845 4394; x_wconf 88' lang='lat' dir='ltr'><strong>II</strong></span> <span class='ocrx_word' id='word_1_272' title='bbox 863 4332 948 4395; x_wconf 86' lang='lat' dir='ltr'><strong>Solet</strong></span> <span class='ocrx_word' id='word_1_273' title='bbox 971 4335 1134 4409; x_wconf 79' lang='lat' dir='ltr'><strong>aliquoties</strong></span> <span class='ocrx_word' id='word_1_274' title='bbox 1160 4365 1198 4376; x_wconf 99' lang='lat'>-</span> <span class='ocrx_word' id='word_1_275' title='bbox 1226 4335 1336 4396; x_wconf 76' lang='lat' dir='ltr'><strong>acoris</strong></span> <span class='ocrx_word' id='word_1_276' title='bbox 1360 4335 1430 4396; x_wconf 84' lang='lat' dir='ltr'><strong>lotii.</strong></span> 
     </span>
     <span class='ocr_line' id='line_1_27' title="bbox 101 4439 1158 4522; baseline 0 -20"><span class='ocrx_word' id='word_1_277' title='bbox 101 4439 282 4518; x_wconf 77' lang='lat' dir='ltr'><strong>Ortonrafla</strong></span> <span class='ocrx_word' id='word_1_278' title='bbox 311 4441 415 4504; x_wconf 81' lang='lat' dir='ltr'><strong>Undae</strong></span> <span class='ocrx_word' id='word_1_279' title='bbox 434 4443 614 4522; x_wconf 75' lang='lat' dir='ltr'><strong>presbyteri</strong></span> <span class='ocrx_word' id='word_1_280' title='bbox 635 4444 663 4504; x_wconf 78' lang='lat' dir='ltr'><em>A</em></span> <span class='ocrx_word' id='word_1_281' title='bbox 685 4445 791 4505; x_wconf 86' lang='lat' dir='ltr'><strong>littera</strong></span> <span class='ocrx_word' id='word_1_282' title='bbox 815 4475 858 4486; x_wconf 90' lang='lat'>-</span> <span class='ocrx_word' id='word_1_283' title='bbox 873 4453 984 4505; x_wconf 78' lang='lat' dir='ltr'><strong>‘rernm</strong></span> <span class='ocrx_word' id='word_1_284' title='bbox 1005 4445 1158 4521; x_wconf 86' lang='lat' dir='ltr'><strong>peruenit.</strong></span> 
     </span>
    </p>

    <p class='ocr_par' dir='ltr' id='par_1_6' title="bbox 95 4546 1433 4958">
     <span class='ocr_line' id='line_1_28' title="bbox 188 4546 1433 4630; baseline 0.002 -20"><span class='ocrx_word' id='word_1_285' title='bbox 188 4547 289 4611; x_wconf 83' lang='lat' dir='ltr'><strong>Codex</strong></span> <span class='ocrx_word' id='word_1_286' title='bbox 314 4547 649 4630; x_wconf 82' lang='lat' dir='ltr'><strong>Sangerntanensis</strong></span> <span class='ocrx_word' id='word_1_287' title='bbox 676 4546 762 4614; x_wconf 91' lang='grc'>1180</span> <span class='ocrx_word' id='word_1_288' title='bbox 786 4569 809 4612; x_wconf 90' lang='lat' dir='ltr'><strong>s.</strong></span> <span class='ocrx_word' id='word_1_289' title='bbox 834 4547 873 4612; x_wconf 87' lang='lat' dir='ltr'><strong>lX</strong></span> <span class='ocrx_word' id='word_1_290' title='bbox 902 4549 1014 4613; x_wconf 88' lang='lat' dir='ltr'><strong>librum</strong></span> <span class='ocrx_word' id='word_1_291' title='bbox 1038 4549 1075 4612; x_wconf 89' lang='lat' dir='ltr'><strong>de</strong></span> <span class='ocrx_word' id='word_1_292' title='bbox 1099 4551 1224 4611; x_wconf 90' lang='lat' dir='ltr'><strong>metrica</strong></span> <span class='ocrx_word' id='word_1_293' title='bbox 1248 4558 1313 4612; x_wconf 88' lang='lat' dir='ltr'><strong>arto</strong></span> <span class='ocrx_word' id='word_1_294' title='bbox 1342 4548 1433 4612; x_wconf 88' lang='lat' dir='ltr'><strong>habet</strong></span> 
     </span>
     <span class='ocr_line' id='line_1_29' title="bbox 97 4653 1432 4740; baseline 0.002 -22"><span class='ocrx_word' id='word_1_295' title='bbox 97 4659 151 4740; x_wconf 89' lang='lat' dir='ltr'><strong>ita,</strong></span> <span class='ocrx_word' id='word_1_296' title='bbox 182 4659 201 4721; x_wconf 86' lang='lat' dir='ltr'><strong>i.</strong></span> <span class='ocrx_word' id='word_1_297' title='bbox 226 4653 372 4722; x_wconf 78' lang='lat'><strong>65-73</strong></span> <span class='ocrx_word' id='word_1_298' title='bbox 401 4663 433 4722; x_wconf 90' lang='lat' dir='ltr'><strong>in</strong></span> <span class='ocrx_word' id='word_1_299' title='bbox 457 4663 579 4722; x_wconf 87' lang='lat' dir='ltr'><strong>nomine</strong></span> <span class='ocrx_word' id='word_1_300' title='bbox 603 4663 765 4722; x_wconf 81' lang='lat' dir='ltr'><strong>indiuidua</strong></span> <span class='ocrx_word' id='word_1_301' title='bbox 789 4663 939 4722; x_wconf 84' lang='lat' dir='ltr'><strong>trinitatis</strong></span> <span class='ocrx_word' id='word_1_302' title='bbox 963 4661 1010 4721; x_wconf 83' lang='lat' dir='ltr'><strong>De</strong></span> <span class='ocrx_word' id='word_1_303' title='bbox 1033 4661 1076 4720; x_wconf 90' lang='lat' dir='ltr'><strong>lit.</strong></span> <span class='ocrx_word' id='word_1_304' title='bbox 1103 4691 1141 4702; x_wconf 93' lang='lat'>—</span> <span class='ocrx_word' id='word_1_305' title='bbox 1172 4661 1257 4735; x_wconf 85' lang='lat' dir='ltr'><strong>qnod</strong></span> <span class='ocrx_word' id='word_1_306' title='bbox 1284 4662 1347 4720; x_wconf 87' lang='lat' dir='ltr'><strong>tria</strong></span> <span class='ocrx_word' id='word_1_307' title='bbox 1371 4663 1432 4722; x_wconf 87' lang='lat' dir='ltr'><strong>sint</strong></span> 
     </span>
     <span class='ocr_line' id='line_1_30' title="bbox 95 4769 1432 4848; baseline 0 -20"><span class='ocrx_word' id='word_1_308' title='bbox 95 4782 214 4840; x_wconf 76' lang='lat' dir='ltr'><strong>neaera</strong></span> <span class='ocrx_word' id='word_1_309' title='bbox 238 4774 406 4845; x_wconf 87' lang='lat' dir='ltr'><strong>poernatos.</strong></span> <span class='ocrx_word' id='word_1_310' title='bbox 449 4769 496 4830; x_wconf 83' lang='lat' dir='ltr'><strong>De</strong></span> <span class='ocrx_word' id='word_1_311' title='bbox 523 4771 623 4830; x_wconf 87' lang='lat' dir='ltr'><strong>literis</strong></span> <span class='ocrx_word' id='word_1_312' title='bbox 660 4769 721 4843; x_wconf 81' lang='lat' dir='ltr'><strong>Qui</strong></span> <span class='ocrx_word' id='word_1_313' title='bbox 748 4771 889 4830; x_wconf 85' lang='lat' dir='ltr'><strong>notitiam</strong></span> <span class='ocrx_word' id='word_1_314' title='bbox 918 4801 960 4810; x_wconf 91' lang='lat'><em>-</em></span> <span class='ocrx_word' id='word_1_315' title='bbox 988 4769 1214 4846; x_wconf 77' lang='lat' dir='ltr'><strong>sempiternam.</strong></span> <span class='ocrx_word' id='word_1_316' title='bbox 1253 4769 1432 4848; x_wconf 87' lang='lat' dir='ltr'><strong>interposito</strong></span> 
     </span>
     <span class='ocr_line' id='line_1_31' title="bbox 98 4871 1432 4958; baseline 0.005 -26"><span class='ocrx_word' id='word_1_317' title='bbox 98 4871 266 4953; x_wconf 83' lang='lat' dir='ltr'><strong>fragmento</strong></span> <span class='ocrx_word' id='word_1_318' title='bbox 289 4871 327 4934; x_wconf 88' lang='lat' dir='ltr'><strong>de</strong></span> <span class='ocrx_word' id='word_1_319' title='bbox 351 4871 569 4958; x_wconf 86' lang='lat' dir='ltr'><strong>schematibus,</strong></span> <span class='ocrx_word' id='word_1_320' title='bbox 592 4875 676 4937; x_wconf 86' lang='lat' dir='ltr'><strong>Solet</strong></span> <span class='ocrx_word' id='word_1_321' title='bbox 699 4878 862 4952; x_wconf 80' lang='lat' dir='ltr'><strong>aliquoties</strong></span> <span class='ocrx_word' id='word_1_322' title='bbox 884 4907 922 4919; x_wconf 88' lang='lat'>-</span> <span class='ocrx_word' id='word_1_323' title='bbox 944 4892 1037 4951; x_wconf 79' lang='lat' dir='ltr'><strong>quarn</strong></span> <span class='ocrx_word' id='word_1_324' title='bbox 1061 4875 1217 4937; x_wconf 84' lang='lat' dir='ltr'><strong>terribilia</strong></span> <span class='ocrx_word' id='word_1_325' title='bbox 1239 4882 1313 4938; x_wconf 86' lang='lat' dir='ltr'><strong>sunt</strong></span> <span class='ocrx_word' id='word_1_326' title='bbox 1335 4893 1432 4954; x_wconf 89' lang='lat' dir='ltr'><strong>opera</strong></span> 
     </span>
    </p>
   </div>
   <div class='ocr_carea' id='block_1_4' title="bbox 0 0 1802 5486">
    <p class='ocr_par' dir='ltr' id='par_1_7' title="bbox 0 0 1802 5486">
     <span class='ocr_line' id='line_1_32' title="bbox 0 0 1802 5486; baseline 0 0"><span class='ocrx_word' id='word_1_327' title='bbox 0 0 1802 5486; x_wconf 95' lang='lat' dir='ltr'><strong> </strong></span> 
     </span>
    </p>
   </div>
  </div>
 </body>
</html>
