3610 5482
604 342 654 399 DE
675 341 970 400 oaafloansrffls
1419 341 1463 407 67

115 455 139 494 p.
153 444 217 486 m&
232 445 260 486 ιι
274 445 300 484 1³.

120 527 367 591 obseruationem
387 527 554 610 babebunt3
573 538 605 593 et
623 529 704 593 illam
724 532 930 612 scriptionem,
949 547 1008 610 qua
1024 531 1260 592 nominativusr
1279 539 1343 592 eto
1363 527 1463 590 littera

123 635 349 720 nominabatur,
373 635 580 717 relinquemus
604 640 745 720 antiquis.
798 629 799 634 ’

217 743 306 808 Varie
326 749 418 810 etiam
436 747 640 827 scriptitatum
660 756 707 810 est
726 749 921 830 mancupium
940 747 1104 830 aucupium
1124 746 1294 828 manubiae,
1313 746 1462 826 siquidem

123 852 156 916 C.
181 852 294 916 Caesar
317 873 373 936 per
396 857 406 918 i
430 856 562 937 scripsit,
587 864 621 917 ut
644 863 769 936 apparet
792 872 830 918 ea
854 855 950 918 titulis
973 857 1085 938 ipsius,
1108 865 1139 918 at
1162 857 1317 935 Augustus
1342 851 1380 932 [i]
1405 872 1461 934 per

81 977 95 1017 ι
124 981 154 1044 n,
177 969 214 1024 ut
232 959 333 1026 'testes
356 971 429 1026 sunt
447 965 514 1025 eius
534 964 758 1045 inscriptiones.
796 973 827 1026 ιι
846 965 898 1044 qui
918 981 973 1045 per
992 965 1002 1026 i
1022 963 1170 1047 scribant,
1194 966 1357 1038 maniblos,
1381 961 1462 1025 illam

114 1057 276 1132 'adonem
300 1079 458 1154 secantur,
480 1070 562 1152 qaod
586 1071 660 1134 aliae
685 1089 806 1154 quoque
831 1070 1092 1135 denominationes
1111 1090 1167 1154 per
1186 1072 1313 1134 eandem
1334 1071 1466 1136 litteram

123 1188 245 1260 exeant,
268 1188 303 1241 ut
321 1197 391 1243 cum
411 1182 543 1245 manicas
563 1183 694 1244 dicimus
713 1189 743 1244 et
762 1179 952 1262 manicatam,
970 1178 1082 1261 quibus
1102 1188 1204 1242 tamen
1224 1182 1336 1262 opponi
1355 1188 1466 1262 potest,

124 1286 207 1368 quad
232 1305 289 1369 per
312 1305 332 1350 u
356 1288 515 1352 manaleus
539 1288 678 1352 dicimus.
717 1291 789 1350 item
811 1289 865 1370 qui
883 1289 1046 1368 aucupium
1070 1304 1125 1368 per
1145 1306 1165 1350 ιι
1185 1285 1333 1370 scribunt,
1356 1295 1464 1370 putant

123 1393 161 1458 ab
192 1413 248 1460 are
279 1397 454 1479 occupanda
490 1396 618 1480 dictum3
654 1406 685 1460 at
715 1399 769 1478 qai
799 1399 966 1480 aucipium‚
997 1395 1034 1458 ab
1065 1414 1117 1458 are
1152 1395 1312 1477 capienda,
1345 1413 1416 1458 cum
1449 1414 1465 1458 a

83 1523 110 1562 ιι
123 1503 245 1568 litterae
267 1507 300 1569 in
322 1507 334 1568 i
358 1505 512 1568 familiaris
530 1506 747 1576 transitusslt
785 1503 897 1585 quibus
916 1521 1011 1585 aeque
1032 1505 1144 1586 epponi
1163 1511 1265 1585 potest
1285 1521 1346 1566 non
1366 1506 1466 1567 minus

127 1613 158 1674 in
184 1629 204 1674 u
230 1615 362 1676 transire
386 1631 476 1695 quam
500 1615 532 1676 ia
557 1615 588 1702 ia·
606 1631 676 1676 nam
700 1621 731 1676 et
754 1611 791 1675 ab
815 1613 911 1674 amico
935 1611 969 1674 lit
991 1613 1134 1674 inimicus
1158 1619 1276 1675 tantum
1301 1621 1332 1674 ιι
1350 1629 1367 1674 a
1386 1611 1465 1674 salse

126 1719 273 1783 ἰιιιιιΙιιιι.
311 1721 494 1804 relinquitur
513 1723 608 1804 igitur
630 1721 750 1804 electio,
773 1729 917 1784 utrumne
941 1737 997 1800 per
1020 1721 1181 1800 antiquum
1204 1737 1322 1803 sonam,
1346 1722 1400 1801 qui
1420 1728 1466 1783 est
1503 1714 1506 1722 '
1541 1787 1543 1792 ,

125 1827 346 1910 pinguissimus
377 1839 407 1892 et
431 1848 450 1891 u
474 1829 606 1892 litteram
630 1827 811 1912 occupabat,
832 1827 837 1906 Ι
863 1827 933 1890 velit
957 1828 1025 1908 quis
1050 1829 1219 1908 enuntiare,
1243 1846 1281 1890 an
1304 1847 1359 1910 per
1383 1827 1466 1892 banc

125 1938 179 2016 qui
199 1938 260 1998 iam
280 1936 399 2002 uidetur
418 1938 585 2020 elegantior
604 1937 722 2020 exilitas,
742 1936 773 1999 id
793 1944 839 2000 ιιι
856 1953 913 2016 per
935 1937 947 1997 i
970 1934 1112 2016 litteram,
1135 1934 1190 1996 bas
1209 1935 1344 2016 proterat
1364 1953 1462 2000 uoces.

86 2061 112 2102 ιι
220 2043 300 2108 Sunt
318 2049 409 2110 etiam
429 2046 575 2128 quaedam
594 2065 684 2110 voces
703 2043 865 2126 inquibus
886 2062 905 2107 u
923 2043 1025 2106 littera
1044 2042 1164 2106 videtur
1183 2061 1251 2106 esse
1271 2061 1469 2128 supervacua,

123 2159 160 2214 at
189 2171 261 2216 cum
290 2163 321 2217 ιι
349 2154 512 2219 scribimus
540 2163 571 2218 et
599 2156 831 2237 pronuntiamus
862 2169 993 2232 arguere
1023 2157 1231 2228 strepuere,
1261 2150 1412 2232 siquidem
1436 2159 1468 2214 et

126 2277 223 2342 urgeo
246 2271 278 2325 ct
302 2281 382 2345 ungo
406 2262 484 2326 hanc
509 2281 569 2326 non
593 2261 768 2326 desiderant
791 2259 938 2342 litteram,
966 2265 1001 2322 ut
1024 2267 1149 2340 apparet
1177 2278 1213 2322 ex
1246 2261 1369 2340 scriptis
1392 2261 1467 2322 anti-

124 2385 274 2451 quorum,
306 2389 439 2448 quorum
471 2371 651 2453 elegantiam
683 2379 715 2432 et
747 2369 960 2432 anctoritatem
992 2365 1178 2448 sequendam
1207 2385 1299 2450 supra
1327 2368 1468 2452 dixinms,

123 2493 196 2538 cum
228 2479 406 2542 enuntiandi
436 2488 468 2542 et
497 2477 697 2562 scribendl†
736 2477 834 2540 soluta
867 2479 907 2541 sit
937 2473 1154 2540 difficultatem.
1198 2475 1269 2540 binc
1302 2496 1363 2540 aon
1393 2477 1468 2541 nulli

84 2600 109 2640 ao
124 2587 240 2648 inventi
269 2595 342 2649 sunt
368 2589 422 2668 qui
449 2585 638 2669 distinguere
668 2575 789 2668 qubque
818 2587 885 2648 sine
914 2603 933 2647 a
962 2583 1064 2647 liuere
1091 2591 1123 2646 et
1145 2582 1281 2648 scribere
1310 2595 1342 2648 et
1365 2585 1467 2648 dicere

125 2692 301 2757 maluerunt
328 2694 495 2758 adicientes
524 2702 556 2756 et
582 2693 663 2756 illurn
694 2695 857 2768 rationem,
885 2690 966 2772 quod
996 2689 1185 2773 distinguere
1217 2703 1264 2756 est
1287 2695 1466 2774 interposito

126 2809 242 2882 puncto
266 2801 401 2864 diuidere
425 2812 516 2884 atque
536 2801 689 2864 diducere.
742 2817 800 2863 nec
824 2817 885 2862 non
910 2797 1031 2880 quidam
1062 2798 1120 2861 boc
1148 2802 1249 2881 ipsam
1279 2801 1467 2883 distinguere

125 2907 315 2972 arbitrantur
342 2910 457 2974 dictum
485 2903 577 2992 παρὰ
605 2902 647 2972 τὸ
677 2905 821 2992 asweri,
846 2909 908 2971 sive
933 2906 1013 2989 qnod
1038 2906 1220 2989 distingutur
1243 2928 1293 2973 res
1317 2909 1366 2972 illa
1391 2928 1467 2992 quae

219 3119 314 3178 Golia
332 3119 697 3178 hemicranium
715 3137 767 3178 oue.
837 3124 942 3173 team
961 3116 1089 3174 manicas
1108 3118 1284 3175 manicalm
1356 3118 1467 3192 ιιιιιιιι]

128 3235 234 3277 nomen
308 3225 325 3276 9
345 3221 377 3276 ιι
395 3219 445 3292 qai
462 3219 620 3294 accipiam]
641 3221 692 3276 aut
712 3217 781 3290 qaia
799 3216 952 3288 aucupium
1027 3217 1190 3290 alitterae]
1211 3235 1229 3274 a
1247 3217 1346 3276 littera
1365 3211 1398 3275 e.

128 3307 162 3356 10
181 3317 239 3358 noa
257 3299 352 3357 minus
371 3299 400 3356 iu
420 3300 430 3356 i
449 3300 571 3357 banaiae
590 3316 678 3371 quam
695 3299 727 3355 in
746 3317 764 3354 a
841 3303 873 3353 11
893 3297 1020 3369 antam]
1040 3301 1137 3354 tamea
1217 3305 1250 3356 ιι
1270 3298 1405 3371 insulsas]
1425 3299 1468 3354 in·

125 3381 217 3438 solans
301 3379 483 3453 relinquitur]
503 3381 633 3452 sequitur
721 3387 754 3438 to
774 3377 991 3450 pronuntiamus
1010 3394 1130 3452 arguere
1150 3380 1291 3452 siquidem
1310 3383 1341 3434 ιι
1358 3394 1467 3450 argaeo

128 3464 275 3533 stangno
352 3468 385 3518 18
404 3478 526 3533 qaomm
545 3477 596 3518 osu.
667 3467 700 3517 ιι
722 3459 889 3518 adiiciamus
908 3457 1040 3516 atillam
1105 3461 1160 3534 est]
1180 3463 1210 3518 ιι
1274 3465 1308 3517 ιι
1327 3460 1467 3516 deducere

200 3549 235 3600 23
254 3537 335 3612 παρὰ
354 3537 388 3598 τὸ
410 3539 486 3599 aller
505 3541 564 3598 siue
585 3542 662 3613 qaod
681 3541 878 3614 distinguatur

200 3741 217 3790 ι
232 3732 429 3791 nominabitur
443 3733 484 3788 cd.
501 3731 602 3789 Coram.
616 3733 735 3800 fortusse
748 3730 904 3788 notabatur
965 3737 982 3787 ι
996 3733 1181 3804 mancupium
1197 3731 1350 3804 aucupium
1366 3749 1465 3790 mauu·

126 3813 204 3887 biae]
215 3815 289 3885 etp.
301 3818 402 3883 4219.
413 3817 507 3879 75,12
564 3816 623 3870 tat
632 3813 779 3886 Augustas
793 3829 846 3884 per
859 3830 878 3867 a
888 3811 1073 3870 Schneiderus
1086 3831 1202 3886 prumea.
1214 3815 1262 3872 lut.
1272 3831 1298 3870 u.
1309 3815 1332 3869 I
1338 3831 1367 3884 p.
1377 3818 1427 3881 21,
1436 3816 1467 3870 at

126 3898 275 3968 sagmas
293 3911 344 3966 per
361 3893 373 3949 i
394 3896 424 3950 et
442 3911 461 3948 a
480 3895 595 3949 ιοιιίιιίι
612 3893 820 3952 Brumboelae'ua
839 3894 959 3965 ortbopr.
979 3894 1028 3949 lut.
1044 3911 1075 3965 p.
1096 3901 1154 3952 120
1233 3903 1249 3952 b
1269 3897 1299 3954 et
1318 3895 1368 3968 qai
1387 3894 1467 3966 peri

127 3976 259 4034 scribunt
282 3975 364 4032 illam
382 3973 523 4031 milonem
542 3979 699 4047 sequuntur
711 3975 748 4033 R.
768 3972 909 4033 maniblos
929 3975 1042 4032 addidit
1060 3975 1245 4033 Seleucidesuea
1315 3983 1331 4032 'l
1350 3977 1382 4030 ut
1401 3992 1466 4031 oum

13 4093 15 4108 .
128 4057 257 4114 manicae
276 4053 463 4124 nauiculam,
483 4054 587 4126 quibus
600 4072 705 4113 nomen
723 4053 830 4127 opponi
848 4055 945 4124 potest
958 4054 995 4124 R,
1015 4057 1048 4112 ut
1062 4074 1127 4113 cum
1141 4057 1268 4115 manicas
1284 4055 1465 4124 muriculam,

128 4137 235 4211 quibas
253 4139 351 4194 tamen
369 4134 477 4208 opponi
496 4137 593 4208 petest
611 4137 795 4194 Sebueidenu
869 4140 886 4191 8
905 4138 1011 4206 patant
1028 4136 1066 4194 ab
1085 4155 1138 4196 aaa
1157 4138 1325 4211 occupanda
1343 4136 1465 4204 dietam

127 4221 180 4276 aut
203 4217 274 4290 qaia
297 4215 452 4290 aucupium
469 4217 514 4274 'ab
537 4235 591 4275 aaa
610 4219 762 4291 capienda,
790 4235 854 4276 cam
874 4233 892 4272 a
911 4215 1010 4274 littera
1029 4235 1062 4276 .s.
1081 4219 1112 4274 ia
1129 4219 1140 4274 i
1158 4217 1308 4275 familiaris
1327 4216 1465 4273 transitus

128 4299 168 4358 sit
181 4297 210 4356 B
285 4306 301 4355 9
320 4301 352 4355 at
365 4299 415 4370 qai
429 4297 574 4369 ancipiam
589 4306 724 4357 ιοιιιιιιι
739 4300 841 4356 codicis
857 4295 990 4354 Vaticani
1065 4306 1099 4356 io
1118 4317 1175 4356 aaa
1188 4299 1282 4354 minas
1296 4297 1327 4353 in
1345 4297 1356 4354 i
1374 4301 1466 4354 traaa-

127 4381 278 4520 tt‘tm
296 4379 583 4518 irenreut
592 4379 899 4520 :tettan
916 4378 1250 4529 ιιιιιὼι
1261 4375 1466 4516 attusia

129 4559 228 4614 uoces,
247 4541 402 4615 inquibus
420 4558 439 4598 ι
458 4539 556 4596 littera
573 4537 603 4595 R
686 4547 720 4598 16
739 4540 960 4634 pronuntiamus
980 4556 1099 4612 arguere
1118 4539 1261 4611 siquidem
1280 4541 1310 4596 at
1328 4476 1417 4632 aegeo
1436 4541 1465 4632 ιι

131 4621 271 4761 ιιι
281 4623 388 4761 ιι
401 4619 1467 4760 narrassesaususausus-surse

131 4784 203 4842 nulli
221 4790 270 4842 ete.
363 4791 397 4841 ιι
421 4782 588 4842 adiicientes
607 4781 687 4838 illam
713 4783 854 4841 rationem
873 4785 902 4840 R
992 4789 1028 4840 ιι
1051 4777 1130 4854 παρὰ
1150 4782 1188 4857 τῷ
1208 4779 1283 4838 allae
1307 4783 1369 4839 siae
1388 4781 1466 4853 qaod

133 4865 326 4938 ‹liaaagaaear
345 4865 380 4922 R.
411 4863 490 4938 παρὰ
510 4859 543 4920 τὸ
563 4865 674 4938 tingere
693 4865 831 4922 Semlerus

1155 4958 1193 5009 ᾖ*
