3590 5486
598 343 649 400 Db
668 345 963 408 carnotensem
1386 345 1454 412 2οὃ

111 457 133 496 μ
149 445 213 488 aare
229 447 256 488 av
269 446 295 488 a.
332 487 337 496 ,
1414 443 1422 458 ·

206 523 250 594 De
270 531 417 594 divisione
437 528 626 612 syllabarum.
656 533 732 598 duae
754 533 853 616 [sunt]
874 543 1075 600 consonantes
1096 534 1235 616 impares,
1255 551 1332 614 quae
1352 542 1452 596 tamen

111 638 241 704 haerena
259 647 397 722 possunt,
411 640 437 701 si
456 637 527 702 binc
542 638 612 702 inde
628 643 759 706 vocalem
775 645 932 727 accipiant,
946 643 1147 724 posteriorem
1163 641 1305 722 syllabam
1320 660 1451 723 sequun-

112 754 178 830 tur;
202 766 292 830 pares
315 746 362 809 vel
386 748 532 828 impares,
556 748 690 829 singulae
715 750 844 834 scilicet,
875 760 906 813 et
928 751 960 812 in
985 751 1119 830 priorem
1142 760 1173 812 et
1196 753 1228 813 in
1251 753 1452 831 posteriorem

111 855 305 918 dividuntur:
332 864 480 938 potestas,
508 859 669 920 norissima
700 857 810 940 syllaba
840 869 902 922 stas
935 859 1006 941 erit,
1035 867 1140 921 noster
1168 867 1246 941 ster,
1274 869 1362 939 capto
1390 867 1453 941 pto,

84 973 165 1026 aaut
197 964 250 1028 ubi
279 975 342 1027 tres
366 972 451 1046 suut,
481 973 516 1026 ut
545 962 693 1046 plostrum
718 973 829 1048 strum,
860 965 991 1029 lustrant
1014 975 1125 1048 strant,
1154 969 1319 1048 capistrum
1344 974 1453 1048 strum,

112 1091 209 1155 aeque
230 1073 397 1136 claustrum
417 1082 550 1135 rastrum
570 1067 749 1157 campestre.
777 1075 841 1137 lere
861 1083 962 1137 autem
982 1084 1045 1138 tres
1064 1075 1120 1138 bae
1140 1085 1342 1140 consonantes
1362 1077 1463 1138 tertio

111 1180 179 1244 loeo
204 1201 220 1244 r
245 1181 374 1265 babent,
397 1181 525 1245 stallae
549 1182 560 1244 l
583 1181 728 1267 litteram,
751 1194 787 1246 ut
805 1182 901 1246 astula
925 1175 956 1246 et
979 1186 1010 1246 in
1035 1183 1160 1246 elisione
1185 1183 1275 1266 astla,
1298 1183 1450 1266 pestolum

107 1293 257 1369 pestium:
280 1290 366 1354 alitor
386 1288 578 1354 nullomodo
598 1289 696 1354 tribus
716 1291 953 1355 consonantibus
973 1295 1073 1355 unitas
1094 1291 1224 1373 syllabae
1244 1290 1342 1354 datur.
1380 1310 1450 1354 oum

111 1417 201 1480 pares
226 1409 313 1482 suut,
344 1399 480 1482 singulae
505 1397 541 1460 ad
566 1397 699 1481 singulas
723 1397 851 1482 syllabas
874 1399 975 1462 ibum:
999 1398 1076 1461 duae
1100 1401 1181 1463 enim
1204 1417 1293 1481 pares
1324 1398 1452 1482 litterae,

74 1518 99 1558 1⁰
113 1525 166 1571 seu
191 1507 312 1571 vocales
336 1510 398 1573 sint
421 1527 476 1570 seu
500 1516 711 1591 consonantes,
734 1526 794 1570 non
815 1516 939 1570 coeunt:
964 1507 1103 1571 similiter
1120 1526 1197 1589 quae
1222 1506 1365 1589 syllabam
1389 1526 1451 1570 nou

113 1617 242 1700 iaciunt,
265 1619 292 1680 si
316 1617 449 1680 vocalem
472 1617 634 1698 accipiant,
658 1618 778 1678 tametsi
802 1619 933 1698 impares
953 1627 1041 1699 sum,
1063 1624 1098 1679 ut
1121 1635 1212 1698 carpo
1232 1615 1357 1678 dorsum
1377 1614 1450 1677 Por·

112 1727 186 1788 cius.
230 1743 290 1788 una
319 1743 489 1789 consonans
518 1727 598 1788 inter
626 1723 701 1788 duas
730 1724 847 1788 vocales
876 1725 973 1807 posita
1001 1729 1203 1808 posteriorem
1232 1727 1387 1808 sequitur,
1417 1733 1451 1786 ut
1499 1715 1503 1722 ⁸

112 1831 196 1895 Paris
216 1832 293 1916 lapis
312 1841 406 1898 tutus.
431 1841 461 1896 at
479 1837 505 1896 si
524 1837 605 1897 inter
625 1833 743 1896 vocales
762 1853 932 1898 consonans
953 1836 1045 1898 luerit
1065 1843 1095 1896 ει
1114 1832 1262 1915 digamma
1286 1835 1449 1914 posterius,

75 2005 80 2016 ,
111 1941 206 2003 vocab
235 1940 384 2022 digamma
411 1939 596 2004 adhaerebit.
633 1944 691 2004 iam
721 1944 802 2005 enim
826 1941 888 2004 dixi
911 1953 1037 2026 excepta
1061 1961 1079 2022 q
1106 1942 1205 2005 littera
1236 1953 1267 2005 et
1289 1961 1309 2023 g
1338 1940 1448 2003 nullam

74 2047 198 2110 ¹⁵aliam
230 2058 447 2113 consonantem
479 2069 549 2113 cum
579 2031 646 2112 eius
677 2051 758 2142 modi
789 2050 910 2133 syllabis
942 2053 1124 2134 consistere,
1154 2060 1189 2113 ut
1223 2051 1307 2112 solvo
1338 2067 1450 2112 nervus

112 2157 195 2219 volvo
224 2157 305 2222 larva
335 2159 441 2241 pulvis.
486 2161 588 2251 itaque
619 2161 719 2222 tenuis
748 2163 773 2222 si
802 2159 991 2242 trisyllabum
1021 2167 1081 2243 est,
1116 2178 1135 2221 n
1164 2176 1335 2221 consonans
1363 2158 1399 2220 ad
1430 2175 1448 2220 u

112 2267 241 2350 accedit,
265 2270 291 2329 si
315 2265 509 2348 disyllabum,
533 2265 568 2328 ad
594 2285 624 2330 e:
648 2286 743 2349 aeque
768 2266 856 2331 belua
880 2267 984 2330 malva.

201 2373 349 2458 Dispicio,
377 2373 503 2438 verbum
533 2378 749 2460 compositum,
778 2378 936 2458 quaeritur
968 2387 1071 2440 utrum
1102 2395 1157 2458 per
1188 2376 1249 2440 duo
1280 2395 1294 2438 s
1325 2394 1364 2438 an
1394 2394 1449 2458 per

111 2500 205 2545 unum
234 2481 327 2546 scribi
356 2482 477 2566 debeat,
505 2491 536 2545 et
567 2493 670 2546 rutrum
698 2487 739 2547 ita
763 2484 869 2568 dividi,
898 2484 944 2549 dis
968 2495 1000 2548 et
1029 2487 1138 2568 spicio,
1167 2505 1208 2550 an
1233 2488 1269 2548 cii
1290 2495 1320 2548 et
1341 2488 1448 2564 spicio.

72 2600 97 2641 ει
111 2601 140 2653 ει
167 2589 327 2654 divisionis
350 2591 472 2675 quidem
498 2594 563 2655 eius
592 2593 689 2656 lacilis
719 2595 795 2656 ratio
820 2603 880 2675 est,
908 2596 1051 2675 quoniam
1074 2611 1180 2656 omnes
1209 2595 1448 2675 praepositiones

111 2701 246 2780 integrae
269 2702 453 2783 separandae
477 2709 564 2784 sunt,
594 2711 628 2764 ut
651 2710 698 2764 est
725 2700 850 2764 abstulit
873 2700 926 2763 abs
951 2711 982 2764 et
1006 2700 1091 2784 tulit,
1118 2701 1275 2786 transtulit
1303 2711 1387 2764 trans
1417 2710 1448 2763 et
1494 2705 1497 2710 '
1523 2713 1527 2720 ·

110 2806 192 2890 tnlit,
215 2806 374 2873 abscondit
398 2807 451 2870 abs
474 2818 506 2872 et
530 2809 634 2874 condit
658 2821 689 2873 et
713 2819 813 2874 cetera
838 2810 886 2874 bis
910 2809 1027 2873 similia.
1064 2829 1120 2892 per
1140 2809 1199 2873 diro
1219 2820 1320 2872 autem
1339 2827 1354 2872 s
1374 2811 1448 2872 scri·

108 2913 242 2980 bendum
263 2915 268 3000 l
289 2927 349 3002 est,
373 2936 434 2980 non
457 2937 513 3001 per
537 2938 646 3003 unum,
676 2921 818 3003 quoniam
842 2937 879 2981 ex
911 2920 1135 3000 praepositione
1159 2929 1190 2981 ει
1213 2917 1306 2981 verbo
1330 2927 1449 2981 constat
1538 2905 1540 2908 ⁵

109 3043 175 3087 esse
200 3029 418 3110 compositum,
446 3027 593 3109 quemad
619 3028 741 3092 modum
761 3037 809 3091 est
832 3030 988 3109 conspicio
1011 3029 1125 3110 aspicio
1153 3027 1302 3110 despiclo;
1330 3046 1364 3089 ac
1394 3047 1448 3109 per

71 3143 96 3185 a
111 3131 167 3194 boc
191 3134 327 3217 perduc
347 3155 361 3198 s
385 3134 528 3217 disspicio
553 3137 645 3200 scribi
668 3136 760 3200 debet
778 3147 808 3200 et
831 3139 873 3201 ita
898 3135 1004 3218 dividi,
1027 3136 1075 3198 dis
1095 3144 1126 3198 ει
1149 3118 1253 3218 spicio.
1291 3154 1351 3199 non
1372 3135 1447 3198 nulli

110 3260 180 3304 vero
204 3241 332 3325 dispicio
360 3263 416 3327 per
440 3262 534 3308 unum
558 3265 572 3306 s
597 3246 791 3309 scribendum
821 3255 942 3330 portant,
974 3246 1053 3327 quod
1085 3247 1268 3327 praepositio
1293 3243 1446 3306 interdum

108 3348 240 3414 litteram
264 3349 384 3434 perdat,
412 3361 448 3416 ut
470 3361 518 3416 εει
542 3353 652 3417 diduco
676 3353 777 3417 divido
801 3353 942 3416 diiudico.
981 3353 1034 3416 sed
1058 3353 1168 3416 melius
1191 3363 1238 3415 est
1268 3371 1324 3434 per
1347 3352 1407 3414 duo
1432 3369 1446 3413 s

108 3457 200 3521 scribi
226 3457 377 3543 disspicio.

200 3667 215 3717 1
241 3661 292 3718 Du
317 3661 508 3722 DIUISIONE
537 3665 790 3724 SYLLABARUM
808 3665 895 3721 'titali
920 3665 978 3720 loeo
999 3666 1178 3736 proscripta
1203 3669 1269 3720 sunl
1291 3665 1324 3719 in
1347 3662 1445 3719 ΑΒΘ.

106 3741 227 3808 sortasse
245 3742 276 3798 in
294 3741 435 3802 divisione
455 3748 631 3818 syllabarum
652 3750 725 3806 duos
744 3748 931 3804 consonantes
1022 3745 1158 3818 impares]
1183 3743 1212 3806 iu
1237 3747 1333 3816 partes
1348 3745 1447 3815 priore

107 3822 165 3878 1⁰⁶⁰
183 3823 222 3892 Β,
241 3829 358 3896 “bow
376 3823 434 3882 loco
452 3828 480 3881 A
578 3830 675 3903 tant]
695 3833 726 3885 at
744 3828 835 3884 ABG
917 3827 1071 3900 plostrum]
1091 3827 1250 3900 plaustrum
1272 3825 1295 3880 O
1321 3877 1324 3886 ,
1381 3829 1446 3884 'iet

107 3903 165 3960 atta
183 3903 194 3960 l
212 3903 340 3962 litteram
356 3911 389 3964 ut
402 3911 498 3966 astula
512 3913 541 3968 et
558 3913 589 3967 in
609 3911 728 3968 elisione
747 3911 835 3968 ascl'o
853 3909 997 3980 pertulum
1011 3908 1096 3965 aliter
1113 3909 1141 3964 A
1162 3910 1192 3964 et
1210 3907 1269 3963 alio
1287 3906 1299 3963 l
1317 3906 1444 3963 litteram

107 3986 139 4040 nt
157 3987 272 4066 castula
289 3991 319 4044 et
337 3988 367 4044 in
385 3989 505 4047 elisione
524 3991 602 4048 asela
620 3993 765 4063 pestnlurn
780 3993 864 4048 aliter
882 3989 910 4045 B
929 3993 960 4046 et
978 3989 1036 4047 alia
1055 3991 1065 4045 l
1083 3991 1183 4047 littera
1202 3991 1235 4044 ut
1253 3988 1348 4045 astula
1366 3991 1396 4044 et
1415 3988 1444 4044 in

107 4065 209 4124 liaione
225 4069 303 4125 ascia
316 4070 462 4142 pertulum
477 4073 561 4130 aliter
581 4073 605 4129 0
627 4077 656 4132 et
674 4073 750 4132 aliae
768 4075 780 4130 l
798 4074 925 4130 litteram
944 4075 979 4128 nt
997 4071 1089 4128 astcla
1107 4070 1215 4140 (ascula
1235 4068 1346 4138 Carrio)
1367 4073 1396 4125 et
1414 4071 1444 4125 in

107 4148 225 4207 elisione
244 4151 325 4207 ascia
341 4152 490 4222 pertulum
509 4156 667 4226 (pessulum
687 4155 798 4225 Canto)
819 4153 940 4215 alitarc
1013 4152 1175 4224 asyllabas
1195 4168 1246 4207 om.
1265 4149 1294 4205 B
1368 4149 1443 4206 enim

107 4247 156 4288 ons.
175 4231 237 4288 AG
289 4233 386 4308 pares]
406 4237 503 4305 partes
521 4238 549 4291 A
608 4245 639 4293 11
660 4236 796 4309 impares]
816 4235 846 4292 in
860 4238 956 4308 partes
975 4237 1002 4292 A
1059 4234 1174 4290 dorsum
1192 4231 1254 4286 AB
1274 4230 1446 4286 deorsan

142 4318 176 4368 18
196 4311 287 4386 tutos]
308 4317 389 4370 torna
406 4313 466 4370 BG
481 4317 553 4374 tirus
571 4319 599 4373 A
665 4320 688 4375 si
708 4337 759 4376 orn.
779 4319 806 4374 A
884 4323 917 4372 14
936 4317 1081 4388 digamma
1099 4312 1268 4370 adhaerebit
1285 4312 1313 4366 A
1333 4310 1442 4381 digam-

107 4409 169 4450 mae
187 4393 357 4453 adhaerabit
373 4396 434 4453 BG
505 4402 625 4471 excepto
645 4417 664 4471 q
682 4399 818 4471 litterag
839 4396 862 4452 0
935 4406 968 4455 15
988 4397 1142 4454 consistere
1160 4392 1219 4450 AG
1236 4391 1396 4450 consentire
1414 4391 1443 4448 B

141 4474 223 4533 soluo
237 4491 325 4535 neruo
339 4479 427 4537 noluo
441 4479 536 4537 laruas
555 4479 650 4551 puluis
668 4480 697 4536 B
715 4481 797 4538 soluo
811 4498 899 4537 neruo
913 4480 979 4538 nolo
999 4480 1080 4536 larua
1098 4477 1192 4548 puluis
1212 4475 1239 4530 A
1259 4474 1340 4531 soluo
1355 4491 1443 4532 neruo

106 4556 192 4613 oolbo
215 4557 331 4615 tutum
354 4561 450 4631 puluis
474 4559 499 4617 0
589 4567 623 4616 ts
647 4580 667 4616 n
690 4579 742 4618 ova.
761 4564 790 4618 A
883 4568 915 4617 ta
941 4560 978 4618 ad
1002 4575 1127 4628 easque
1150 4556 1249 4612 bellna
1267 4556 1295 4611 A
1314 4555 1443 4627 adaeque

106 4636 193 4695 belna
210 4638 271 4695 ΒΟ
324 4640 544 4715 asan]aat13
601 4643 696 4701 tsita
714 4643 853 4700 diridi-
873 4641 1015 4700 balanitis
1035 4657 1086 4696 orn.
1105 4636 1164 4692 AO
1212 4635 1256 4690 dis
1276 4635 1443 4707 etpicioB

141 4737 178 4776 an
193 4721 223 4777 di
237 4724 268 4778 st
286 4721 376 4794 spicio
394 4738 446 4778 oar.
461 4722 490 4779 B
545 4727 581 4777 ιθ
599 4739 697 4779 omnes
715 4726 942 4798 praepositiones
960 4722 1089 4793 integrae
1107 4715 1282 4791 separandae
1302 4721 1368 4773 sunt
1386 4717 1445 4772 BC

107 4805 167 4856 ὂῖιῖε
184 4803 360 4874 praepositio
373 4802 488 4875 integre
502 4802 661 4874 separanda
675 4807 719 4862 est
737 4805 764 4860 A
820 4811 855 4862 24
875 4803 1030 4877 conspicio]
1047 4800 1217 4874 compositio
1232 4799 1258 4856 0
1310 4805 1345 4857 26
1361 4801 1440 4874 vero]

108 4885 136 4936 et
151 4883 179 4937 A
254 4883 344 4957 qnod]
364 4901 438 4956 quos
456 4885 485 4941 B
504 4904 523 4958 q
542 4889 585 4941 A,
644 4892 678 4942 tt
698 4887 795 4944 divido
814 4886 912 4945 ovn.C
