3590 5486
333 295 400 362 248
941 295 1064 354 REDAE

333 407 356 448 a.
370 398 431 440 asro.
446 398 470 439 u
486 397 512 440 ι».
620 423 627 430 .

335 493 382 545 cst
405 481 512 544 brevis
528 480 656 546 licenter
679 483 711 546 ln
734 481 786 546 illo
811 481 942 566 sedulii,

498 591 609 654 unlus
632 589 678 654 ob
701 593 873 656 meritum
897 594 1023 658 cuncti
1047 595 1198 676 periere
1222 595 1391 659 minores.

334 686 411 761 itcm'
432 705 540 762 natura
563 698 651 782 longa
675 709 722 764 est
745 703 777 765 in
800 699 858 764 boe
882 699 1015 785 Paulini,

498 806 728 873 discutiebat
750 826 862 873 orans
884 807 987 891 galea
1012 819 1194 895 scutoque
1219 811 1325 895 lidei,

334 913 456 979 licentia
479 915 581 980 brevis
603 918 636 980 ln
660 916 718 982 boc
741 916 898 1001 Prosperi‚

499 1021 654 1088 delicias
677 1026 746 1088 lem
770 1043 866 1090 nunc
889 1029 1064 1109 promissi
1088 1031 1241 1112 concipe
1265 1031 1371 1112 regni

471 1203 475 1210 ,
553 1134 693 1197 virtute
717 1143 752 1198 et
776 1134 866 1198 ildei
889 1133 985 1218 quod
1010 1137 1115 1218 cupis
1139 1155 1221 1200 esse
1246 1145 1337 1201 tene.

335 1248 366 1305 et
385 1240 457 1324 hcc,
471 1250 507 1305 ut
525 1259 617 1324 supra
636 1241 810 1328 retulimus,
829 1245 909 1308 inter
924 1263 1102 1308 communes
1121 1243 1248 1328 syllabas
1265 1253 1468 1329 computatur.
1496 1245 1550 1310 ubi
1569 1256 1671 1310 autern
1746 1266 1753 1278 ·

218 1365 221 1370 “
334 1352 366 1414 ln
391 1351 497 1414 metris
525 1349 641 1432 prendo
669 1369 725 1434 pro
753 1351 910 1435 prehendo
933 1353 980 1416 rel
1009 1354 1106 1418 saecla
1129 1353 1241 1437 legitur
1263 1373 1319 1438 pro
1344 1355 1463 1418 saecula
1487 1355 1533 1420 vel
1558 1355 1672 1437 aliquid

335 1458 427 1523 brrius
452 1459 546 1543 modi,
571 1478 631 1523 non
655 1471 703 1524 est
726 1460 895 1552 synalipha,
918 1462 972 1526 sed
996 1479 1142 1546 syncope,
1167 1481 1243 1546 quae
1268 1466 1386 1546 species
1405 1471 1453 1528 est
1473 1464 1672 1548 metaplasmi,
1686 1477 1708 1517 1⁰

336 1569 406 1650 quia
435 1587 512 1657 non,
525 1568 637 1651 syllaba
665 1569 713 1633 rel
740 1569 841 1634 littera
867 1573 980 1653 scripte
1004 1571 1176 1636 scandendo
1201 1571 1349 1655 aufertur,
1376 1572 1430 1636 sed
1458 1591 1497 1637 ne
1526 1591 1672 1654 umquem

337 1674 524 1740 scriberetur
548 1676 686 1741 libertate
710 1682 828 1762 poetica
847 1683 1002 1763 provisum
1023 1675 1090 1766 cst}
1122 1679 1204 1744 unde
1222 1679 1307 1744 illum
1327 1679 1459 1745 blaronis
1479 1681 1673 1764 versiculum,

500 1805 568 1849 nec
592 1795 667 1850 tota
692 1793 810 1853 tamen
834 1788 899 1852 illc
922 1791 1027 1871 prior
1049 1797 1252 1872 praecunte
1276 1793 1417 1870 carina,

337 1897 378 1960 ila
406 1894 611 1959 scandendum
640 1915 707 1960 esse
737 1897 813 1959 ratio
842 1895 964 1980 probat,
993 1907 1027 1960 ut
1054 1899 1152 1980 primo
1183 1900 1223 1961 sit
1249 1907 1338 1992 necto
1367 1899 1533 1982 spondeus,
1563 1899 1672 1963 deinde

338 2015 468 2069 tatamen
493 2003 643 2088 dactylus,
672 2003 771 2086 illepri
795 2004 945 2087 dactylus,
973 2024 1100 2089 orpraee
1124 2006 1261 2090 dactylus
1284 2006 1455 2071 adbreviata
1484 2008 1672 2092 diphthongo
1686 2019 1711 2062 1⁵

248 2145 252 2151 ·
337 2124 463 2199 propter
485 2113 618 2176 vocalem
643 2132 720 2196 quae
744 2115 892 2199 sequitur,
916 2123 989 2178 unte
1009 2117 1110 2178 carina
1134 2115 1270 2197 dactylus
1289 2125 1320 2179 et
1343 2117 1510 2202 spondeus,
1533 2119 1587 2199 qui
1612 2127 1671 2180 ter-

338 2226 463 2285 minent.
501 2224 568 2304 quis
591 2224 672 2284 enim
691 2221 792 2285 audiat
811 2219 998 2286 Victorinum
1022 2222 1181 2287 docentem
1205 2233 1241 2287 ut
1264 2226 1443 2289 scandamus
1466 2235 1536 2289 enta
1560 2228 1672 2308 carina,

338 2332 483 2394 iacientes
518 2329 704 2412 synalipham
740 2333 771 2392 in
806 2330 904 2394 media
938 2341 1024 2414 parta
1060 2335 1218 2416 orationis,
1255 2333 1336 2416 quod
1372 2353 1537 2417 numquam
1570 2335 1671 2398 iecere

337 2435 480 2523 priores?
512 2439 546 2501 lit
570 2447 671 2501 autam
697 2437 852 2521 synalipha
875 2441 906 2502 in
930 2441 1012 2503 omni
1035 2449 1121 2522 parte
1145 2460 1267 2526 versus,
1296 2445 1387 2506 etiem
1410 2445 1442 2508 in
1465 2452 1614 2528 ormense,
1638 2451 1672 2506 ut

338 2549 471 2630 Prosper
1685 2567 1712 2608 ao

502 2655 564 2720 sed
588 2673 710 2719 rerum
735 2659 879 2721 arsctori
902 2657 1028 2722 nullus
1053 2677 1123 2722 non
1148 2661 1323 2742 cognitus
1347 2661 1435 2724 ordo
1459 2669 1524 2725 est

338 2770 372 2832 iit
395 2777 426 2832 ct
449 2775 518 2850 post
542 2783 663 2840 tersum
688 2765 856 2850 synalipba,
880 2785 957 2848 quac
982 2766 1017 2829 ad
1043 2771 1199 2849 sequentis
1221 2787 1328 2832 versus
1351 2779 1442 2852 caput
1465 2769 1616 2854 intendet,
1640 2778 1674 2833 ut

235 2917 239 2924 -
338 2876 483 2941 Paulinus
1006 2899 1009 2904 ·

502 3001 593 3066 quae
611 2983 724 3046 decus
743 3001 846 3046 omne
865 3002 1016 3066 operum
1039 2984 1271 3068 perimebant
1289 2987 1454 3069 improba
1478 2987 1659 3070 foedaque

503 3092 607 3156 obice
629 3103 868 3176 prospectum
892 3095 1090 3156 caecantia.
1686 3115 1713 3156 aa

340 3212 413 3267 sunt
431 3221 560 3284 nanrquc
581 3201 679 3265 ultimi
699 3220 805 3265 versus
829 3200 911 3264 illius
933 3201 1042 3285 pedes,
1065 3202 1202 3284 improba
1226 3202 1375 3288 dactylus,
1393 3189 1486 3293 'foede
1510 3203 1674 3288 spondeus,

340 3321 371 3375 at
393 3313 663 3404 primissequenlis
687 3331 743 3394 per
766 3309 965 3410 synalipham,
989 3309 1117 3391 quobicc
1143 3309 1292 3396 dactylus,
1315 3330 1426 3394 prospe
1451 3311 1613 3394 spondeus.

654 3511 659 3521 ·
688 3483 739 3541 bn
757 3483 1037 3540 EPISYNALIPHA
1055 3483 1129 3541 VEL
1149 3485 1323 3543 DIAERESI
1425 3499 1429 3507 ·

432 3609 683 3682 Coniunctionem
707 3621 798 3682 etiam
821 3617 1064 3700 solutionemque
1089 3617 1283 3701 syllabarum,
1310 3639 1399 3704 quam
1423 3620 1530 3684 Graeci
1554 3623 1674 3703 episyn-

211 3735 229 3750 “
341 3729 470 3813 alipham
490 3738 521 3792 ct
539 3728 700 3791 diaeresim
720 3736 840 3812 vocant,
864 3727 917 3791 ubi
936 3745 1061 3790 neccsse
1082 3735 1142 3810 est,
1165 3727 1277 3791 licitam
1297 3731 1376 3792 scire
1396 3731 1556 3793 metricum
1576 3730 1675 3815 decet,
1689 3748 1716 3788 so

432 3948 467 3998 29
487 3937 723 3999 coniunctionem
742 3969 776 3982 —
796 3945 860 4009 249,
881 3945 914 3995 16
934 3937 1091 4011 spondeum
1113 3939 1238 4011 Pompei.
1258 3947 1325 4012 120,
1343 3947 1373 4000 2.
1397 3947 1464 4010 121,
1483 3947 1522 4000 24

272 4129 277 4136 ’
367 4155 369 4162 ’
434 4149 448 4199 1
469 4144 514 4199 est
531 4138 626 4199 breuis
645 4137 698 4198 rP
713 4141 742 4196 ot
761 4136 855 4194 breuis
875 4135 937 4193 FL
1029 4143 1045 4194 6
1067 4137 1185 4195 delicias
1206 4139 1235 4196 P
1252 4139 1368 4199 delitias
1388 4139 1419 4196 F
1435 4141 1551 4198 diuiiim
1570 4141 1619 4201 eL

342 4225 458 4298 concipe
479 4220 576 4280 FLP
594 4216 725 4291 conspice
744 4220 755 4275 l
820 4224 837 4275 8
857 4220 953 4292 supra]
969 4237 1000 4291 p.
1015 4225 1086 4288 232,
1101 4226 1139 4277 21
1206 4231 1222 4280 9
1240 4223 1351 4295 prendo
1369 4221 1571 4295 prohendendo
1591 4221 1623 4278 F

344 4296 446 4365 ro'sed
465 4306 568 4377 inccpe
588 4300 620 4357 F
701 4307 733 4357 11
754 4300 864 4373 syllaba
882 4301 929 4357 uel
947 4301 1046 4358 littera
1066 4301 1130 4358 FP
1146 4301 1245 4358 litters
1263 4303 1310 4359 nel
1329 4303 1439 4374 syllaba
1458 4302 1485 4358 L
1570 4309 1603 4359 1³
1622 4321 1676 4361 nec

341 4389 417 4463 tote]
444 4387 523 4459 Verp.
547 4388 618 4443 Aen.
644 4383 671 4440 V
691 4387 748 4442 186
842 4388 876 4438 14
900 4383 1002 4440 deinde
1025 4387 1056 4440 ta
1079 4387 1176 4468 tamen
1199 4383 1228 4438 P
1246 4383 1313 4440 inde
1336 4387 1368 4439 ta
1385 4385 1483 4440 tamen
1502 4383 1534 4440 F
1553 4384 1625 4442 item
1644 4389 1676 4443 to

342 4523 484 4581 tamenL
546 4530 580 4580 16
600 4481 665 4580 dote
685 4520 783 4578 maino
801 4519 830 4576 P
899 4523 931 4574 11
951 4517 1141 4596 Victorinum]
1161 4523 1195 4578 de
1212 4527 1266 4577 rot.
1286 4524 1361 4576 metr.
1376 4534 1407 4589 p.
1427 4521 1495 4588 218,
1514 4523 1552 4576 21
1609 4481 1676 4580 {nte

343 4605 439 4662 cerina
454 4604 523 4675 LP,
542 4622 561 4661 v
580 4605 612 4660 a'ss
626 4603 653 4659 L
673 4603 762 4659 altera
782 4617 870 4656 mensa
887 4604 1085 4673 resperseripto,
1104 4606 1170 4662 tene
1189 4611 1222 4661 ut
1238 4605 1348 4660 vidden
1367 4602 1448 4671 (com.
1468 4617 1521 4657 ene
1538 4601 1581 4658 oet
1599 4607 1677 4676 ente)

259 4719 264 4726 -
343 4683 440 4741 carina
459 4683 490 4740 F
545 4691 577 4742 19
596 4683 702 4758 iecere]
722 4683 815 4739 iacere
835 4681 866 4736 F
918 4681 948 4737 in
968 4684 1046 4739 omni
1064 4715 1098 4727 -
1118 4691 1153 4742 22
1173 4685 1324 4758 synelipba
1342 4683 1440 4740 cml.
1496 4689 1531 4739 22
1550 4683 1678 4744 intendit

343 4783 414 4824 corr.
434 4769 476 4821 -at
494 4765 526 4820 F
610 4772 645 4822 26
665 4765 752 4836 pedes
771 4763 869 4821 dectil.
890 4765 920 4818 et
938 4763 1036 4834 spond.
1057 4765 1189 4838 improbe
1207 4766 1290 4822 foeda
1309 4766 1341 4820 at
1357 4763 1443 4836 primi
1462 4767 1608 4837 sequentis
1626 4785 1678 4839 par

344 4846 525 4920 synelipbam
545 4863 617 4918 quaa
637 4845 718 4903 obice
737 4847 921 4918 prospectans
940 4845 1038 4904 dectil.
1058 4849 1088 4903 et
1106 4849 1204 4920 spond.
1225 4847 1252 4902 L
1325 4853 1360 4902 30
1379 4844 1490 4904 licitum
1512 4845 1539 4901 P
