3602 5482
367 340 435 408 360
707 354 714 370 ·
949 338 1111 400 AVDAGIS
1211 339 1213 346 '

366 442 524 496 smum
593 439 597 446 ·

365 529 486 612 plenius
509 545 582 610 ergo
606 527 824 592 intendendum
849 538 896 592 est
919 531 1032 614 animo,
1061 538 1095 593 ut
1122 528 1196 592 baec
1224 528 1400 612 intellegere
1430 532 1581 614 possimus
1605 578 1613 593 .
1636 548 1694 591 uon

366 655 472 700 omues
499 644 602 720 partes
631 638 776 701 orationis
806 637 946 720 aequales
970 647 1042 702 sunt
1066 687 1073 701 .
1098 655 1167 702 nam
1196 657 1306 704 nomeu
1334 649 1366 704 et
1392 639 1518 730 verbum
1547 649 1579 704 et
1606 643 1694 722 parti·

366 747 479 828 eipinm
509 747 589 809 inter
619 755 722 828 partes
750 765 856 810 omnes
885 745 1051 830 excellunt3
1083 755 1203 811 ceterae
1231 747 1280 812 bis
1311 748 1492 833 adpendices
1521 747 1695 811 ridentur.

365 871 436 916 nam
459 863 491 918 et
513 871 680 938 pronomen
705 853 842 919 subiacet
865 857 994 938 nomini,
1018 864 1049 918 et
1072 856 1164 945 verbo
1189 860 1282 922 sarrit
1301 857 1476 922 adverbium
1496 907 1503 920 .
1523 856 1695 921 coniunctio

366 982 488 1046 quoque
507 970 538 1027 et
556 966 739 1047 praepositio
763 964 800 1027 ad
824 963 994 1028 eberrtelam
1018 968 1166 1030 maiorum
1188 971 1321 1049 paruum
1344 971 1499 1052 pertinent
1518 1016 1525 1032 .
1544 966 1601 1029 bae
1625 983 1695 1046 ergo
1719 979 1730 1020 ⁵

366 1081 483 1157 partes,
515 1090 592 1155 quae
616 1072 798 1156 adpendices
821 1082 907 1157 sunt,
936 1077 980 1137 siu
1007 1076 1171 1140 maioribus
1200 1075 1394 1161 copulantur,
1423 1083 1457 1140 ut
1485 1085 1638 1158 umquam
1666 1077 1695 1136 in

366 1199 457 1244 unam
479 1193 597 1264 partem
621 1184 767 1246 orationis
791 1181 974 1267 coalescant,
1003 1187 1160 1267 proprium
1189 1203 1262 1248 vero
1291 1186 1443 1267 festigium
1471 1185 1613 1268 perdant,
1637 1200 1694 1245 nou

365 1307 471 1354 omnes
494 1290 663 1374 dumtaxat,
687 1290 740 1354 sed
763 1291 927 1376 pleraeque
952 1341 958 1356 .
982 1292 1122 1358 adverbia
1146 1312 1242 1377 pauca
1265 1294 1416 1375 fastigium
1440 1295 1596 1376 emittunt,
1620 1309 1694 1374 quae

341 1373 437 1463 ⁸suut
460 1399 610 1483 loeorunr,
633 1398 754 1482 quando
777 1402 982 1465 confirmativa
1006 1413 1078 1466 suut
1102 1451 1108 1466 .
1133 1421 1201 1466 nam
1225 1405 1251 1466 si
1275 1404 1487 1483 interrogativa
1511 1403 1640 1484 fuerint,
1663 1409 1695 1461 ut

365 1517 412 1569 est
436 1503 523 1590 ‘quo
547 1518 596 1592 te,
619 1509 745 1592 Moeri,
769 1504 919 1592 pedes?'
943 1519 974 1574 et
993 1505 1080 1592 ‘quo
1105 1511 1216 1596 fugis,
1239 1505 1398 1574 ileneai'
1417 1519 1449 1573 et
1468 1504 1545 1591 ‘qui
1565 1527 1693 1591 genus,
1706 1525 1728 1564 u

365 1614 459 1678 uude
488 1612 630 1680 domoi'
658 1627 689 1681 et
718 1613 850 1700 ‘quove
882 1622 937 1683 ire
970 1618 1092 1702 iubes,
1125 1618 1187 1682 ubl
1215 1637 1352 1702 ponere
1381 1614 1539 1702 sedes?’‚
1567 1621 1693 1681 eircum-

365 1724 530 1789 fieetuutur
561 1724 608 1789 rel
642 1733 794 1790 acuuntur
822 1730 904 1791 iuxta
931 1727 1053 1811 regulas
1081 1747 1158 1810 quae
1190 1728 1362 1811 praedictae
1393 1737 1466 1792 sunt
1496 1775 1503 1790 .
1535 1729 1562 1790 si
1595 1737 1693 1790 autem

366 1833 573 1898 confirmativa
596 1835 713 1898 luerint
733 1835 838 1898 eadem
861 1836 1014 1915 adverbia,
1038 1836 1258 1921 parabuntur,
1280 1845 1315 1901 ut

573 1943 651 2028 ille,
674 1943 788 2028 vides,
813 1961 903 2026 pura
926 1947 1075 2010 invenis
1098 1947 1162 2027 qui
1185 1947 1323 2009 nititur
1346 1945 1450 2010 basta
1475 1995 1482 2009 .

364 2053 413 2116 bic
433 2055 513 2118 enlm
533 2048 610 2135 ‘qui’
629 2071 797 2137 pronomen
817 2072 938 2136 gravem
957 2057 1050 2118 sumit
1068 2063 1242 2139 accentum,
1267 2058 1336 2138 quia
1356 2073 1416 2119 uon
1434 2056 1692 2138 interrogativum,
1705 2035 1744 2110 ιε’

364 2161 418 2224 sed
439 2156 443 2245 Ι
465 2163 706 2225 confirmativum
734 2170 781 2225 est
809 2210 816 2224 .
845 2161 985 2227 adverbia
1013 2164 1217 2227 confirmativa
1250 2173 1336 2248 sunt,
1369 2172 1403 2227 ut
1435 2158 1567 2245 ‘genus
1601 2163 1692 2227 unde

364 2264 553 2334 Latinum'
577 2279 608 2334 et
631 2269 719 2348 illud,

530 2390 588 2443 est
611 2380 685 2463 bio,
708 2387 765 2444 est
788 2382 928 2444 animus
952 2380 1049 2444 lucis
1072 2390 1308 2464 contemptor
1331 2391 1368 2445 et
1390 2384 1500 2446 istum

526 2491 589 2571 qui
612 2491 688 2552 rita
710 2489 803 2553 bene
827 2489 955 2554 credat
978 2493 1064 2575 cml,
1087 2509 1158 2574 quo
1183 2491 1320 2574 tendis,
1343 2489 1522 2554 bonorem
1546 2539 1554 2554 .

362 2597 413 2660 bie
436 2615 510 2680 ergo
534 2606 566 2661 et
589 2593 694 2662 ‘unde'
718 2607 750 2662 et
772 2593 857 2681 ‘quo’
880 2610 913 2662 et
936 2594 1021 2684 ‘qui’,
1051 2602 1121 2681 quia
1150 2601 1354 2664 confirmativa
1384 2609 1471 2682 sunt,
1500 2607 1664 2681 gravantur
1685 2610 1728 2662 .²⁰

366 2706 419 2770 sed
447 2705 521 2770 baec
553 2708 584 2768 iu
616 2707 848 2790 pronominibus
876 2717 906 2772 et
935 2707 1084 2771 adverbiis
1116 2727 1211 2790 panea
1245 2717 1330 2793 sunt,
1362 2711 1394 2772 in
1427 2707 1692 2772 coniunctionibus

364 2816 450 2898 plura
470 2865 477 2880 .
497 2835 566 2879 nam
586 2817 771 2900 copulativae
795 2826 827 2881 et
850 2818 1048 2882 disiunctirae
1072 2835 1167 2900 prope
1191 2836 1297 2882 omues
1320 2826 1482 2899 gravantur
1502 2816 1692 2900 ,expletivae

363 2925 467 3008 plures
486 2926 603 3008 lastigie
622 2930 757 2990 retinent
777 2977 783 2990 .
803 2926 938 2990 causales
957 2934 1059 2989 autem
1077 2935 1108 2988 et
1128 2926 1289 2992 rationales
1304 2926 1449 3008 quaedam
1469 2943 1539 2988 cum
1559 2926 1692 3008 fastigiis,

363 3032 436 3098 aliae
465 3037 548 3116 gravi
577 3046 704 3099 accentu
733 3036 959 3118 deprimuntur,
992 3031 1073 3118 quod
1105 3037 1136 3098 in
1169 3039 1415 3118 pronuntiatione
1448 3035 1691 3119 deprehendes.

363 3146 603 3228 praepositiones
621 3162 694 3208 rero
713 3162 819 3208 omnes
837 3147 903 3208 sine
923 3144 1042 3226 fastigio
1062 3152 1155 3207 sunt.
1175 3163 1247 3208 saue
1268 3145 1432 3210 notandum
1451 3153 1499 3208 est
1517 3144 1691 3208 adverbium
1703 3157 1725 3199 2⁵

363 3356 581 3372 ιιι-η*-

455 3500 708 3576 tintendeudum]
727 3502 896 3582 intuendum
916 3501 947 3558 F
1017 3506 1051 3580 ut
1068 3503 1139 3559 haee
1169 3501 1338 3574 intellegere
1365 3502 1505 3574 possimus
1527 3501 1557 3558 B
1581 3504 1615 3557 ut
1640 3502 1691 3557 bac

362 3582 529 3656 intellegere
547 3601 697 3656 possumus
713 3584 751 3640 M
767 3587 800 3640 ut
813 3589 865 3641 aut
877 3583 1008 3640 iutellere
1022 3585 1163 3656 possimus
1177 3583 1209 3639 F
1280 3583 1349 3655 nou]
1364 3601 1431 3640 uam
1446 3583 1485 3639 M
1556 3588 1691 3654 bappen-

363 3663 439 3722 dioes
458 3682 520 3722 esse
539 3666 672 3724 videntur
691 3666 856 3733 Muellerus,
874 3663 1045 3736 appendices
1064 3681 1125 3722 esse
1144 3665 1278 3723 uidentur
1296 3665 1381 3721 coda
1394 3663 1540 3722 Ledeue&
1553 3685 1563 3718 .-
1575 3665 1692 3732 fortcrac

362 3755 533 3828 adpendices
557 3757 699 3813 habentur
771 3754 871 3812 uident
895 3753 926 3810 F
996 3762 1014 3810 4
1038 3742 1143 3813 ser'u'iet
1167 3755 1198 3811 F
1274 3761 1290 3811 5
1314 3754 1488 3812 clientellum
1513 3755 1551 3810 M
1555 3754 1587 3810 F
1608 3754 1692 3811 clien-

362 3836 450 3894 taiem
468 3837 497 3894 B
569 3838 722 3911 maiorum]
741 3837 882 3894 mulmm
901 3834 932 3891 F
1003 3836 1058 3893 bae
1077 3853 1144 3910 ergo
1164 3836 1196 3893 F
1212 3838 1284 3895 baso
1302 3853 1370 3910 ergo
1389 3837 1418 3892 B
1436 3838 1489 3894 bec
1509 3853 1577 3910 ergo
1601 3837 1639 3892 M

362 3926 378 3975 'i
399 3922 564 3978 ooaleseuut
583 3923 622 3979 M
693 3921 840 3995 proprium
858 3935 926 3975 uero
946 3917 978 3974 F
992 3925 1019 3976 et
1037 3920 1123 3976 codex
1141 3919 1299 3990 Masis,
1318 3921 1465 3994 proprium
1484 3935 1552 3992 ergo
1570 3919 1645 3974 ΒΜ

361 4001 483 4072 perdant
496 4019 547 4061 em.
564 4005 609 4072 M,
624 4005 689 4064 add.
704 4003 746 4060 B:
760 4003 883 4076 perdnut
893 4031 927 4042 -
937 3999 1028 4072 penca
1042 4001 1189 4073 festigium
1202 4004 1235 4058 a'rr
1248 4019 1335 4076 marg.
1351 4003 1416 4060 odd.
1431 4001 1463 4058 F
1533 4007 1550 4057 8
1564 3999 1692 4074 plerique

363 4083 400 4136 M
472 4084 612 4142 amittunt
636 4086 806 4152 Muellerus,
833 4081 990 4138 admittunt
1016 4083 1089 4138 ΒΜ
1093 4081 1124 4138 F
1149 4089 1176 4140 ct
1202 4085 1288 4141 ceder
1310 4084 1456 4141 mass
1528 4079 1691 4153 equando]

362 4170 410 4236 qffi
429 4165 462 4222 F
534 4174 567 4224 10
586 4185 643 4239 quo
661 4170 691 4224 te
711 4181 807 4224 moero
826 4163 857 4219 F
875 4178 930 4234 quo
956 4165 986 4219 te
1005 4162 1114 4220 moueri
1133 4165 1172 4220 M
1194 4169 1223 4222 te
1247 4165 1356 4222 moueri
1374 4165 1417 4221 B:
1441 4162 1520 4236 Verp.
1540 4165 1628 4220 bucol.
1648 4169 1690 4232 9‚1

397 4265 454 4318 quo
472 4248 561 4323 fugis]
586 4249 667 4321 Vcrg.
686 4251 756 4306 Aera.
778 4247 810 4302 X
828 4251 883 4301 649
956 4243 1007 4314 qui
1029 4259 1119 4315 genua
1141 4246 1215 4301 ΒΜ
1238 4248 1315 4320 qnod
1338 4263 1428 4319 genus
1452 4246 1497 4302 F:
1521 4244 1601 4316 Verg.
1622 4245 1691 4300 Aere.

368 4326 457 4385 VIII
473 4336 528 4387 114
602 4337 634 4387 11
655 4329 753 4402 domo]
773 4328 860 4385 domu
881 4325 919 4381 M
990 4326 1094 4398 quoae]
1121 4325 1199 4399 Verg.
1216 4331 1286 4385 Aere
1303 4328 1368 4384 III
1379 4334 1420 4385 88
1492 4325 1586 4398 sedes]
1607 4327 1692 4382 debes

362 4411 398 4467 Μ
473 4419 506 4468 12
525 4411 636 4485 sutem]
655 4415 706 4468 aut
723 4410 756 4467 F
828 4411 1037 4480 regradantur
1056 4406 1088 4462 F
1160 4414 1194 4464 14
1212 4409 1273 4482 ille]
1292 4409 1379 4481 Verg.
1397 4411 1469 4466 Aen.
1495 4403 1543 4461 VI
1560 4411 1618 4463 760

363 4498 396 4549 te
416 4495 494 4567 suut]
515 4494 573 4552 siut
591 4494 619 4550 Β
700 4491 802 4565 mum]
832 4489 912 4560 Vero.
936 4492 1006 4546 Acar.
1032 4490 1090 4546 Ie
1175 4496 1208 4547 18
1228 4495 1273 4547 est
1300 4491 1346 4546 bic
1375 4491 1451 4546 enim
1479 4487 1591 4545 murus
1620 4488 1690 4545 lucis

361 4580 524 4648 quotamtor
543 4579 573 4632 et
591 4576 677 4632 istum
698 4573 729 4630 F
745 4577 790 4630 est
812 4572 860 4628 bio
887 4569 963 4627 euim
991 4570 1102 4628 anirum
1125 4571 1197 4628 lucis
1217 4589 1274 4643 quo
1293 4573 1510 4644 temptoreetum
1529 4568 1567 4624 Μ
1583 4572 1628 4625 est
1647 4567 1692 4624 bie

362 4659 437 4715 enim
455 4675 566 4714 ammus
590 4656 661 4712 lueis
685 4672 742 4728 quo
764 4655 891 4725 temptor
915 4655 978 4709 estu
1002 4652 1044 4708 Bc
1070 4652 1149 4724 Verg.
1168 4655 1238 4708 Aera.
1265 4651 1376 4708 VIIII
1392 4656 1451 4709 203
1526 4657 1559 4706 aa
1584 4647 1690 4707 uitsB

361 4737 423 4794 uiti.
445 4739 476 4793 F
497 4739 589 4795 uitam
614 4741 652 4797 M
728 4737 784 4795 emi
809 4736 847 4792 M
869 4734 916 4792 eni
938 4734 966 4790 B
991 4751 1027 4790 en
1051 4734 1082 4791 F
1153 4742 1188 4790 2³
1211 4732 1319 4806 plures]
1344 4731 1469 4804 plurales
1492 4731 1524 4787 F
1595 4733 1692 4788 antem

362 4824 412 4876 ant
426 4820 457 4874 F
527 4821 624 4877 sedam
639 4837 703 4877 eam
717 4819 829 4890 fastigia
846 4819 883 4873 M
896 4839 905 4871 .·
918 4818 1035 4885 soriam
1049 4817 1190 4887 quaedam
1205 4833 1269 4872 cum
1283 4814 1401 4887 fastigio
1415 4815 1482 4870 suut
1555 4817 1591 4868 24
1605 4811 1690 4885 alise]

362 4901 426 4958 eliis
445 4900 476 4957 F
547 4900 742 4974 deprimentur
760 4899 788 4955 Β
862 4896 1071 4971 depraeceudas
1092 4897 1130 4953 M
1201 4903 1236 4953 tt
1256 4893 1424 4952 adverbium
1442 4909 1494 4952 nor.
1515 4894 1555 4951 M
