3602 5482
605 347 675 406 hRS
695 345 946 408 summamus
1370 345 1436 414 379

107 462 129 502 ῐι.
143 453 163 495 9.
179 453 208 494 10
221 451 253 494 Η.

199 538 313 602 Graeca
336 539 471 620 nomina,
495 539 521 599 si
544 537 640 600 isdem
664 537 775 602 litteris
798 538 1007 621 proferentur,
1030 554 1155 617 graecos
1179 545 1323 600 accentus
1346 533 1437 598 hahe-

107 649 193 713 hunt.
239 665 309 710 nam
333 655 452 709 etcum
476 645 605 710 dicimus
627 647 741 727 dirutos
765 649 855 736 Nais,
878 654 1001 708 acutum
1020 646 1146 708 habehit
1162 648 1314 728 posterior
1333 663 1437 708 aecen-

108 743 205 839 tum,'
224 764 256 819 et
292 774 361 818 cnm
399 754 548 818 themisto
585 757 730 836 Calypso,
768 755 905 819 ultimam
937 753 1135 817 circumflecti
1168 756 1318 838 ridemus3
1357 752 1439 836 quod

107 876 273 948 utrumque
296 863 408 927 latinus
433 881 533 926 sermo
557 863 623 926 non'
641 868 769 948 patitur,
798 866 856 928 nisi
880 860 1041 925 admodum
1064 881 1133 926 raro
1158 859 1163 945 Ι
1189 883 1297 928 sensus
1326 863 1438 926 discer-

81 973 201 1036 ⁵nendi
224 977 333 1056 gratia,
363 981 398 1036 ut
421 973 555 1035 occurrit
585 990 658 1054 ergo
690 975 878 1056 coniunctio,
911 952 950 1034 in¹
974 989 1033 1052 qua
1064 975 1215 1054 posterior
1246 972 1439 1036 circumflexa

107 1080 356 1164 deprehenditur.
407 1083 480 1144 item
511 1071 687 1145 adverbium
719 1100 798 1164 pone
830 1081 1000 1164 posteriore
1030 1090 1152 1144 acutum
1181 1083 1305 1164 recipit,
1332 1100 1370 1144 ne
1400 1083 1440 1144 sit

108 1188 245 1252 rerhum.
782 1251 791 1257 ,.

199 1299 255 1364 Est
290 1311 389 1364 autem
428 1300 524 1362 iorma
562 1300 641 1362 acuti
680 1306 823 1361 accentus
857 1297 870 1360 1
904 1297 1024 1380 obliqua
1062 1299 1093 1360 in
1130 1307 1247 1380 partem
1284 1299 1464 1363 dexteram

107 1408 273 1491 scandens,
295 1410 394 1490 gravis
413 1417 556 1470 accentus
575 1407 672 1469 iorma
692 1407 714 1468 I
728 1409 851 1484 oditque
871 1409 902 1468 in
919 1415 1042 1486 portem
1062 1408 1224 1470 dexterum
1243 1407 1440 1472 descendens.

73 1516 339 1581 ncircumilexum
364 1517 500 1598 designat
523 1523 681 1601 accentum
706 1514 728 1578 C
753 1515 896 1579 deorsum
925 1525 1074 1598 spectans.
1124 1514 1248 1599 longum
1281 1527 1441 1582 accentum

108 1635 283 1690 transversa
306 1624 320 1687 1
342 1625 442 1689 littera
466 1631 586 1708 notant,
609 1622 732 1687 hrevem
751 1622 774 1686 C
794 1642 917 1686 sursum
936 1632 1101 1706 spectante.
1138 1625 1191 1688 sed
1211 1626 1320 1690 inillis
1340 1646 1441 1709 sonos,

107 1738 139 1798 in
168 1735 218 1798 his
247 1743 382 1816 tempora
406 1733 600 1796 dinoscimus.
647 1733 860 1814 aspirationem
889 1730 915 1792 H
944 1733 1095 1816 adscripta
1122 1734 1301 1818 praestabit3
1334 1738 1360 1798 si
1390 1736 1441 1798 ad·

108 1846 224 1926 scripta
239 1861 300 1907 non
315 1845 383 1926 erit,
406 1845 583 1906 siccitatem.
629 1841 677 1904 his
701 1839 835 1903 adiciunt
858 1839 993 1924 hyphen,
1017 1860 1087 1903 cum
1111 1841 1171 1905 diro
1195 1843 1285 1906 verba
1305 1847 1392 1926 quasi
1409 1847 1441 1908 in

108 1970 207 2014 unum
230 1953 477 2034 pronuntiatione
501 1950 684 2033 colligimus,
713 1958 744 2012 et
767 1950 895 2012 iormam
923 1949 989 2012 eius
1017 1949 1095 2013 hanc
1124 1951 1252 2015 iaciunt:
1282 1954 1442 2035 utriusque

204 2162 297 2222 codes
315 2161 517 2234 δσαραίλιπιίι.
555 2167 571 2218 2
591 2161 697 2234 Thyias
717 2159 801 2230 Nais,
820 2159 885 2215 ι’ῖαιι
903 2158 1022 2216 habehit
1040 2165 1065 2217 et
1084 2160 1232 2219 Themisto
1247 2162 1371 2236 Calypso
1390 2181 1441 2221 om.

145 2249 281 2303 secutum
354 2244 483 2302 iiiorma
501 2264 653 2316 σημισνται
670 2251 742 2314 πρός
765 2242 777 2297 Ι
803 2243 907 2312 πλαγιό
930 2260 1007 2298 ειστο
1025 2263 1112 2314 papus
1129 2244 1242 2311 τοδιξιό
1267 2245 1442 2303 descendens

108 2327 285 2481 deppenyppps
361 2333 394 2383 10
413 2325 559 2399 spectans]
578 2328 757 2401 spectantum
832 2329 863 2377 11
884 2340 970 2380 sonus
1045 2330 1078 2380 12
1097 2323 1235 2396 asscripta
1248 2330 1366 2397 utroque
1383 2327 1442 2382 ioco

203 2616 237 2666 12
256 2608 368 2667 dinosci
387 2607 516 2666 ridemus
529 2606 677 2663 Diomedes
691 2623 722 2677 p.
737 2608 831 2675 4345,
849 2606 923 2677 qnod
942 2606 1037 2678 λιςίιοτ
1055 2603 1166 2662 υίδιῖνν
1183 2609 1391 2679 ρισαιιιιαῖίςιιι,
1409 2615 1442 2666 ut

108 2694 141 2750 ιἰι
158 2694 269 2766 praecio
285 2691 462 2748 madum
478 2691 517 2746 ott
535 2683 730 2760 γινώσκεσθαι
749 2681 863 2758 δρύμιν

207 2964 256 3036 Τά
279 2960 437 3052 ἑλληνικά
467 2959 632 3052 ὀνόματα,
662 2961 723 3032 ἐὰν
751 2975 822 3042 τοῖς
852 2958 968 3043 αὐτοῖς
995 2960 1191 3052 γράμμασιν
1219 2967 1440 3056 προφέρηται,

111 3073 289 3164 ἕλληνιιιάς
316 3075 510 3164 προσῳδίας
539 3071 685 3153 ἕξουσιν.
734 3070 790 3139 καὶ
818 3068 883 3158 γάρ
912 3066 996 3140 ὅταν
1030 3071 1181 3162 λέγοιμεν
1209 3073 1316 3157 Θνιός
1342 3081 1441 3164 Ναίς,

108 3185 174 3274 τὴν
198 3183 312 3268 ὀξεῖαν
337 3184 403 3266 ἕξει
425 3177 447 3270 ἡ
471 3177 596 3267 ύστίρα
619 3181 827 3270 προσῳδίαν,
850 3178 907 3247 καὶ
931 3175 977 3260 ἀς
1000 3185 1153 3269 Θεμιστῶ
1176 3186 1347 3270 Καλυψοῖ,
1376 3181 1440 3272 τὴν

26 3295 33 3306 “
109 3299 307 3367 τελευταίαν
335 3292 566 3380 περισπᾶσθαι
595 3284 740 3376 ὁρῶμεν,
770 3283 853 3373 ὅπερ
882 3285 1041 3374 ἑκάτερον
1065 3286 1084 3359 ὁ
1110 3299 1115 3376 Ι
1141 3289 1311 3382 ρἀμαιιιδς
1339 3291 1441 3381 λόγος

70 3437 83 3480 a
111 3402 176 3475 ούιι
201 3401 404 3491 ἐπιδέχεται,
428 3402 459 3467 εἰ
481 3394 526 3487 μὴ
550 3395 642 3465 πάνυ
667 3393 795 3485 ἀραιοῖς
819 3393 918 3484 χάριν
942 3400 1004 3466 τοῦ
1025 3401 1151 3468 διελεῖν
1173 3397 1235 3470 τὸν
1258 3403 1357 3488 νούν,
1396 3399 1441 3484 ὡς

109 3512 245 3602 ἀπαντᾷ
267 3507 287 3580 ό
313 3534 385 3598 ergo
409 3505 615 3595 σύνδεσμος,
646 3505 683 3574 έν
711 3493 783 3596 ᾦὴ
807 3509 981 3574 τελευταία
1008 3509 1246 3598 περισπωμένη
1273 3517 1441 3600 καταλαμ-

109 3622 265 3712 βάνεται·
289 3615 416 3708 ὁμοίως
439 3611 484 3696 ἀς
506 3612 545 3683 τὸ
570 3616 737 3703 ἐπίρρημα
761 3638 839 3702 pone
870 3616 911 3703 τῇ
940 3610 1064 3708 ὑστέρῳ
1088 3611 1202 3699 ὀξεῖαν
1230 3614 1441 3708 ἀναδέχεται,

110 3736 169 3802 ἵνα
195 3727 240 3820 ei
264 3737 316 3816 eiu
341 3727 441 3816 iius

191 3837 311 3910 Ἔστιν
335 3835 374 3906 δὲ
398 3846 539 3924 σημεῖον
563 3836 622 3922 τῆς
646 3830 756 3916 ὀξείας
777 3836 972 3926 προσῳδίας
994 3839 1008 3902 1
1030 3833 1178 3924 πλάγιον
1206 3839 1254 3918 εἰς
1277 3833 1315 3907 τὸ
1340 3838 1441 3927 μέρος

73 3947 226 4036 ιοδεξιὸν
250 3943 458 4034 ἀναβαῖνον,
486 3929 550 4032 ’τῆς
580 3947 718 4030 βαρείας
741 3945 935 4036 προσῳδίας
959 3957 1100 4033 σημεῖον
1124 3950 1137 4013 1
1160 3942 1306 4033 πλάγιον
1330 3949 1378 4027 είς
1400 3945 1438 4016 τὸ

109 4063 214 4152 μέρος
239 4053 279 4126 τό
307 4050 422 4138 δεξιὸν
452 4056 670 4139 καταβαῖνον.
714 4049 778 4140 τὴν
801 4055 1062 4142 πιρισπωμίνην
1087 4057 1284 4144 σημειούται
1307 4073 1439 4147 προσῳ·

110 4175 192 4240 δίαν
212 4171 236 4236 C
253 4161 343 4235 πότοι
366 4161 504 4251 βλέπον.
548 4156 610 4247 τὴν
634 4156 766 4247 μακρὰν
789 4164 987 4252 προσῳδίαν
1009 4168 1139 4256 πλαγίῳ
1162 4167 1209 4256 τῷ
1234 4169 1246 4232 1
1269 4161 1440 4252 γρόμματι

110 4277 348 4368 σημειοῦνται,
370 4277 534 4360 βραχεῖαν
553 4273 575 4336 C
594 4265 667 4337 ἀνα
690 4267 858 4355 βλέποντι.
896 4265 970 4338 ἀλλ’
992 4271 1030 4339 έν
1049 4273 1191 4352 έκείνοις
1208 4269 1288 4352 τούς
1304 4273 1439 4358 τόνους,

110 4390 148 4458 έν
175 4383 312 4466 τούτοις
344 4377 425 4462 τούς
457 4377 603 4469 χρόνους
633 4375 872 4465 γινώσκεσθαι.
927 4375 990 4466 τήν
1029 4381 1169 4448 δασεῖαν
1201 4378 1239 4450 τὸ
1276 4385 1303 4447 Η
1335 4401 1439 4469 προσ-

72 4525 98 4568 ss
111 4493 349 4586 γεγραμμένον
371 4490 522 4579 παρέχει·
547 4485 606 4558 έάν
631 4485 669 4556 δὲ
693 4482 738 4574 μὴ
762 4493 813 4573 εἴη
837 4489 1172 4577 προσγεγραμμένον,
1195 4485 1299 4576 ψιλὴν
1323 4487 1439 4576 ξηρόν.

110 4603 251 4685 ταύταις
278 4599 554 4690 προσβάλλουσιν
580 4593 645 4684 τὴν
673 4591 772 4683 ύφέν,
801 4589 902 4664 ὁπότε
933 4593 995 4665 δύο
1024 4594 1156 4686 βήματα
1185 4593 1230 4678 ὡς
1257 4601 1305 4678 είς
1333 4601 1371 4668 ἓν
1398 4603 1440 4690 τῇ

203 4827 220 4878 h
240 4819 335 4892 χάριν]
356 4837 430 4890 παρα
506 4821 539 4870 10
558 4811 689 4886 σημεῖον]
709 4805 860 4884 σημιονιαι
878 4817 953 4882 πρός
971 4817 1003 4867 stt
1020 4813 1145 4881 videtum,
1164 4813 1252 4870 deleto
1270 4835 1286 4886 ρ
1305 4815 1399 4872 littero

113 4911 145 4962 lh
165 4903 225 4976 eda]
245 4922 271 4960 ιι

1168 4987 1224 5042 25*
