3564 5482
593 353 665 412 Ans
684 353 935 414 GRAMMATIOA
1360 349 1427 418 387

89 461 251 513 numm

185 545 322 629 Syllabas
352 554 404 609 aut
432 553 540 607 nature
568 543 675 626 longae
704 555 777 608 sunt
799 552 852 608 ant
874 545 1033 626 positione.
1080 552 1187 605 nattna
1210 541 1318 624 longae
1341 541 1427 624 liunt,

91 677 163 722 euna
195 654 331 738 singulae
356 651 473 716 vocales
496 652 613 716 litterae
638 655 862 737 producuntur,
887 662 920 716 ut
944 671 961 714 a
985 661 1015 714 et
1039 669 1069 734 e,
1092 661 1144 714 ant
1172 669 1242 714 eum
1271 650 1362 734 duae,
1391 659 1426 713 ut

92 786 146 850 ua,
170 771 402 846 antemnas,
426 769 461 824 nt
475 778 545 825 uae:
569 763 718 843 positione
734 774 849 846 autem,
872 779 942 824 eum
966 770 1105 843 correpta
1128 758 1240 823 vocalis
1264 769 1427 842 sequentes

91 875 185 938 babet
208 874 284 937 duas
307 878 522 952 consonantem
556 879 587 933 et
614 870 669 934 hae
698 868 751 936 aot'
777 875 808 935 in
838 871 944 935 eadem
973 867 977 952 Ι
1008 867 1118 952 syllaba
1151 871 1360 952 inveniuntur,
1393 877 1427 931 nt

66 1003 157 1067 sans,
181 985 283 1046 autin
302 981 453 1064 proxime,
476 988 510 1042 ιιι
529 982 640 1056 amnis,
663 989 717 1044 aut
738 983 769 1044 in
789 981 864 1044 (luas
883 979 1010 1062 syllabas
1030 977 1156 1062 dlvisae,
1179 987 1214 1042 ut
1236 997 1326 1041 arnna.
1373 977 1426 1040 sad

96 1103 126 1156 et
158 1089 268 1174 duplex
298 1089 398 1153 littera
422 1107 441 1152 x
464 1087 593 1153 duarum
621 1093 851 1155 consonantium
875 1090 940 1154 loco
966 1091 1116 1172 iungitur:
1143 1087 1217 1151 haee
1247 1105 1367 1170 qnoque
1397 1096 1428 1150 et

91 1205 122 1266 in
155 1200 261 1263 eadem
290 1196 400 1281 syllaba
430 1197 507 1261 solet
534 1215 616 1282 esso,
650 1205 684 1260 ut
714 1217 787 1280 nox,
820 1206 851 1261 et
879 1200 910 1261 ln
938 1199 1088 1280 proxima,
1121 1206 1155 1261 ut
1185 1198 1257 1258 axis.
1295 1198 1368 1259 item
1397 1206 1428 1259 et

91 1309 206 1374 vocalis
229 1309 296 1372 loeo
320 1308 515 1372 consonantis
538 1307 634 1388 posita
640 1355 650 1387 ,
673 1315 708 1370 nt
730 1325 837 1371 servus
860 1308 1000 1370 iniustus.

450 1537 512 1606 Du
537 1537 831 1608 COMMVNIBVS
856 1536 1069 1607 SYLLABIS

58 1699 80 1738 ¹⁰
186 1689 370 1753 Communes
409 1687 537 1772 syllabae
576 1690 652 1753 liunt
689 1689 785 1752 modis
819 1687 889 1752 llll:
926 1690 1038 1772 primo,
1076 1690 1103 1751 sl
1140 1697 1280 1772 eoroepta
1319 1688 1428 1751 vocalis

94 1801 265 1883 excipiatur
301 1817 318 1859 a
355 1796 472 1860 duabus
510 1793 760 1881 consonantibus,
798 1815 927 1880 quarum
965 1799 1049 1880 prior
1086 1799 1125 1860 sit
1162 1807 1259 1882 muta,
1297 1816 1428 1880 sequens

94 1907 217 1990 liquida.
264 1905 366 1969 brevis
390 1908 471 1968 enim
495 1915 542 1970 est
564 1908 596 1969 in
620 1907 688 1991 boe,

329 2023 416 2078 tone
441 2014 708 2097 Clytemestrae
734 2015 894 2079 foedasti
918 2017 1060 2078 viscera
1084 2016 1198 2100 [ουτος

93 2127 185 2210 longa
209 2133 311 2189 sutem
334 2127 365 2187 in
390 2124 461 2210 hoe,

59 2241 82 2282 1⁵
316 2232 482 2318 Cyclops,
505 2234 690 2297 Aetnaeus
714 2232 850 2317 cultor,
873 2231 1056 2315 Neptunia
1079 2233 1211 2315 proles.

95 2357 126 2409 at
148 2347 176 2408 si
201 2343 278 2407 duae
303 2351 505 2406 consonantes
528 2345 560 2405 in
584 2343 659 2406 duas
684 2341 811 2424 syllabas
835 2343 950 2406 luerint
968 2342 1095 2424 divisae,
1119 2360 1179 2405 non
1199 2343 1233 2406 lit
1251 2347 1430 2428 eommunis,
1492 2401 1498 2416 ,

96 2469 316 2484 ,,,,.........-.-

188 2519 282 2578 (lodex
300 2517 501 2590 Souyollensis.
549 2518 617 2574 sat
634 2518 684 2591 os]
704 2517 758 2574 alit
775 2535 813 2574 os
895 2517 1079 2576 bnoeelibus
1163 2521 1232 2575 but
1250 2524 1316 2576 onte
1335 2519 1426 2576 amnis

95 2610 119 2661 et
138 2607 206 2660 astte
225 2617 305 2658 ame
323 2616 375 2657 οιιι.
450 2600 519 2656 θυι
536 2603 601 2656 onte
620 2616 717 2655 servus
736 2615 787 2656 οιιι.
865 2607 897 2657 ιο
916 2600 1054 2658 ssthneus

187 2771 204 2820 9
223 2763 272 2819 DE
292 2761 537 2821 COMMVNIBVS
558 2761 750 2837 SYLLABIS]
770 2763 880 2822 Cboaae.
898 2782 926 2836 p.
946 2769 1131 2834 sant-m

189 3004 238 3070 At
270 3001 438 3089 συλλαβαὶ
465 2996 487 3090 ἢ
520 2999 622 3090 φύσει
655 3005 784 3090 μακραί
814 3004 902 3070 εἰσιν
933 2997 953 3090 ἢ
985 3003 1092 3071 θέσει.
1139 2999 1243 3092 φύσει
1273 3007 1430 3090 γίνονται

95 3113 240 3198 μακραί,
269 3105 353 3179 ὅταν
376 3108 569 3199 καταμόνας
591 3108 632 3180 τὰ
662 3109 843 3200 φωνήεντα
871 3109 1050 3199 γράμματα
1079 3111 1284 3199 ἐκτείνηται,
1318 3107 1363 3192 ὡς
1390 3109 1429 3180 τὸ
1500 3136 1502 3140 ’
1586 3097 1591 3112 ’

95 3243 116 3286 ιι
140 3217 207 3287 καὶ
231 3244 265 3306 e,
288 3212 310 3307 ἢ
335 3215 419 3288 ὅταν
445 3217 525 3307 δύο,
549 3215 594 3300 ὡς
616 3217 654 3290 τὸ
680 3243 732 3309 na,
755 3213 777 3309 ἢ
802 3216 886 3289 ὅταν
908 3223 1001 3309 τρία,
1030 3215 1076 3302 ὡς
1097 3216 1135 3289 τὸ
1160 3239 1230 3287 uae·
1259 3211 1355 3290 θέσει
1380 3221 1430 3306 δι’,

95 3323 180 3396 ὅταν
215 3329 490 3416 συνεσταλμένον
522 3329 662 3415 φωνῆεν
691 3326 919 3417 ἐπιφερόμενα
949 3333 1006 3419 ἔχη
1031 3335 1036 3412 1
1063 3327 1126 3399 δύο
1158 3326 1341 3418 σύμφωνα·
1374 3328 1430 3398 καὶ

69 3439 202 3515 ιταῦτα
226 3430 248 3525 ἢ
274 3435 310 3504 ἐν
333 3438 374 3526 τῇ
399 3433 483 3527 αὐτῇ
503 3439 655 3528 συλλαβῇ
680 3433 884 3525 εὑρίσκεται,
909 3432 954 3520 ὦς
972 3434 1010 3508 τὸ
1029 3462 1093 3527 ars,
1116 3432 1137 3525 ἢ
1158 3439 1195 3506 έν
1214 3441 1254 3528 τῇ
1272 3444 1431 3527 πλησίον,

96 3540 144 3626 ὡς
166 3541 205 3614 τὸ
230 3555 344 3628 omnis,
368 3537 389 3634 ἢ
413 3549 464 3627 είς
488 3543 551 3614 δύο
577 3545 748 3633 συλλαβὰς
773 3547 986 3636 διῃρημένα,
1000 3542 1045 3628 ὡς
1067 3543 1105 3616 τὸ
1130 3571 1229 3616 αναιο.
1263 3543 1348 3616 ἀλλὰ
1372 3549 1429 3616 καὶ
1537 3583 1539 3588 ’

94 3651 134 3722 τὸ
160 3655 308 3722 διπλοῦν
337 3667 505 3742 στοιχεῖον
535 3680 553 3722 x
584 3651 647 3723 δύο
676 3653 875 3742 συμφώνων
903 3654 995 3746 τόπῳ
1020 3662 1225 3745 λειτουργεῑ,
1248 3656 1305 3725 καί
1328 3659 1430 3727 τοῦτο

97 3759 136 3832 δὲ
164 3760 221 3830 καὶ
250 3761 288 3831 έν
317 3766 358 3854 τῇ
387 3759 473 3853 αὐτῇ
503 3767 655 3854 συλλαβῇ
685 3770 810 3832 εἴωθεν
838 3759 943 3850 εἶναι,
976 3759 1024 3845 ὦς
1055 3761 1093 3834 τὸ
1128 3790 1200 3856 nox,
1232 3766 1288 3834 καὶ
1322 3767 1359 3835 έν
1388 3767 1430 3856 τῇ
1484 3771 1485 3776 ’

95 3875 261 3959 πλησίον,
294 3867 339 3952 ὥς
373 3872 411 3942 ἐν
443 3874 490 3964 τῷ
523 3869 624 3956 ἄξων.
681 3867 807 3961 ὁμοίως
843 3873 900 3941 καὶ
937 3875 1077 3961 φωνῆεν
1115 3871 1206 3968 τόπφ
1240 3872 1431 3964 συμφώνου

60 4001 83 4040 1⁰
96 3985 276 4070 κείμενον,
298 3975 345 4062 ὡς
366 3979 406 4050 τὸ
429 4005 537 4050 serenos
561 3991 700 4050 iniustus.

445 4185 561 4250 ΠΕΡΙ
591 4185 783 4250 ΚΟΙΝΗΣ
813 4187 1089 4251 ΣΥΛΛΑΒΗΣ

189 4325 317 4398 Κοιναὶ
333 4325 498 4423 συλλαβαὶ
513 4332 669 4414 γίνονται
682 4323 821 4413 τρόποις
834 4329 1004 4416 τέτρασιν·
1022 4325 1155 4418 πρώτῳ,
1175 4322 1234 4395 ἐὰν
1249 4333 1429 4396 συνεσταλ-

97 4438 191 4529 μένφ
216 4433 389 4524 φωνήεντι
413 4435 612 4523 ἐπιφέρηται
636 4431 699 4503 δύο
725 4432 909 4523 σύμφωνοι,
938 4426 989 4505 όν
1015 4432 1054 4504 τὸ
1082 4433 1146 4523 μέν
1169 4433 1430 4523 προηγούμενόν

99 4549 193 4615 ἐστιν
217 4541 372 4633 ἄφωνον,
395 4541 433 4614 τὸ
459 4541 497 4612 δέ
522 4542 682 4628 δεύτερον
706 4539 815 4632 ὑγρὸν
835 4541 1056 4634 ἀμετάβολον.
1093 4549 1233 4632 βραχεῖα
1253 4542 1318 4631 γάρ
1338 4545 1430 4613 ἐστιν

61 4679 86 4721 ιι
99 4654 138 4723 ἐν
162 4651 274 4747 τούτῳ
353 4649 498 4742 ,μακρὰ
522 4651 558 4721 δέ
582 4653 620 4722 έν
644 4652 752 4742 τούτῳ
835 4650 926 4722 .έὰν
951 4651 988 4721 δὲ
1013 4639 1077 4721 tinio
1101 4650 1270 4741 σύμφωνα
1295 4656 1343 4734 εἰς
1367 4651 1430 4721 talo

191 4834 314 4891 buteoti
333 4851 349 4892 o
368 4851 419 4892 om.
494 4831 621 4891 oomnis
639 4848 690 4888 οιιι.
764 4851 909 4892 armatum.
985 4829 1109 4908 lto'uqo]
1129 4852 1202 4889 τονω
1277 4839 1430 4906 8αυτητη

136 4923 155 4974 9
174 4913 264 4990 τόπφ]
283 4936 373 4974 τοπου
449 4924 483 4974 10
502 4933 598 4974 servus
616 4915 740 4974 iniustus
758 4933 810 4976 om.
886 4923 918 4974 12
938 4935 1032 4987 πρωιο
