3564 5482
372 317 440 386 456
874 319 1055 378 ABVSIANI
1074 319 1196 378 Missll

373 423 555 477 mmmm

462 509 667 574 Animadverti
694 511 726 572 in
754 527 838 592 eum,
867 507 924 574 Sal.
954 507 1039 574 Catil.
1068 509 1190 586 (enm)
1219 517 1260 573 nt
1287 512 1390 592 prins
1419 509 1634 574 verberibus
1662 514 1697 573 in

372 640 434 685 ecs
458 619 825 684 animadverteretur.

462 729 579 792 Artifex
611 727 702 792 buius
731 729 789 812 rel,
822 727 880 791 Sei
915 725 977 809 lug.
1007 721 1112 812 (35,5)
1146 747 1211 812 per
1243 728 1409 792 homines
1442 729 1528 793 talis
1552 731 1698 812 negotii

373 839 554 902 artifices.
1341 905 1344 916 .

347 935 349 938 ’
463 946 611 1010 Adflictas
639 946 718 1011 illam
748 965 826 1030 rem,
859 945 917 1008 Sal
951 943 1021 1010 bist.
1046 944 1086 1008 lll
1120 945 1264 1010 adflicti
1293 945 1416 1010 alvens
1454 947 1630 1010 undarum
1666 949 1722 1013 uis

373 1055 531 1121 mulcato
556 1074 712 1138 corpore
735 1053 955 1138 interibant,
979 1054 1059 1118 ldevn
1083 1053 1153 1119 bist.
1173 1054 1200 1117 ll
1219 1051 1243 1137 †
1261 1058 1528 1119 circumventis
1552 1056 1698 1120 dextera

372 1165 465 1229 nuda
491 1165 628 1229 ferrum
652 1175 732 1228 erat
755 1182 840 1227 saxa
864 1174 924 1226 aut
947 1163 1033 1244 quid
1058 1163 1128 1228 tale
1153 1167 1251 1248 capit
1279 1163 1539 1247 adfligebant.
1564 1164 1698 1228 adflictus

372 1294 406 1338 ea
431 1294 478 1358 re,
507 1272 568 1338 Cic.
596 1276 628 1338 ln
657 1273 740 1336 Catil
770 1271 797 1334 11
826 1272 903 1350 (12)
937 1283 1074 1354 quante
1108 1273 1253 1338 tandem
1285 1272 1388 1339 illurn
1423 1291 1588 1337 maerere
1622 1293 1697 1336 esse

370 1384 561 1448 adflictum
586 1393 621 1446 et
644 1381 882 1464 profligatum
906 1383 1056 1462 putatis.

462 1492 563 1556 Altum
586 1490 679 1572 pedes
703 1499 762 1572 tet,
786 1489 844 1552 Sal.
868 1489 937 1552 bist.
962 1488 1014 1550 llll
1039 1489 1158 1554 clausi
1182 1489 1364 1554 lateribus
1388 1489 1474 1553 altis
1498 1487 1657 1573 pedeml
1711 1517 1734 1557 n

462 1603 578 1664 Anxius
602 1599 693 1664 leuius
717 1601 776 1681 rel,
800 1597 858 1662 Sal.
882 1597 952 1660 hlst.
976 1596 1030 1660 llll
1054 1603 1183 1662 anxius
1207 1601 1315 1662 animi
1340 1608 1448 1680 atque
1473 1601 1652 1662 incertus.

461 1712 586 1792 Accepit
607 1711 639 1773 in
664 1708 713 1770 illa
744 1725 790 1783 re,
820 1705 880 1770 cve.
905 1707 942 1770 de
966 1706 1123 1791 suppliciis
1147 1711 1194 1783 (in
1226 1707 1312 1770 Verr.
1344 1708 1371 1767 V
1390 1709 1455 1784 l‚3)
1485 1707 1527 1770 de
1557 1726 1599 1770 eo
1629 1706 1697 1770 vul-

370 1839 459 1883 nere
479 1793 589 1883 multa
609 1818 715 1900 dixit,
739 1814 833 1898 quod
852 1815 916 1879 ille
935 1814 977 1878 ab
997 1815 1158 1878 hostium
1178 1815 1270 1879 vluce
1290 1819 1325 1878 in
1345 1819 1465 1899 capite
1485 1826 1698 1899 acceperat.

370 1931 488 2012 accepit
510 1928 560 1992 illa
584 1945 632 2010 re,
655 1924 742 2008 Verg.
765 1943 867 2008 georg.
892 1923 946 1987 llfl
970 1925 1067 2000 (362)

578 2038 801 2118 accepitque
825 2037 907 2098 sinu
931 2044 1034 2096 vasto
1059 2035 1232 2115 misitque
1258 2033 1324 2096 sub
1348 2053 1493 2097 amnem.
1709 2017 1734 2100 'n

461 2144 622 2227 Adstringo
656 2142 710 2206 tibi
744 2143 815 2226 laec,
853 2142 962 2206 Teren.
993 2142 1047 2205 Eu.
1081 2143 1117 2217 (l
1141 2141 1231 2220 2,22)
1265 2141 1334 2206 tlbi
1367 2161 1478 2206 meam
1511 2145 1698 2225 adstringe

371 2255 489 2318 fidem.

460 2364 630 2446 Adquiesce
654 2363 686 2425 in
710 2361 781 2444 bec,
810 2361 870 2425 Cic.
898 2380 954 2445 pre
979 2361 1119 2424 Deiotaro
1147 2361 1229 2438 (25)
1263 2363 1298 2424 in
1333 2371 1394 2424 itte
1427 2380 1489 2424 ere
1524 2362 1697 2443 vultuque

370 2474 579 2556 adquiesco.
683 2542 690 2555 ,
1264 2480 1275 2488 “

459 2581 605 2645 Adiudieo
629 2578 703 2643 illud
727 2578 813 2660 huic,
837 2578 898 2642 Cic.
922 2597 977 2660 pre
993 2577 1081 2642 Corn.
1097 2576 1123 2640 ll
1147 2580 1178 2641 si
1203 2597 1263 2640 ves
1287 2579 1397 2644 buius
1423 2579 1593 2642 fortunas
1618 2599 1734 2662 pau-en

369 2709 493 2755 corum
518 2689 602 2753 edin
627 2687 943 2752 adiudicavevitls.

459 2801 599 2864 Admittit
626 2799 656 2862 in
682 2815 714 2860 se
739 2799 869 2878 crimen,
897 2795 965 2859 Ter.
990 2796 1079 2859 Phor.
1104 2797 1161 2872 (II
1180 2797 1271 2873 Ado)
1301 2795 1442 2880 culpam
1472 2797 1632 2881 Antiplvn
1665 2800 1696 2860 in

368 2929 405 2973 aa
430 2909 631 2973 admiserit.

459 3021 589 3082 Aversor
611 3015 711 3096 illum,
735 3014 792 3078 Sal.
817 3014 885 3077 bist.
910 3012 934 3073 V
958 3033 1078 3096 regem
1103 3015 1354 3080 aversabatur.
1491 3051 1495 3059 ‹

458 3126 582 3190 Adlndit
604 3125 641 3189 ad
670 3125 741 3208 hec,
768 3122 838 3187 Ter.
862 3123 917 3186 En.
946 3125 1019 3198 (III
1039 3124 1128 3200 Adel)
1156 3123 1268 3186 habui
1296 3135 1473 3207 scortum,
1502 3127 1630 3206 coepit
1657 3123 1731 3186 ade

367 3237 402 3299 id
427 3237 634 3300 adludere.

458 3347 622 3408 Antevevto
650 3343 718 3418 tibi,
746 3342 815 3406 Ter.
845 3341 900 3406 Eu.
928 3343 996 3417 (IV
1016 3344 1103 3418 5,Ῑ2)
1138 3347 1252 3406 rnircr
1283 3343 1345 3408 ubi
1379 3362 1442 3426 ege
1476 3343 1562 3406 huic
1596 3353 1697 3406 ante·

367 3455 552 3515 verterim.

458 3561 588 3624 Attendo
613 3561 759 3642 enimum3
783 3557 851 3622 Ter.
876 3559 968 3622 Andr.
993 3563 1083 3640 (pref.
1108 3561 1143 3635 8)
1167 3564 1322 3625 animum
1346 3561 1537 3624 attendite.

370 3703 586 3714 -.——-—-

441 3781 533 3839 Codex
552 3779 701 3836 Parrnaeii
744 3778 854 3835 itales
927 3778 1047 3836 sunto.
1064 3779 1103 3836 ΙΙΙ
1168 3781 1307 3838 undarum
1327 3782 1451 3839 malcaio
1516 3785 1696 3857 Smaereve]

367 3881 473 3922 merovr
546 3869 581 3919 id
601 3863 679 3934 cepit
752 3868 785 3917 27
806 3861 855 3918 ubi
874 3861 941 3918 hnic
960 3879 1013 3933 ego
1032 3861 1111 3931 huie,
1130 3863 1216 3920 delete
1232 3865 1328 3935 priore
1347 3865 1405 3920 lece
1425 3865 1491 3921 hnic

458 4069 474 4118 e
493 4062 561 4119 bisi.
577 4061 630 4136 111]
645 4061 721 4118 Non.
732 4077 763 4132 p.
778 4065 834 4116 406
907 4059 1014 4117 adflicti
1036 4061 1125 4118 alveis
1144 4062 1284 4119 undarum
1298 4063 1327 4119 vi
1341 4064 1466 4121 mulcato
1481 4063 1564 4121 foede
1580 4081 1697 4137 corpere

366 4145 510 4202 intereunt
528 4145 642 4201 Nonius
714 4142 796 4201 alveo
813 4141 873 4196 GP
943 4149 959 4199 6
978 4143 1164 4200 circumventi
1183 4145 1295 4215 dextra,
1314 4144 1389 4201 unde
1408 4145 1514 4201 ferrum
1534 4149 1609 4214 erat,
1630 4163 1697 4202 saxa

367 4231 418 4284 aut
436 4227 505 4298 qnid
524 4227 583 4283 tale
603 4230 689 4300 capel
708 4224 884 4296 adfligebant
904 4226 953 4291 M,
982 4225 1189 4282 circumventus
1218 4227 1335 4282 dextera
1358 4227 1435 4282 nuda
1453 4226 1629 4283 ferramenta
1648 4233 1698 4283 aut

367 4310 436 4381 qnid
465 4309 522 4366 tale
552 4311 647 4380 capita
675 4307 832 4380 adfligebat
858 4307 962 4364 conieci
989 4308 1048 4363 ind.
1078 4309 1135 4364 fect.
1160 4307 1228 4363 Hal.
1252 4313 1511 4379 aest.a.1879p.
1536 4309 1591 4363 IX
1611 4351 1617 4364 .
1637 4311 1698 4365 clia

366 4396 541 4450 contemne
550 4393 681 4449 Kritrievr
691 4391 833 4447 Seffba'ai.
844 4391 944 4460 [repns-
960 4393 1065 4458 p.182
1085 4394 1110 4443 el
1129 4389 1288 4445 Dietacfvirvs
1302 4389 1373 4446 Seli.
1387 4391 1451 4446 bist.
1465 4391 1567 4462 saepen.
1578 4409 1612 4462 p.
1623 4397 1661 4448 53

367 4475 483 4548 fcapib]
495 4478 582 4547 capnt
592 4475 676 4529 endec
690 4473 895 4528 Antbresienna
906 4469 994 4537 Maii,
1009 4469 1143 4540 capitali
1209 4477 1242 4526 12
1257 4470 1292 4527 de
1307 4472 1358 4528 illo
1373 4471 1498 4542 vnlnere,
1515 4471 1593 4542 qued
1606 4471 1658 4529 ille
1667 4474 1697 4530 iu

366 4557 462 4629 capita
482 4557 518 4613 ab
538 4555 663 4612 hortium
683 4554 755 4610 duce
774 4556 938 4624 acceperat,
958 4552 1051 4609 mulia
1069 4552 1142 4608 dixit
1162 4554 1256 4609 Cicero
1330 4559 1365 4608 22
1384 4553 1499 4624 culpam
1518 4556 1550 4608 nt
1568 4555 1697 4628 Antipho

364 4637 395 4692 in
415 4655 444 4693 ee
463 4637 610 4694 admiserit
631 4637 777 4693 Terentius
850 4640 885 4689 il
903 4649 1001 4706 regem
1019 4635 1223 4693 adversabatur
1241 4636 1346 4692 cedices
1361 4635 1440 4690 Meti
1512 4642 1547 4691 29
1567 4638 1696 4696 animum

366 4721 509 4776 advertite
528 4720 632 4776 cedices
654 4717 791 4774 Terentii:
818 4716 972 4785 advertite,
996 4715 1104 4788 legitur
1127 4721 1157 4772 st
1179 4716 1321 4772 attendite
1340 4715 1472 4772 Detentus
1489 4717 1522 4773 ivr
1543 4717 1605 4776 Ter.
1627 4721 1645 4778 f.
1664 4739 1697 4790 c,

367 4799 462 4856 anime
485 4800 625 4857 attendite
648 4799 762 4854 Nonius
788 4816 816 4868 p.
837 4803 873 4852 39
894 4841 900 4854 .
921 4798 958 4852 ad
979 4797 1090 4856 Pberm.
1108 4801 1180 4869 pref.
1199 4804 1238 4856 24
1266 4814 1340 4854 nune
1365 4799 1435 4869 qnid
1459 4799 1545 4856 velim
1565 4805 1696 4861 animum

365 4881 506 4938 attendite
524 4881 631 4936 rcttttlit
650 4879 864 4935 Lindcrnnnnua
