3564 5482
392 336 459 402 444
691 333 694 340 '
893 335 1072 396 turstani
1091 337 1231 396 messit.

392 524 569 588 arbitrarer:
599 523 724 588 moleste
753 525 887 590 ferebam
917 543 1010 589 rrnum
1040 525 1113 589 mihi
1142 529 1323 590 Arusianum
1352 525 1472 611 deesse,
1500 545 1593 610 quem
1621 535 1716 590 tamen

393 633 506 697 editum
540 636 571 696 in
605 631 781 698 Stubellano
814 634 903 699 Fabri
936 635 1079 699 thesauro
1112 636 1332 700 inaudiveram:
1369 637 1460 720 idque
1495 635 1717 702 incommodum

392 742 564 808 Gualterlus
592 761 609 806 a
640 763 687 807 me
720 763 780 808 non
814 744 872 808 lerl
904 763 960 808 suo
994 745 1185 809 incommodo
1217 742 1354 830 depulit'
1401 746 1546 812 lectiones
1576 757 1675 811 autem
1702 763 1717 808 a

391 852 553 931 Garatonlo
569 853 719 918 exhibitae
734 874 751 918 a
765 857 867 938 priore
882 853 985 918 codice
1000 853 1196 938 Neapolitano
1210 855 1364 920 interdum
1378 855 1501 939 paulum
1517 856 1717 920 dissentiunt.

392 980 486 1044 quare
510 963 535 1024 is
559 981 680 1046 quoque
705 963 799 1028 altero
828 964 946 1048 codice,
978 983 1068 1045 quem
1103 965 1139 1028 ad
1169 949 1285 1030 Heiosii
1317 965 1521 1048 apographum
1554 965 1717 1030 adhibitum

392 1089 459 1134 esse
483 1070 559 1156 dlxi,
582 1072 702 1138 videtur
725 1093 800 1138 usus
823 1092 899 1137 esse.

482 1181 587 1245 Restat
610 1191 645 1246 ut
668 1183 706 1247 de
730 1185 880 1266 excerptis
904 1199 982 1264 quae
1005 1183 1037 1245 ln
1057 1181 1143 1245 libris
1162 1201 1254 1246 manu
1273 1185 1396 1265 seriptis
1415 1186 1536 1248 nonrioe
1556 1183 1718 1247 Cornelii

392 1288 590 1354 Frontonis
613 1293 758 1376 inscripta
778 1301 809 1355 et
828 1291 864 1354 ab
883 1292 1019 1374 tingelo
1044 1291 1133 1355 llalo
1158 1293 1237 1356 edita
1262 1300 1334 1356 sunt
1356 1293 1474 1356 dicatur
1499 1339 1506 1357 .
1529 1293 1718 1358 huiusmodi

392 1400 485 1464 libros
515 1404 583 1464 novi
610 1412 673 1464 tres
701 1405 844 1466 extremis
873 1404 971 1484 quinti
999 1401 1108 1465 decimi
1142 1400 1188 1465 rel
1220 1403 1326 1485 primis
1359 1393 1436 1465 sexti
1470 1401 1580 1465 decimi
1609 1401 1718 1464 saeculi

392 1510 479 1572 annis
503 1513 647 1596 scriptos,
670 1529 765 1574 uuum
781 1509 955 1575 Vaticanum
970 1507 1074 1596 3402,
1099 1514 1151 1594 qui
1170 1510 1241 1574 olim
1260 1509 1358 1574 Fulvii
1378 1509 1478 1574 Vrsini
1497 1510 1568 1592 luit,
1593 1510 1718 1573 altemrm

391 1621 464 1682 item
488 1617 663 1684 Vaticanum
687 1617 786 1704 5216,
811 1621 934 1684 tertium
958 1619 1189 1684 Ambrosianum
1214 1616 1311 1684 n498
1335 1621 1397 1703 inl,
1420 1621 1452 1684 iu
1477 1619 1587 1702 quibus
1611 1620 1718 1683 codici·

392 1729 449 1793 bus
473 1728 522 1792 hic
545 1727 623 1792 liber
652 1731 841 1812 praescripto
873 1729 961 1792 titulo
988 1731 1126 1792 Cornelii
1154 1731 1319 1793 Frontonis
1347 1733 1489 1810 exemplo
1516 1733 1718 1792 elocutionum

392 1847 462 1920 post
484 1835 559 1901 Velli
583 1837 678 1920 Longi
702 1847 732 1902 et
756 1839 922 1902 Adamantii
945 1838 1080 1920 blartyrii
1104 1837 1212 1921 libros,
1241 1839 1293 1920 qui
1318 1839 1347 1900 in
1373 1837 1575 1921 Neapolitanis
1598 1857 1718 1920 quoque

395 1945 551 2010 codicibus
575 1957 644 2011 ante
669 1947 753 2011 illum
781 1949 887 2031 scripti
916 1957 1002 2032 sunt,
1036 1947 1160 2030 legitur:
1192 1948 1230 2010 cl.
1259 1965 1384 2029 mamm.
1407 1946 1456 2010 lat.
1482 1967 1507 2010 r.
1531 1945 1568 2008 Vl
1591 1967 1621 2030 p.
1646 1945 1718 2010 tit.

394 2056 501 2121 iisdem
525 2055 611 2120 libris
635 2067 665 2120 et
688 2055 807 2120 duobus
830 2067 952 2139 praeter
980 2057 1035 2120 hos
1059 2055 1209 2120 Vaticanis
1233 2055 1329 2120 Maius
1358 2075 1432 2119 usus
1461 2065 1521 2140 est,
1548 2075 1619 2120 cunr
1649 2056 1718 2118 baec

393 2177 535 2251 excerpta
560 2166 666 2231 eodem
691 2165 791 2250 titulo,
815 2183 906 2248 quem
929 2165 1019 2228 modo
1043 2183 1079 2229 ex
1104 2183 1193 2229 manu
1218 2168 1340 2248 scriptis
1365 2165 1451 2229 libris
1475 2165 1606 2248 exhibui,
1636 2183 1718 2252 prae-

394 2279 507 2360 scripto
531 2276 636 2340 ederet
655 2324 662 2339 .
681 2275 718 2339 de
743 2273 899 2338 codicibus
917 2284 1032 2357 autern,
1055 2293 1132 2357 quos
1152 2283 1363 2357 usurpaverat,
1386 2275 1417 2336 in
1437 2273 1569 2336 Romana
1588 2271 1718 2335 editione

393 2387 468 2449 huee
496 2385 660 2469 adnotavit,
693 2379 939 2446 ‘Grammaticum
967 2382 1148 2465 opusculum
1177 2382 1312 2466 exempla
1341 2383 1545 2446 elocutionum
1577 2381 1719 2444 tribuitur

394 2494 533 2558 Cornelio
556 2494 703 2557 Frontoni
734 2495 766 2556 in
795 2496 928 2577 quinque
958 2491 1112 2556 codicibus
1137 2511 1153 2554 a
1178 2509 1225 2554 me
1254 2489 1435 2575 observatis,
1467 2492 1498 2553 in
1531 2488 1717 2552 ambrosiano

394 2603 534 2667 videlicet
558 2621 619 2666 uno
644 2611 674 2665 et
697 2603 729 2665 lrr
753 2611 883 2684 quatuor
908 2603 1065 2684 vaticanis,
1088 2619 1219 2682 quorum
1243 2609 1343 2664 tamen
1368 2618 1447 2662 unus
1470 2601 1592 2662 nonnisi
1611 2597 1717 2660 selecta

393 2713 540 2794 quaedam
564 2711 669 2788 hahet,
692 2731 769 2794 quae
794 2710 830 2774 ab
855 2709 1019 2793 exemplari
1041 2709 1142 2773 llasilli
1166 2709 1288 2773 Zanclrii
1311 2728 1401 2772 manu
1425 2711 1538 2791 scripto
1563 2708 1717 2789 desumpta

393 2817 553 2886 dicuntur’
582 2871 589 2885 .
618 2821 670 2884 sed
705 2823 736 2884 in
769 2821 805 2882 iis
839 2838 915 2901 quae
945 2819 1040 2882 blaius
1073 2818 1182 2882 horum
1216 2819 1353 2882 codicum
1387 2821 1568 2900 scripturam
1597 2826 1720 2880 secutus

393 2931 487 2994 edidit
512 2951 572 2994 non
597 2931 694 2994 solum
723 2927 857 3010 exempla
887 2931 1084 3011 scriptorum,
1113 2945 1190 3009 quae
1213 2929 1426 3010 grammaticus
1449 2935 1607 3010 posuerat,
1632 2945 1717 3008 saepe

394 3040 590 3123 neglegenter
622 3041 734 3121 scripta
768 3046 798 3101 et
830 3039 950 3100 omissis
983 3036 1161 3119 quibusdam
1195 3035 1347 3100 vocabulis
1379 3034 1532 3098 interdum
1564 3034 1716 3099 decurtata

393 3149 439 3213 rel
472 3149 560 3232 plane
587 3151 711 3231 omissa,
744 3164 849 3209 rerum
882 3147 985 3228 etlam,
1018 3147 1049 3208 in
1078 3147 1246 3228 posteriore
1275 3146 1403 3208 maxime
1431 3142 1500 3206 libri
1530 3153 1631 3228 parte,
1665 3144 1717 3206 hoc

393 3269 440 3322 est
473 3258 542 3322 inde
577 3256 613 3320 ab
646 3254 869 3320 elocutionibus
897 3253 933 3316 ab
963 3256 973 3316 i
1000 3253 1100 3317 littera
1129 3253 1357 3336 incipientibus,
1388 3252 1499 3316 multae
1533 3252 1717 3317 elocutiones

393 3385 462 3431 eum
492 3369 555 3431 stris
584 3365 729 3447 exemplis
758 3366 885 3426 omissae
915 3370 1017 3425 sunt.
1046 3380 1123 3444 quae
1156 3365 1256 3424 omnia
1289 3369 1393 3444 postea
1425 3359 1652 3426 Lindemenraus
1685 3383 1716 3426 rx

394 3475 657 3541 Gaurano-codiee
682 3473 863 3556 supplevit.
888 3473 1045 3553 inpriore
1078 3489 1148 3534 vero
1176 3470 1247 3534 libri
1274 3481 1360 3553 parte
1390 3470 1549 3554 quaedam,
1582 3491 1661 3554 quae
1689 3475 1716 3534 in

394 3585 538 3670 exemplis
571 3587 755 3668 scriptorum
789 3579 868 3664 apud
893 3582 1074 3644 Arusianum
1108 3589 1252 3664 corrupta
1283 3589 1383 3663 erant,
1416 3582 1446 3642 in
1481 3579 1528 3642 his
1557 3579 1717 3645 Frontonis

394 3695 546 3777 excerptis
570 3712 606 3756 ex
629 3695 765 3775 ipsorum
790 3691 974 3772 scriptorum
998 3686 1084 3751 libris
1104 3697 1240 3752 correcta
1260 3697 1332 3752 sunt
1350 3737 1356 3752 .
1376 3698 1497 3771 praeter
1516 3689 1591 3752 haee
1611 3701 1718 3771 autem,

393 3822 470 3887 qnae
495 3803 682 3886 neglegentia
706 3800 753 3863 vel
777 3798 902 3863 consilio
926 3801 992 3862 eius
1015 3800 1068 3879 qrri
1093 3806 1234 3880 excerpta
1253 3799 1325 3861 lecit
1344 3807 1456 3861 mutata
1476 3808 1556 3882 sunt,
1574 3799 1718 3863 lectiones

393 3935 409 3978 a
437 3913 514 3977 hlaio
543 3912 694 3976 exhibitae
722 3913 763 3972 ita
797 3926 866 3972 cum
899 3907 1078 3990 apographis
1107 3908 1248 3971 drusiani
1281 3910 1488 3992 consentiunt,
1522 3916 1555 3970 ut
1588 3907 1718 3972 dubitari

393 4033 525 4106 nequeat
547 4025 619 4105 quin
644 4020 676 4083 hi
700 4037 821 4101 quoque
846 4017 917 4080 libri
940 4017 975 4080 ad
1004 4017 1083 4079 idem
1113 4015 1322 4099 archetypum,
1351 4035 1387 4078 ex
1412 4035 1472 4099 quo
1496 4014 1545 4079 illa
1569 4015 1717 4097 descripta

393 4142 479 4215 sunt,
503 4129 662 4194 revocandi
686 4129 748 4190 sint
771 4128 929 4208 omnisque
950 4125 999 4188 illa
1019 4127 1144 4187 mutatio
1169 4123 1250 4187 ltalis
1268 4126 1475 4207 potiusquam
1491 4125 1717 4188 vetericuidam

392 4235 771 4326 grammaticotrihuenda
795 4236 835 4296 sit
854 4281 861 4296 .
880 4232 940 4295 huc
959 4233 1075 4295 accedit
1098 4231 1179 4313 quod
1202 4230 1329 4296 aliorum
1354 4234 1618 4313 grammaticorum
1642 4233 1717 4314 libri,

392 4355 445 4435 qui
460 4371 519 4414 una
535 4368 604 4413 cum
618 4347 759 4411 drusiani
782 4341 860 4405 lihro
885 4361 920 4404 ex
939 4340 1081 4405 Bobiensi
1105 4340 1209 4403 codice
1235 4340 1381 4424 descripti
1404 4343 1434 4403 io
1449 4341 1552 4404 codice
1567 4340 1717 4404 Parrhasii

392 4462 548 4544 leguntur,
581 4459 617 4521 ad
646 4457 713 4520 illos
741 4454 849 4535 libros,
882 4453 913 4513 io
942 4451 1053 4534 quibus
1084 4459 1225 4533 excerpta
1259 4469 1336 4533 quae
1364 4450 1509 4514 Frontoni
1543 4451 1718 4515 tribuuntur

393 4573 505 4652 scripta
529 4577 614 4650 sont,
639 4586 674 4628 ex
698 4565 756 4628 hoc
781 4565 846 4644 ipso
870 4559 1054 4642 apographo,
1078 4578 1139 4622 non
1164 4579 1200 4623 ex
1219 4557 1363 4623 bobiensi
1383 4558 1544 4643 archetypo
1564 4561 1717 4644 propagati

393 4689 463 4743 sunt
488 4727 494 4741 .
519 4697 556 4740 ex
580 4695 641 4758 quo
665 4673 815 4756 suspicari
837 4687 1000 4752 possumus
1024 4667 1097 4730 haec
1122 4686 1242 4751 quoque
1263 4677 1404 4749 excerpta
1425 4687 1460 4730 ex
1480 4668 1585 4731 eodem
1606 4669 1717 4749 coelice,

392 4807 429 4850 ex
449 4805 509 4869 quo
529 4786 639 4868 reliqui
662 4784 732 4848 libri
756 4779 901 4860 descripti
925 4786 1020 4858 erant,
1044 4777 1120 4838 iacta
1145 4786 1176 4839 et
1194 4779 1294 4858 ipsum
1314 4776 1475 4839 Frontonis
1496 4795 1615 4858 nouren,
1639 4777 1716 4860 quoti

392 4897 429 4959 iis
458 4897 638 4977 inscriptum
668 4903 728 4974 est,
760 4911 796 4954 cx
825 4889 875 4951 illo
905 4889 1033 4969 partitum
1063 4905 1137 4948 esse.
1185 4885 1237 4948 sed
1270 4889 1410 4970 quoniam
1440 4886 1532 4949 codex
1560 4887 1716 4970 Parrhasii,
