3610 5482
352 355 395 421 14
734 363 744 370 “
897 353 1000 412 vanu
1019 355 1136 416 nouat
1549 443 1551 446 Ι

351 471 372 510 p.
386 461 446 502 area
461 461 488 524 es
502 459 527 500 r.
1795 461 1802 492 r

351 530 544 628 servandum,
573 553 605 609 ut
634 547 664 609 in
693 565 729 608 eo
758 547 838 627 quod
868 557 915 610 est
942 565 1017 629 urps
1044 558 1076 610 et
1106 551 1195 630 nupsi
1225 559 1257 612 et
1280 549 1365 633 pleps
1389 569 1423 614 ac
1447 554 1566 616 ceteris.
1608 553 1689 616 mibi
1796 562 1802 600 ³

351 672 421 716 vero
448 653 546 737 placet
569 664 603 719 ut
626 657 656 721 iu
681 656 773 718 latino
798 673 938 720 sermone
962 659 1149 739 antiquitatis
1173 657 1278 740 religio
1305 657 1310 736 Ι
1336 668 1489 741 serretur,
1518 671 1550 724 ut
1579 663 1688 744 potins
1798 679 1802 710 Δ

350 763 454 827 sorbul
484 763 546 846 [ut]
572 765 739 828 secundum
768 768 978 830 auctoritatem
1008 765 1283 830 eruditissimorum
1314 777 1345 831 et
1373 767 1578 849 eloquentium
1604 771 1687 832 tiro·
1801 785 1802 792 ¹

349 890 421 935 rum
441 872 586 956 dicamus,
609 891 698 954 quam
723 869 831 956 serpsi,
855 893 924 938 cum
949 894 1057 938 recens
1081 875 1154 938 baec
1178 875 1340 939 declinatio
1359 895 1375 938 a
1395 878 1508 940 sordidi
1533 881 1689 941 sermonis
1799 891 1802 930 1

350 983 421 1044 viris
441 983 585 1064 coeperit
624 983 696 1044 item
716 984 796 1044 terrri
816 990 847 1044 et
870 985 940 1045 trivi
964 1001 1024 1046 non
1049 983 1188 1046 adscribo
1212 985 1283 1048 huic
1307 985 1513 1069 disputationi,
1537 988 1589 1050 sed
1611 1007 1720 1053 corr-s
1801 999 1802 1038 i

349 1088 519 1153 suetudinis
543 1107 636 1152 novae
660 1099 692 1154 et
715 1091 827 1153 veteris
847 1089 1041 1154 adnotationi.
1080 1110 1148 1154 nam
1168 1101 1199 1154 et
1218 1092 1367 1175 Vergilius
1387 1104 1512 1159 secutus
1531 1097 1684 1178 antiquoS,

349 1216 418 1261 cum
442 1207 545 1280 posset
568 1199 670 1262 dicere
695 1201 825 1262 teruisse
850 1217 910 1262 non
934 1199 1118 1282 impediente
1143 1211 1250 1284 metro,
1275 1201 1380 1265 maluit
1403 1201 1504 1267 dicere

511 1326 577 1370 nec
601 1316 636 1372 te
660 1311 851 1391 paeniteat
874 1309 1012 1372 calamo
1037 1311 1191 1373 trivisse
1215 1310 1387 1374 labellum

348 1426 379 1479 ct
403 1412 503 1480 ‘binc
527 1416 650 1480 radios
675 1419 812 1481 trivere
837 1413 957 1481 rotis’.

438 1525 515 1589 llinc
535 1537 702 1590 nascuntur
721 1529 810 1591 etiam
836 1528 1023 1592 diversarum
1048 1529 1301 1611 significationum
1325 1533 1528 1612 quaestiones,
1552 1533 1684 1592 actarios
1706 1555 1736 1595 ro

265 1633 269 1639 ’
348 1655 386 1698 an
419 1637 570 1698 actuarios
604 1645 634 1698 et
666 1637 768 1699 dicere
802 1647 832 1700 et
862 1636 996 1700 scribere
1025 1637 1203 1722 debeamus,
1232 1657 1302 1702 curu
1326 1640 1477 1701 actuarios
1500 1636 1684 1721 generaliter

348 1743 470 1825 quidem
494 1743 531 1806 ab
555 1753 623 1808 actu
648 1742 843 1830 appellemus,
866 1749 995 1809 actarios
1021 1765 1091 1808 vero
1115 1749 1281 1828 scriptores
1305 1757 1450 1810 actorum.
1490 1766 1626 1810 necnon
1652 1757 1684 1810 et

347 1871 417 1915 eum
442 1855 495 1934 qul
518 1862 618 1916 actum
642 1856 704 1936 agit
727 1856 894 1918 actuarium
918 1858 1020 1917 uocari
1043 1855 1219 1919 voluerunt:
1243 1859 1315 1918 item
1339 1853 1431 1918 alium
1451 1873 1518 1917 esse
1543 1853 1684 1934 cilonem,

347 1961 438 2024 alium
466 1961 631 2045 chilonem,
664 1971 694 2026 et
723 1961 836 2024 cilones
875 1965 975 2024 vocari
1009 1961 1146 2024 homiues
1182 1965 1302 2043 angusti
1338 1965 1446 2044 capitis
1482 1972 1513 2026 et
1546 1964 1679 2049 oblongi,

346 2069 482 2134 chilones
516 2088 587 2132 vero
620 2070 856 2151 improbiorihus
892 2070 985 2134 labris
1019 2071 1158 2134 homines
1189 2091 1205 2133 a
1235 2089 1344 2153 graeco
1379 2064 1471 2153 παρὰ
1501 2064 1542 2134 τὰ
1574 2073 1680 2156 χείλη.
1701 2097 1731 2138 rs

347 2178 414 2244 talis
434 2182 571 2261 quaestio
594 2186 640 2244 est
660 2189 689 2244 et
709 2183 788 2243 circa
808 2179 950 2249 cobortes
970 2189 1001 2242 et
1019 2189 1150 2263 courtes,
1169 2179 1220 2263 ubi
1240 2179 1390 2242 diversam
1409 2179 1571 2244 voluerunt
1589 2183 1682 2263 signi·

347 2290 516 2352 ficationem
537 2309 604 2352 esse
624 2291 820 2371 grammatici,
844 2299 879 2353 ut
897 2299 1017 2353 coortas
1037 2292 1098 2352 sint
1117 2287 1264 2372 villarum,
1288 2290 1369 2352 unde
1388 2289 1526 2353 homines
1546 2293 1683 2354 coorien-

347 2407 398 2460 tur
427 2401 542 2480 pariter
569 2392 660 2484 (oriri
688 2401 769 2461 enim
798 2397 877 2480 apud
906 2401 1046 2479 antiquos
1071 2416 1196 2479 surgere
1222 2399 1400 2479 irequenter
1423 2398 1623 2482 significabat,
1647 2411 1684 2463 ut

347 2516 472 2588 apparet
488 2526 525 2570 ex
544 2525 580 2570 eo
600 2507 681 2589 quod
707 2507 818 2570 dicitur
843 2503 987 2568 ‘oriens
1012 2505 1141 2568 consul
1167 2507 1381 2587 magistrum
1406 2505 1533 2588 populi
1557 2504 1684 2592 dicat',

348 2615 428 2696 quod
452 2625 499 2680 est
519 2609 676 2700 surgens):
700 2625 730 2678 at
749 2615 891 2679 cobortes
910 2614 1040 2678 militum
1059 2633 1076 2676 a
1096 2622 1199 2676 mutua
1219 2611 1436 2676 cohortatione.
1469 2633 1539 2676 nam
1559 2613 1683 2679 chortes
1701 2639 1733 2678 ao

349 2722 487 2787 audimus
518 2725 641 2806 quidem
672 2723 769 2806 rulgo,
800 2721 852 2785 sed
884 2721 1011 2785 barbare
1043 2721 1110 2784 dici.
1158 2721 1195 2784 de
1223 2705 1385 2803 superiore⁴
1410 2721 1579 2785 dllierentia
1606 2725 1682 2788 mibi

348 2831 430 2895 aliud
456 2833 574 2896 ridetur
602 2821 688 2919 (crim
713 2835 854 2916 superius
878 2831 916 2894 de
941 2831 1143 2913 adspiratione
1168 2820 1319 2914 loquerer,
1351 2828 1471 2892 ostendi
1494 2830 1523 2893 id
1550 2851 1682 2917 quoque,

439 3025 530 3082 Oodec
550 3027 703 3083 Parrhasii
741 3026 843 3082 turbs
863 3027 892 3081 et
911 3023 994 3094 nupsi
1014 3026 1043 3079 et
1061 3023 1143 3094 plebs
1217 3022 1409 3079 tdeclinatio
1425 3013 1475 3079 aut
1494 3025 1603 3081 sordidi
1623 3043 1682 3083 ser·
1740 3021 1748 3032 ‘

347 3107 440 3164 monis
458 3107 527 3164 uiris
546 3108 693 3180 coeperint
765 3112 782 3162 6
802 3105 852 3162 aed
871 3103 1070 3162 consuetudini
1089 3103 1139 3159 sed
1157 3119 1249 3159 nonae
1269 3107 1298 3159 et
1316 3106 1408 3162 ueteri
1427 3105 1608 3162 adnotationi

313 3187 471 3260 ‘lposeii
544 3191 728 3262 epoemteet
802 3194 834 3243 11
856 3177 1039 3258 generaliter]
1060 3201 1146 3241 canes
1227 3191 1261 3240 14
1280 3187 1310 3242 et
1328 3186 1457 3259 oblongi]
1478 3190 1507 3243 ei
1526 3187 1606 3259 longi

347 3276 380 3326 16
394 3269 619 3344 inprobioribus]
640 3271 669 3327 in
690 3268 885 3343 proprioribus
942 3273 975 3322 16
991 3268 1034 3322 est
1048 3265 1123 3321 circa
1179 3271 1212 3321 19
1227 3267 1392 3337 apparatio
1407 3283 1440 3323 eo
1496 3275 1532 3325 20
1550 3270 1680 3344 chortes]

347 3351 479 3408 cobortes
563 3358 598 3409 at
618 3353 654 3410 de
673 3349 912 3424 adspirationem,
931 3348 978 3404 ascl
996 3347 1032 3402 de
1047 3347 1144 3415 primu
1162 3363 1249 3403 muna
1267 3349 1352 3404 deldo

436 3531 453 3580 8
479 3524 576 3581 sorbui
595 3525 751 3582 secundum
769 3521 972 3583 anctoritatem
991 3519 1020 3576 R
1111 3526 1128 3574 4
1152 3519 1223 3576 haec
1242 3518 1396 3576 declinatio
1416 3519 1524 3577 sordidi
1543 3525 1682 3582 sermonis

345 3606 423 3661 virus
442 3607 551 3679 ceperit
569 3607 597 3663 R
689 3615 705 3662 6
730 3605 779 3664 sed
798 3601 1010 3671 consuetudini,
1035 3602 1085 3659 sed
1107 3616 1200 3657 nouae
1219 3601 1249 3656 et
1273 3601 1363 3658 ueteri
1382 3601 1561 3657 adnotationi
1579 3602 1609 3658 R

347 3693 363 3743 t
384 3705 449 3743 curn
468 3688 560 3760 possit
578 3688 672 3745 dicere
691 3687 719 3744 R
802 3692 818 3742 8
838 3702 890 3741 nec
909 3684 950 3756 te]
977 3683 1055 3756 Verp.
1076 3685 1163 3740 bucol.
1183 3689 1213 3751 2,
1232 3688 1269 3740 34
1350 3689 1366 3738 9
1386 3682 1465 3755 binc]
1492 3682 1570 3754 Verp.
1588 3701 1680 3757 peorp.

346 3767 461 3823 11444
554 3774 588 3824 10
611 3761 734 3826 mtnrio's
759 3787 797 3825 an
820 3763 964 3825 actuarios
983 3795 1018 3806 -
1034 3769 1068 3819 16
1092 3762 1170 3834 χείλη
1196 3763 1290 3820 Veline
1312 3763 1429 3835 Louqns
1454 3765 1532 3834 opud
1557 3765 1681 3822 Cassiod.

341 3865 373 3919 p.
392 3853 475 3906 2287
536 3855 569 3904 11
595 3865 660 3904 curn
679 3847 820 3905 somarios
839 3865 923 3904 canes
942 3846 1056 3918 quidem
1076 3844 1112 3900 R.
1132 3845 1253 3901 actuarii
1271 3846 1455 3901 nominantur
1471 3845 1591 3902 diversis
1610 3849 1681 3904 acti·

346 3929 398 3986 bus
412 3929 584 4002 generaliter
598 3932 730 4004 occupati
744 3928 1053 4000 accerptaOussc'odorii
1118 3932 1151 3982 13
1165 3925 1235 3982 item
1249 3925 1339 3981 alium
1354 3943 1415 3982 esse
1431 3927 1552 3984 cilonem
1563 3937 1681 4000 -16,6

347 4013 464 4083 possent
482 4030 514 4083 p.
535 4017 582 4081 68,
604 4016 640 4067 14
719 4018 753 4067 14
776 4011 846 4066 itam
870 4008 950 4065 alind
973 4011 1017 4064 est
1041 4023 1102 4063 esse
1126 4005 1261 4075 cilonem,
1286 4006 1365 4062 aliud
1390 4008 1540 4066 chilonem.
1574 4009 1681 4068 cilones

346 4095 485 4149 vocantur
502 4093 633 4151 homines
652 4092 768 4166 angusti
787 4089 889 4163 capitis
904 4093 934 4146 et
953 4087 1045 4160 longi,
1065 4091 1095 4144 et
1112 4087 1337 4160 adspirationem
1351 4090 1524 4147 nonhabet.
1553 4091 1680 4149 chilones

345 4191 412 4232 uero
436 4192 500 4231 cnm
523 4175 717 4247 adspiratione
742 4173 842 4244 scripti
865 4188 882 4227 a
905 4169 1082 4226 breuioribus
1106 4168 1191 4225 labiis
1216 4171 1346 4228 homines
1369 4172 1534 4228 vocitentur
1551 4177 1681 4243 accepto

347 4259 527 4316 Cassiodoria'.
557 4257 664 4314 cilones
684 4256 817 4312 diormtur
835 4269 956 4325 qnorum
971 4251 1068 4322 capita
1083 4250 1208 4323 oblonga
1222 4255 1251 4308 ct
1270 4268 1433 4324 compressa
1452 4256 1530 4321 sunt,
1550 4253 1680 4312 chilones

346 4342 443 4396 autem
462 4356 527 4396 cum
540 4338 734 4410 adspiratione
753 4354 787 4392 ex
805 4351 909 4408 graeco
929 4352 947 4391 a
966 4332 1054 4390 labris
1073 4331 1303 4404 improbiorihus,
1323 4351 1395 4405 quae
1414 4333 1459 4391 illi
1478 4337 1582 4390 vocant
1600 4337 1680 4406 zar'tq

347 4405 493 4477 Charisius
507 4439 539 4493 p.
559 4425 626 4487 102,
645 4425 670 4475 1.
700 4417 806 4474 cilones
825 4432 946 4488 quorum
966 4413 1062 4485 capita
1083 4413 1208 4485 oblonga
1229 4414 1344 4470 Placidi
1361 4417 1467 4487 glossae
1483 4432 1512 4485 p.
1532 4420 1581 4480 25,
1602 4421 1618 4470 5
1637 4416 1678 4472 ed.

346 4501 501 4574 Denerls'np
581 4508 614 4558 1a
634 4499 701 4557 talis
720 4497 851 4570 quaestio
871 4501 914 4553 est
933 4495 1008 4553 circa
1026 4495 1055 4551 R
1143 4503 1176 4552 19
1203 4496 1370 4567 apparatio
1390 4511 1424 4551 eo
1443 4495 1471 4549 R
1557 4499 1594 4550 20
1613 4511 1679 4550 nam

346 4585 439 4640 cortes
462 4583 593 4640 audimus
611 4583 640 4640 R
746 4587 778 4638 11
799 4583 916 4650 fumasse
935 4580 985 4636 sed
1009 4577 1129 4634 barbare
1154 4578 1258 4634 dicitur
1359 4575 1430 4632 mihi
1454 4575 1532 4631 aliud
1556 4575 1680 4646 uidetur,

306 4731 309 4740 Ι
347 4662 424 4734 qnod
444 4680 507 4720 cnm
523 4665 651 4738 superius
670 4665 706 4722 de
721 4662 897 4736 aspiratione
916 4663 1061 4733 loquerer,
1081 4659 1201 4717 ostendi.
1230 4657 1261 4713 Id
1281 4672 1394 4728 quoqne
1412 4657 1495 4712 illum
1509 4655 1564 4713 sibi
1583 4655 1679 4713 locum

347 4745 447 4803 fecisse
460 4744 498 4802 R.
512 4747 578 4803 baec
596 4765 667 4820 quoe
684 4764 719 4803 ac
731 4747 874 4817 summare
887 4743 1077 4813 disputatione
1091 4743 1124 4798 de
1138 4740 1330 4810 udapirubone
1346 4755 1374 4807 p.
1387 4743 1434 4805 63,
1444 4742 1478 4793 14
1488 4753 1543 4808 sqq.
1554 4755 1573 4792 o
1586 4752 1680 4808 prorn-

347 4829 449 4885 nrnte'ce
467 4829 598 4898 rmtitu,
616 4830 663 4885 sed
681 4843 739 4884 non
756 4829 826 4883 entia
845 4830 909 4896 apte
926 4825 977 4880 boc
995 4825 1052 4878 loco
1070 4823 1236 4893 interposito
1254 4825 1335 4886 aaut,
1352 4819 1393 4874 vel
1407 4824 1473 4889 post
1493 4825 1525 4874 16
1544 4815 1624 4890 παρὰ
1643 4817 1679 4876 sni

347 4910 426 4980 χείλη
445 4908 487 4963 cel
501 4913 565 4978 post
586 4914 626 4978 76,
648 4915 664 4964 6
683 4908 762 4978 φῦλα
781 4905 813 4964 δὲ
834 4902 937 4978 φύλοις
956 4905 1087 4961 videntur
1105 4901 1315 4974 nomenmodo
1335 4916 1389 4955 esre
