3616 5482
330 301 397 420 111
908 355 1086 416 1111111
1189 381 1193 388 ·

331 469 352 509 l’·
366 455 427 500 1178.
442 458 471 500 ’Μ
483 456 508 499 P.

422 530 557 608 Crassarl
580 547 718 628 corporis
742 555 789 610 est
812 555 843 611 et
866 550 996 632 saginae,
1019 550 1151 631 grassari
1173 551 1265 612 animi
1290 558 1320 614 et
1343 550 1538 616 crudelitatis.

420 651 529 717 Album
558 665 682 718 naturae
713 663 832 719 tantum
861 664 920 741 est,
948 655 1110 720 candidum
1140 657 1316 739 frequenter
1340 668 1371 724 et
1394 660 1496 725 studii.
1538 680 1608 726 nam
1632 671 1664 725 ot

330 763 452 844 corporl
476 770 506 826 et
530 765 630 827 animo
653 765 835 848 aliquotiens
858 765 1043 849 adsignatur.
1080 764 1165 829 albos
1191 784 1265 848 ergo
1289 767 1421 853 capillos,
1444 789 1568 836 carnem
1592 790 1662 858 can·

330 868 430 934 didam
453 880 536 935 recte
560 870 723 956 dicimus!

419 978 566 1043 Muliebre
585 979 698 1044 dicitur
717 999 733 1043 a
753 981 931 1046 mulieribus
951 982 1064 1067 aliquid
1085 985 1206 1067 lactum,
1226 984 1433 1050 mulierarium
1447 1006 1503 1070 per
1519 989 1663 1054 mulieres
1679 1013 1694 1052 s

328 1087 440 1170 aliquid
465 1087 638 1153 ordinatum
661 1098 693 1154 et
715 1108 770 1173 per
794 1093 876 1153 viros
899 1099 1027 1172 gestum.

419 1195 563 1261 iuuentus
584 1197 670 1262 mnlti
689 1200 814 1262 iuvenes
833 1197 986 1284 dicuntur,
1009 1202 1148 1264 iuventas
1167 1204 1258 1265 unlus
1278 1203 1408 1266 hominis
1423 1214 1513 1291 aetas,
1537 1205 1664 1272 iuuenta

328 1307 393 1387 ipsa
421 1304 491 1391 dea,
519 1315 554 1370 ut
582 1305 688 1371 Graeci
718 1307 823 1372 dicunt
852 1306 919 1389 [aut
941 1317 976 1373 ut
999 1307 1134 1394 poetaeJ,
1162 1308 1287 1374 lunonis
1311 1311 1384 1396 filia,
1413 1331 1490 1377 uror
1513 1313 1663 1402 llerculis,

330 1432 430 1496 aqua
453 1413 574 1478 lunium
598 1435 733 1480 mensem
758 1417 938 1501 appellatum
963 1417 1104 1482 inlibris
1129 1420 1275 1482 laetorum
1300 1419 1435 1502 legimus.

421 1523 570 1588 Delictum
603 1535 762 1607 peccatum
795 1527 915 1609 aliquod
953 1527 1097 1612 dicimus,
1129 1547 1147 1588 e
1180 1528 1331 1593 delectum
1365 1532 1488 1596 militiae
1522 1544 1573 1596 aut
1610 1535 1661 1598 ali·
1680 1557 1709 1596 io

330 1635 418 1696 cuius
446 1635 592 1697 examinis
620 1633 800 1700 electionem
828 1634 1052 1720 appellabimus.
1108 1655 1179 1700 nem
1201 1636 1286 1720 diligi
1317 1637 1494 1704 adlectionis
1521 1649 1582 1726 est,
1612 1642 1663 1706 dc·

329 1741 381 1824 ligi
405 1742 517 1805 iudicii.

420 1850 504 1915 lnter
532 1853 755 1918 commodatum
784 1863 814 1918 et
842 1862 948 1918 mutuo
977 1840 1166 1919 datum'non
1191 1855 1266 1920 nihil
1289 1855 1399 1919 differt
1437 1858 1663 1923 commodamus

205 1951 210 1960 '
330 1963 426 2023 amico
450 1979 506 2044 pro
534 1970 672 2044 tempore
696 1981 822 2048 equum,
845 1973 975 2047 restem,
999 1982 1134 2048 serrum,
1157 1963 1234 2028 hanc
1258 1967 1353 2046 ipsam
1378 1984 1441 2028 rem
1466 1985 1557 2048 quam
1580 1967 1663 2031 dedi·
1780 2005 1787 2014 ·

328 2088 396 2133 mus
424 2073 593 2152 recepturi:
621 2079 726 2135 mutuo
755 2071 861 2136 damus
889 2074 1063 2157 pecuniam,
1097 2076 1246 2157 triticum,
1273 2074 1377 2138 viuum
1410 2084 1442 2138 et
1469 2075 1516 2138 bis
1545 2076 1709 2160 similique

328 2197 404 2260 quae
429 2189 543 2245 mutata
565 2183 661 2263 recipi
685 2198 809 2244 necesse
834 2191 888 2245 est.

421 2286 507 2370 Liqat
530 2290 599 2371 quis
622 2289 757 2374 vinculo,
780 2289 859 2372 leget
884 2276 1072 2354 testamento.

421 2395 518 2479 Loqui
542 2397 672 2461 bominis
696 2407 752 2481 est,
775 2395 898 2479 obloqui
922 2397 1145 2483 obtrectatoris,
1168 2402 1247 2462 sicut
1270 2397 1365 2464 obicit
1388 2403 1527 2484 opponlt;
1551 2401 1662 2484 alloqui

328 2505 483 2568 suadentis
507 2504 553 2568 vel
576 2505 725 2570 hortantis
748 2514 800 2569 aut
823 2505 970 2590 iubentis,
993 2506 1095 2589 eloqui
1118 2510 1256 2572 oratoris.

417 2613 603 2678 Percussum
621 2631 749 2697 corpore
771 2612 909 2696 dicimus,
930 2614 1106 2697 perculsum
1126 2617 1240 2680 animo:
1259 2615 1367 2678 Cicero
1382 2616 1421 2679 de
1444 2619 1538 2700 signis
1557 2612 1662 2681 ‘tam
1679 2640 1711 2682 ro

329 2740 432 2805 quam
456 2721 517 2785 illa
542 2725 619 2806 ipsa
644 2723 720 2786 iace
745 2723 943 2806 perculsus
967 2717 1094 2786 esset’.

384 2867 390 2876 -
418 2829 558 2895 Ellerunt
580 2834 633 2914 qul
657 2841 826 2916 exportant,
849 2833 991 2895 eclerunt
1014 2834 1067 2913 qui
1090 2831 1240 2896 laudando
1265 2833 1428 2898 extollunt:
1452 2833 1531 2898 idem
1555 2834 1663 2898 Cicero

328 2935 497 3003 ‘nimium
521 2940 609 3003 baec
632 2940 691 3004 illi
715 2942 874 3005 sortasse
899 2935 1093 3004 e'clerant'.

417 3047 592 3112 Periculum
616 3049 652 3112 ad
677 3051 840 3114 discrimen
865 3051 1007 3133 pertinet,
1030 3049 1179 3133 periclum
1204 3050 1240 3115 ad
1266 3054 1516 3163 experlmqntum.

413 3349 434 3412 ,1
457 3342 574 3416 saginae
593 3344 621 3399 Β
640 3349 665 3400 et
682 3343 764 3402 Beda
780 3363 808 3416 p.
825 3349 920 3412 2782,
939 3342 1087 3416 sanguinis
1107 3343 1146 3398 Μ
1207 3350 1223 3398 2
1243 3362 1308 3400 nam
1329 3347 1360 3402 et
1378 3344 1490 3417 corpori
1508 3344 1664 3416 aliquoties

328 3428 358 3482 et
377 3424 474 3482 animo
492 3424 661 3497 adsignetur
679 3426 708 3481 Β
787 3434 803 3484 e
826 3426 935 3498 aliquid
955 3426 1107 3497 postniorc
1125 3426 1183 3482 loco
1201 3442 1252 3482 om.
1272 3426 1300 3481 Β
1320 3432 1344 3482 et
1363 3427 1443 3483 Beda
1462 3443 1493 3497 p.
1513 3431 1588 3484 2791
1680 3483 1687 3494 ,

327 3507 454 3582 gestum]
478 3509 583 3566 iestum
602 3507 630 3562 Β
722 3516 738 3565 8
764 3513 814 3565 sut
837 3511 870 3564 ui
892 3509 995 3580 poetae
1016 3507 1054 3562 M
1075 3509 1126 3563 eut
1149 3503 1253 3576 postue
1271 3508 1300 3562 Β
1319 3513 1344 3563 et
1362 3507 1443 3563 Beda
1456 3523 1488 3578 p.
1507 3512 1589 3564 2788

328 3596 345 3646 il
364 3590 487 3662 legimus
505 3590 535 3646 in
554 3589 634 3647 libris
653 3589 792 3647 festorum
810 3590 838 3646 B
932 3595 966 3644 10
985 3587 1128 3645 delectum
1147 3588 1270 3646 milities
1290 3605 1307 3650 ς
1325 3589 1463 3646 dilectum
1482 3589 1605 3646 militiae
1625 3591 1666 3647 M

328 3670 465 3728 delictum
484 3670 606 3728 miiitiae
623 3671 661 3727 Β.
690 3673 820 3729 lacunam
838 3671 978 3739 iasdicoos',
1002 3687 1059 3741 quo
1078 3670 1203 3740 definitio
1217 3672 1370 3742 participii
1388 3669 1527 3738 dilectus,
1551 3671 1626 3742 quod
1645 3691 1665 3730 o

328 3754 433 3810 delectu
451 3753 572 3809 miiitum
591 3752 743 3823 Aproeciue
762 3751 1068 3820 decimoquarto
1162 3757 1193 3806 11
1216 3767 1283 3807 nsm
1301 3750 1384 3822 diligi
1405 3751 1444 3806 M
1448 3767 1465 3811 s
1483 3768 1551 3808 nem
1570 3755 1600 3808 ct
1619 3752 1662 3808 di·

327 3832 387 3905 1131
405 3833 434 3888 Β
509 3839 541 3889 13
561 3832 667 3907 differt]
687 3834 778 3890 111111
795 3835 824 3889 Β
891 3832 1123 3890 commendamus
1141 3833 1169 3888 Β
1245 3839 1278 3887 14
1297 3831 1390 3890 emico
1409 3834 1452 3889 bis
1470 3835 1604 3905 scriptum
1623 3841 1663 3891 est

327 3915 360 3971 ise
380 3914 418 3970 M
490 3913 607 3988 equum]
628 3914 736 3971 animal
754 3915 784 3969 Β
857 3918 891 3970 18
911 3913 987 3970 sicui
1005 3913 1105 3986 obicit]
1126 3914 1201 3970 sicut
1219 3913 1325 3972 obiecit
1344 3915 1433 3971 obicit
1451 3915 1480 3969 Β
1553 3915 1663 3986 alloqui

327 3995 525 4067 persuadentis
552 3995 695 4054 hortantis
720 3995 768 4051 nel
793 3995 918 4052 iubentis
944 3996 985 4065 Β,
1016 3995 1134 4067 sdloqui
1165 3995 1362 4067 persuadentis
1392 3994 1591 4066 hortentieque
1617 3998 1664 4053 rel

327 4076 453 4134 iubentis
472 4077 553 4134 Beda
566 4096 598 4150 p.
617 4083 696 4135 2790
778 4081 813 4132 20
832 4077 992 4151 tamqnam]
1013 4077 1069 4136 Cic.
1090 4081 1120 4135 in
1146 4079 1221 4135 Verr.
1241 4084 1294 4136 oct.
1312 4093 1363 4134 sec.
1385 4077 1470 4132 IIII
1487 4081 1533 4145 34,
1552 4083 1588 4134 75

327 4165 360 4216 itt
376 4159 440 4216 fece
454 4159 483 4214 Β
496 4158 584 4216 111111
600 4160 639 4215 M
709 4165 744 4214 22
767 4157 897 4216 Edetani
911 4159 959 4228 qui
974 4161 1090 4230 portent
1105 4163 1134 4216 et
1148 4159 1270 4216 efferunt
1284 4159 1334 4230 qni
1352 4157 1494 4214 laudando
1509 4158 1661 4215 extollunt.

328 4240 407 4297 Idem
428 4241 520 4298 cicero
538 4243 659 4300 nimium
679 4243 751 4299 baec
769 4241 813 4297 illi
831 4239 950 4298 fortssm
970 4240 1092 4298 efferunt
1109 4255 1134 4302 ς.
1163 4241 1199 4309 es.
1217 4239 1294 4296 Mon.
1312 4257 1340 4310 p.
1361 4245 1429 4305 298,
1448 4245 1465 4294 1
1487 4239 1593 4296 ecierre
1612 4256 1662 4296 ex-

327 4322 443 4380 tolleres
461 4323 498 4379 M.
519 4324 632 4381 Tullius
650 4324 685 4382 de
705 4323 795 4394 signis
813 4324 856 4391 (in
880 4321 956 4378 Verr.
977 4327 1029 4378 oct.
1049 4337 1099 4378 see.
1121 4320 1208 4377 IIII
1224 4323 1357 4390 5o‚124)
1383 4319 1513 4376 ‘nimium
1538 4319 1662 4380 forsitan

327 4403 398 4460 hoec
417 4404 461 4460 illi
480 4405 621 4462 mirentur
639 4409 728 4477 etque
747 4403 883 4461 ecimant’
960 4401 1100 4475 ecferunt]
1121 4402 1151 4457 11
1169 4399 1265 4456 ierunt
1283 4401 1311 4456 Β
1330 4403 1360 4457 11
1378 4401 1427 4472 qui
1445 4401 1541 4459 ierunt
1560 4403 1599 4458 M

328 4509 361 4558 21
382 4501 459 4559 idem
476 4504 596 4562 nimium
615 4503 686 4561 hoec
703 4503 748 4560 illi
766 4502 886 4558 formose
900 4499 1020 4558 efferent
1037 4500 1066 4556 Β
1084 4501 1161 4558 idem
1179 4487 1370 4556 1111111111
1388 4499 1508 4556 nimium
1526 4501 1598 4558 hoec
1616 4503 1662 4559 illi
1775 4493 1778 4498 ’

327 4585 447 4642 tortasse
477 4587 515 4642 M
628 4593 664 4644 24
693 4583 856 4643 Periculum
883 4581 920 4637 ad
947 4581 1099 4640 discrimen
1127 4581 1254 4655 pertinet
1280 4579 1420 4652 periclum
1448 4585 1529 4652 (corr.
1559 4583 1596 4638 ol.
1624 4601 1660 4639 m.

328 4665 498 4740 pericnlum)
525 4669 563 4725 nd
591 4668 818 4740 experimentum
845 4660 874 4717 Β
902 4662 1060 4720 Discrimen
1089 4662 1126 4719 ad
1155 4661 1314 4734 periculum
1344 4660 1471 4732 pertinet
1498 4664 1528 4719 et
1555 4661 1593 4718 ed
1620 4665 1663 4732 (et

327 4744 359 4801 id
377 4749 406 4816 ς)
424 4748 651 4819 experimentum
676 4749 713 4806 M
717 4763 734 4809 ς
757 4746 919 4804 Discrimen
941 4746 972 4800 et
993 4743 1030 4800 ad
1053 4745 1211 4816 pericnlum
1234 4745 1264 4800 et
1287 4743 1324 4799 ad
1349 4743 1575 4815 experimentum
1597 4763 1663 4817 per·

328 4825 404 4883 tinet
416 4845 448 4899 p.
477 4830 513 4899 cf.
533 4829 608 4890 Non.
628 4849 659 4903 p.
680 4835 784 4901 364,1
811 4827 969 4903 periculum
988 4829 1033 4883 est
1051 4827 1152 4885 solutis
1172 4828 1324 4886 discrimen
1344 4859 1376 4870 -
1396 4825 1539 4900 1111111111Υ
1553 4827 1663 4900 experi-

328 4911 459 4966 mentum
