3604 5486
365 340 433 408 ouo
813 339 1005 416 [coruum
1030 339 1257 417 monronis]

365 457 389 498 p.
403 445 464 486 reor.
480 443 534 486 asoa
549 442 575 485 1³.

456 527 639 592 Oliectorem
667 539 697 593 et
726 529 914 595 inlectorem.
966 530 1096 593 iniectcr
1128 529 1262 594 colorem
1297 539 1405 616 mutat,
1438 533 1565 596 ollector
1598 531 1699 594 cilicio

365 638 460 702 obest

457 745 581 811 Certum
605 755 636 810 et
659 765 773 812 rerum.
812 759 930 812 certum
950 750 1059 832 recipit
1081 751 1340 832 praepositionem
1362 764 1392 814 et
1415 752 1449 815 lit
1471 754 1637 828 incertum,
1667 761 1700 813 et

365 865 483 920 certum
508 855 554 920 rel
577 855 697 940 pondus
721 857 768 920 rel
792 859 836 921 rei
859 859 1007 942 pretium3
1032 875 1137 920 rerum
1162 861 1326 942 opponitur
1349 858 1433 924 laiso.

454 963 596 1047 Figuram
624 973 655 1028 et
682 967 818 1030 lormam.
865 968 960 1048 figura
992 969 1067 1029 artis
1094 975 1143 1030 est
1170 985 1261 1052 opus3
1294 969 1391 1032 lorma
1420 979 1545 1033 naturae
1573 969 1698 1052 bonum,
1725 985 1737 1024 ⁵

366 1073 447 1138 unde
471 1077 561 1138 etiam
585 1077 738 1140 formosus
761 1076 882 1140 dicitnr.

456 1184 653 1266 ignominiam
686 1194 717 1248 et
749 1187 910 1249 infamiam.
966 1187 1130 1267 ignominia
1151 1180 1155 1270 l
1176 1188 1343 1269 imponitur
1371 1185 1408 1250 ab
1441 1206 1477 1250 ec
1511 1190 1563 1270 qui
1597 1199 1698 1270 potest

364 1291 624 1356 animadversione
648 1297 801 1378 innotare3
828 1294 949 1358 iniamla
974 1313 1011 1357 ex
1035 1295 1201 1358 multorum
1225 1313 1366 1358 sermone
1391 1298 1532 1360 nascitur.

455 1401 577 1467 Nullum
600 1414 631 1466 et
654 1405 813 1468 neminem.
861 1402 963 1467 nullus
987 1413 1034 1466 est
1058 1413 1118 1466 tam
1142 1405 1173 1466 in
1198 1421 1231 1465 re
1256 1420 1346 1485 quarn
1375 1406 1406 1467 in
1434 1423 1578 1489 persona;
1609 1427 1697 1471 nemo

364 1513 395 1575 iu
419 1529 549 1594 persona
573 1511 698 1596 dicitur,
722 1512 752 1577 ld
777 1521 824 1576 est
848 1531 885 1576 ne
910 1511 1008 1576 homo.
1484 1597 1486 1602 ι
1659 1559 1663 1564 -
1713 1529 1737 1570 1⁰

455 1620 569 1685 iratum
593 1631 624 1686 et
647 1621 834 1686 urcundum.
881 1623 977 1685 iratus
1000 1639 1037 1683 ex
1060 1622 1175 1684 oileusa
1199 1629 1260 1704 est,
1283 1621 1448 1688 iracundus
1472 1633 1589 1688 natura.

455 1729 630 1794 Periculum
653 1740 685 1795 et
706 1734 883 1815 perniciem.
930 1729 1097 1814 periculum
1123 1731 1261 1814 timetur,
1284 1733 1436 1814 pernicies
1456 1745 1561 1796 contra
1581 1753 1696 1798 necem.

456 1837 586 1904 Feroces
610 1848 641 1904 et
663 1841 753 1904 leros.
800 1841 920 1903 leroces
943 1842 1057 1922 animo,
1080 1839 1138 1902 leri
1162 1838 1265 1902 leones
1289 1843 1445 1923 ceterique
1469 1843 1591 1906 similes.

456 1945 569 2012 Omnes
597 1957 629 2012 et
656 1959 784 2013 cunctos
812 1960 842 2012 et
871 1951 1038 2012 universos.
1089 1967 1194 2012 omnes
1224 1948 1340 2013 nullum
1368 1952 1495 2036 excipit,
1527 1961 1561 2016 ut
1591 1971 1698 2017 omnes

365 2055 516 2141 homines,
539 2060 580 2121 lta
600 2077 664 2122 res:
693 2060 795 2121 cuncti
818 2060 923 2140 utique
947 2061 979 2120 in
1001 2075 1201 2141 personarum
1226 2077 1354 2122 numero
1377 2062 1572 2124 nominantur
1595 2064 1698 2144 prisco
1714 2075 1738 2115 1⁵

365 2165 439 2228 dicti
459 2165 564 2230 verbo:
583 2169 718 2230 universi
736 2169 768 2231 iu
787 2185 879 2231 uuam
898 2168 1078 2231 sententiam
1098 2169 1237 2230 conversi
1256 2166 1377 2231 dicendi
1392 2169 1464 2251 quid
1480 2171 1543 2232 sire
1558 2171 1697 2235 faciendi

455 2275 583 2338 Auferre
612 2287 643 2340 et
671 2278 790 2360 eripere
818 2285 850 2339 et
882 2277 1024 2339 adimere.
1071 2276 1171 2339 aulert
1198 2275 1279 2359 quod
1309 2276 1404 2362 dedit,
1436 2277 1541 2341 adimit
1567 2281 1697 2362 imperio

366 2393 503 2468 coactus,
532 2387 623 2467 eripit
650 2387 687 2448 ri
734 2387 835 2468 itaque
864 2386 985 2448 auterre
1013 2401 1189 2468 possumus,
1222 2383 1355 2448 adimere
1387 2385 1543 2472 iubemur,
1577 2391 1697 2471 eripere

365 2492 507 2560 valemus.

457 2601 597 2668 Studium
622 2615 653 2668 et
676 2603 873 2688 disciplinam.
921 2604 1054 2668 studium
1079 2605 1170 2666 animi
1194 2613 1254 2686 est,
1277 2603 1435 2687 disciplina
1458 2607 1541 2667 artis.
1711 2619 1739 2660 ²⁰

457 2711 603 2776 inchoare
627 2722 658 2776 et
681 2715 825 2795 incipere.
863 2713 986 2776 inchoat
1009 2715 1061 2795 qui
1080 2714 1231 2776 incertum
1252 2714 1332 2798 iacit,
1350 2715 1456 2796 incipit
1475 2715 1563 2777 cuius
1583 2717 1696 2778 exitum

367 2831 477 2904 sperat

457 2929 573 2994 Bonum
608 2941 639 2994 et
671 2931 870 2995 commodum.
923 2931 1021 2995 bonus
1055 2933 1218 3014 opponitur
1252 2931 1328 2996 malo
1356 2928 1380 3012 †
1408 2950 1499 3014 quam
1530 2931 1596 2994 aliis
1629 2951 1696 3014 usu,

369 3041 546 3103 commodus
569 3041 635 3103 aliis
658 3043 832 3104 necessario
856 3043 961 3124 utique
985 3041 1118 3124 prodest.

457 3149 621 3212 Decentem
644 3159 675 3212 et
698 3150 873 3212 formosum.
920 3149 1033 3213 decens
1056 3152 1088 3212 in
1112 3160 1199 3232 gestu
1224 3159 1271 3213 est
1295 3161 1325 3213 et
1348 3163 1432 3215 motu
1456 3151 1609 3233 corporis,
1637 3152 1695 3212 lor·
1710 3166 1737 3206 as

367 3276 471 3321 mosus
495 3257 532 3321 ab
556 3258 716 3322 excellenti
740 3261 840 3342 specie
865 3259 985 3322 dicitur.

458 3367 604 3430 decorem
624 3378 655 3431 et
674 3371 814 3451 speciem.
856 3368 950 3431 decor
969 3371 1138 3432 communis
1158 3376 1205 3431 est
1224 3369 1373 3451 omnium,
1392 3371 1418 3430 is
1438 3368 1509 3431 lacit
1527 3368 1696 3431 decentiam

368 3478 493 3560 speciei3
518 3479 635 3559 species
653 3481 775 3560 propria
795 3480 828 3541 lit
846 3481 1004 3560 cuiusque.
1033 3480 1135 3559 itaque
1155 3477 1247 3540 decor
1267 3479 1297 3541 in
1318 3477 1421 3542 habitu
1441 3487 1501 3562 est,
1524 3480 1642 3560 species
1665 3479 1696 3540 in

368 3585 520 3649 membris.
546 3637 552 3650 .

458 3693 554 3758 Litem
573 3705 605 3759 et
624 3699 868 3759 controversiam.
916 3696 953 3758 lis
977 3697 1126 3778 nascitur,
1148 3697 1314 3776 pertinacia
1334 3695 1428 3758 ellicit
1446 3697 1697 3778 controversiam
1711 3713 1737 3754 so

458 3939 475 3989 a
494 3933 611 3990 Nullum
634 3935 716 3991 Beda
738 3940 826 4004 281,7
915 3942 945 3990 11
967 3935 1076 3990 Iratum
1099 3935 1180 3992 Beda
1202 3939 1290 4001 2765
1378 3939 1411 3990 17
1435 3932 1513 3990 Inter
1535 3933 1645 3991 anime
1667 3937 1697 3989 et

367 4013 492 4072 adimere
508 4017 537 4071 ei
550 4015 659 4088 eripere
668 4060 674 4072 .
683 4016 838 4073 anierimus
852 4015 912 4074 iure
927 4017 976 4089 qui
986 4017 1056 4089 quid
1066 4019 1095 4087 (l.
1106 4016 1153 4074 cui
1162 4015 1243 4087 qnid)
1254 4013 1393 4086 dedimus,
1403 4013 1556 4072 adimimus
1565 4015 1695 4084 iussione,

367 4096 503 4168 eripimus
521 4098 661 4154 violenter
680 4099 738 4155 rod.
759 4099 851 4157 Morti.

399 4319 403 4329 ¹
459 4335 525 4392 iet
543 4339 608 4391 note
625 4337 734 4391 certum
753 4350 842 4394 orus
925 4333 1104 4408 Sinuotere]
1125 4339 1261 4394 notares
1345 4342 1378 4392 10
1397 4333 1426 4390 id
1445 4337 1490 4391 est
1508 4349 1592 4390 nemo
1611 4331 1695 4389 homo

368 4416 402 4472 N
409 4431 425 4476 ς
449 4419 481 4474 ui
506 4433 542 4473 ne
565 4415 651 4472 homo
670 4417 750 4474 Beda
838 4421 870 4472 11
890 4415 1050 4473 Periculum
1074 4420 1104 4472 et
1126 4415 1280 4488 perniciem
1305 4415 1462 4488 periculum
1482 4417 1582 4471 contra
1598 4429 1695 4470 necem

368 4499 485 4555 limetur
508 4497 647 4570 pernicies
670 4499 705 4554 N
709 4515 726 4559 ς
746 4497 907 4555 Periculum
932 4498 961 4553 et
985 4498 1140 4570 perniciem
1160 4541 1166 4554 .
1187 4497 1348 4555 Periculum
1368 4501 1467 4554 contra
1486 4495 1618 4568 quamuis
1636 4511 1695 4552 rem

368 4579 498 4650 timetur,
522 4580 663 4652 pernicies
687 4583 785 4637 contra
803 4596 901 4636 necem
921 4577 1075 4637 Fabricius
1167 4586 1200 4636 13
1225 4579 1345 4637 Peroces
1374 4609 1407 4622 -·
1435 4577 1543 4634 similes
1570 4585 1632 4650 post
1659 4584 1695 4634 16

289 4665 292 4672 ⁴
368 4659 492 4716 luciendi
507 4661 682 4732 meunt
696 4663 759 4722 inc
834 4667 867 4717 lt
886 4661 929 4717 ito
948 4669 977 4717 et
991 4679 1067 4723 reas
1141 4661 1253 4735 utique]
1269 4662 1399 4732 itoques
1472 4665 1506 4716 11
1521 4659 1571 4730 qni
1585 4657 1695 4718 dedite

408 4748 440 4797 18
460 4742 546 4814 eripit
565 4741 607 4817 ri]
627 4743 733 4814 eripuit
751 4742 785 4797 N
801 4741 887 4812 eripit
906 4741 956 4812 qni
975 4743 1039 4813 plue
1058 4743 1173 4803 uclets
1247 4748 1281 4798 13
1302 4741 1399 4815 quam]
1420 4741 1468 4811 qui
1489 4739 1644 4798 Fabricius

369 4827 404 4878 18
429 4824 541 4895 proprie
566 4839 635 4880 corr.
660 4823 776 4896 propria
798 4824 832 4878 N
934 4823 978 4896 fit]
1006 4823 1044 4881 sit
1070 4827 1112 4881 cel
1136 4825 1168 4880 tit
1191 4823 1225 4879 N
1245 4827 1325 4883 esis
1429 4821 1459 4878 in
1478 4821 1626 4896 membris]
1645 4823 1696 4879 irn-

369 4904 504 4961 membris
522 4905 556 4961 N
