3616 5482
362 335 407 402 90
699 359 708 388 ·,
842 337 950 394 caetu
970 335 1018 394 ΕΤ
1036 335 1214 394 acuoucn
1292 363 1306 386 ο

362 527 543 587 testimoniis
571 528 598 586 el
628 524 805 588 tribuuntur
834 527 921 609 baec,
949 528 985 589 de
1015 547 1040 590 r.
1066 547 1165 606 33333
1194 547 1221 608 p.
1247 523 1303 607 tt,
1331 523 1374 589 28
1404 526 1469 589 coll.
1494 525 1589 588 Prisc.
1614 525 1630 586 l.
1656 523 1697 584 Vl

360 652 388 715 p.
414 629 489 716 260,
516 631 566 710 17,
591 635 627 698 13
652 654 677 696 v.
699 635 804 713 [33133
828 655 855 716 3.
881 633 933 718 81,
958 633 979 698 2
1002 633 1698 717 33118333.1311333.Α33.Ι.3.,133.133

360 761 388 824 p.
415 739 488 825 loa,
512 741 534 805 t
558 743 624 805 coll.
650 742 743 805 Prisc.
768 743 785 804 l.
812 741 849 804 Vl
873 763 900 825 p.
925 742 1001 826 212,
1026 739 1055 807 5.
1094 742 1258 806 13131313
1283 746 1500 806 commentario
1529 743 1565 806 de
1590 741 1696 804 dubiis

361 849 679 932 33311316333331333.
704 852 752 914 lat.
779 872 802 912 r.
827 851 851 911 V
875 872 902 932 p.
927 849 992 916 571
1010 871 1074 933 sqq.
1113 852 1250 933 plurima,
1274 869 1350 932 quae
1376 850 1498 932 quldem
1523 855 1554 914 in
1578 851 1628 914 illo
1655 869 1695 911 ex

361 961 531 1039 antiquiore
561 958 697 1021 doctrina
728 963 819 1040 petita
849 970 933 1042 3331,
963 961 1032 1023 huic
1063 964 1252 1042 potissimum
1281 963 1476 1041 grammatico
1501 958 1605 1022 deberi
1629 959 1696 1020 1131

361 1064 402 1128 ib.
426 1063 550 1148 3610.
587 1066 718 1148 denique
742 1067 820 1149 apud
846 1067 976 1150 Nonium
1001 1069 1093 1131 mrrlta
1118 1087 1194 1148 qnae
1219 1087 1234 1130 a
1260 1067 1357 1150 Capro
1382 1075 1508 1130 tractata
1533 1086 1600 1128 esse
1620 1085 1695 1128 cou-

359 1183 418 1236 stat
440 1177 651 1259 inveniuntur,
678 1195 755 1257 quae
779 1195 814 1238 es
840 1177 920 1239 illius
944 1177 1028 1240 libris
1061 1176 1096 1238 ad
1122 1176 1252 1240 Nonium
1276 1179 1452 1260 3333331333
1475 1175 1555 1238 hatrd
1579 1177 1694 1257 impro-

359 1281 457 1346 babile
481 1292 535 1346 est
574 1287 690 1347 etiarnsi
715 1289 795 1348 eninr
819 1285 951 1348 dubitari
976 1305 1065 1366 saepe
1090 1295 1205 1366 potest,
1230 1294 1333 1347 utrum
1358 1283 1395 1345 ab
1419 1283 1476 1346 hoc
1500 1285 1567 1365 1333
1590 1301 1627 1346 33
1654 1283 1695 1344 ab

359 1389 581 1472 antiquioribus
606 1393 781 1455 auctoribus
806 1412 882 1475 quos
906 1394 955 1456 illc
975 1392 1154 1459 adhibuerat
1173 1413 1206 1455 ea
1227 1395 1320 1476 petita
1340 1395 1410 1473 sint,
1434 1391 1549 1473 quade
1570 1411 1602 1454 33
1622 1401 1694 1472 post

360 1499 516 1562 Hertzinna
546 1500 641 1562 annal.
666 1497 858 1581 3131131333.
884 1521 911 1563 a.
940 1501 1025 1566 1862
1048 1522 1076 1585 p.
1104 1499 1168 1566 186
1192 1501 1304 1565 Paulus
1329 1501 1514 1564 Schmidtins
1538 1501 1575 1562 de
1600 1499 1691 1562 Nonii

358 1606 794 1690 31131.3ι·3333.3.148333.
818 1609 901 1692 dixit,
926 1619 1026 1672 tamen
1052 1610 1097 1672 vel
1121 1618 1246 1692 propter
1271 1610 1461 1690 frequentem
1486 1607 1575 1688 Capri
1599 1625 1690 1669 usum

358 1715 394 1778 ad
420 1714 499 1778 hunc
523 1719 737 1798 potiusquam
762 1717 797 1778 ad
823 1721 1009 1800 antiquiores
1033 1721 1244 1798 grammaticos
1268 1735 1303 1779 33
1326 1714 1494 1778 revocanda
1518 1725 1598 1778 3331.

276 1805 278 1810 ’
450 1823 491 1886 lie
522 1833 618 1886 aetate
647 1833 748 1888 erstem
779 1828 964 1906 grammatici
995 1827 1051 1916 hoc
1080 1835 1211 1908 constat,
1238 1835 1307 1907 post
1330 1823 1479 1907 Probum,
1510 1843 1599 1905 quern
1624 1827 1691 1906 ipse

363 1931 530 2014 appellarit,
554 1941 584 1994 31
608 1942 676 2014 3331
700 1932 830 1996 Plinium
855 1928 937 2014 (narn
962 1933 1019 1996 hoc
1044 1952 1166 2014 qnoque
1192 1952 1265 1995 3333
1290 1927 1350 2016 331)
1375 1949 1444 1994 3333
1469 1933 1588 2014 vixisse,
1613 1933 1691 1994 lulio

360 2039 494 2102 Romano
517 2051 632 2124 autem,
656 2045 708 2123 331
732 2045 797 2104 3133
822 2045 917 2124 333113
940 2060 1015 2106 3333
1039 2052 1100 2124 est,
1123 2043 1325 2122 antiquiorem
1350 2042 1452 2103 luisse.
1490 2049 1521 2102 et
1545 2041 1690 2120 quoniam

361 2147 488 2211 similem
513 2150 576 2212 lere
596 2153 744 2214 rationem
764 2161 854 2232 31333
873 2154 938 2232 1333
959 2150 1112 2212 Romanus
1132 2157 1341 2233 secutusesse
1361 2145 1480 2211 videbar
1501 2151 1691 2228 maximeque

360 2256 398 2318 de
412 2259 692 2338 antiquissimorum
708 2261 893 2341 scriptorum
908 2277 1047 2321 sermone
1064 2261 1260 2339 quaesiverat,
1275 2275 1336 2320 non
1352 2261 1392 2320 ita
1408 2255 1503 2319 multo
1513 2264 1582 2318 ante
1599 2255 1692 2338 bunc,

360 2363 417 2426 hoc
442 2374 489 2428 est
512 2365 569 2428 sub
594 2366 685 2428 linem
709 2367 772 2429 lere
802 2367 928 2429 3333311
958 2369 1082 2450 3333311,
1113 2385 1184 2429 eum
1208 2369 1318 2428 vixisse
1343 2363 1524 2446 putabimus.
1564 2368 1690 2426 incertis

360 2475 440 2535 enirn
469 2472 636 2536 rationibus
660 2493 734 2536 3333
758 2473 898 2538 0333333
927 2485 1054 2537 aetatem
1084 2477 1149 2537 eius
1173 2473 1399 2554 angustioribus
1422 2473 1533 2536 linibus
1557 2474 1688 2534 circum·

360 2579 495 2642 scribere
519 2580 649 2663 studuit,
680 2600 748 2643 cum
778 2582 813 2643 ad
838 2581 1009 2645 Flauiorum
1033 2585 1250 2664 imperatorum
1275 2593 1410 2664 tempora
1435 2599 1499 2644 eam
1525 2591 1693 2644 revocaret.

451 2687 495 2751 Ex
526 2687 573 2750 his
605 2707 681 2769 3333
712 2688 774 2752 dixi
807 2695 864 2752 iam
897 2689 933 2752 de
965 2691 1084 2752 duobus
1115 2691 1223 2753 libellis
1257 2693 1309 2772 qui
1337 2709 1419 2753 3333
1449 2689 1537 2772 Capri
1568 2691 1692 2752 nomine

362 2800 501 2879 inscripti
531 2798 672 2859 teruntur
700 2807 784 2889 recte
807 2799 934 2862 iudicari
957 2819 1046 2882 posse
1069 2809 1153 2882 puto.
1197 2803 1334 2880 quamvis
1362 2801 1443 2860 enim
1468 2797 1505 2858 ab
1531 2797 1695 2860 uberrimis

361 2906 457 2986 copiis
481 2908 590 2967 veteris
610 2909 795 2986 grammatici
815 2917 845 2969 31
865 2911 972 2970 eximia
992 2908 1164 2970 eruditione
1184 2926 1261 2988 3333
1286 2910 1315 2969 13
1342 2909 1518 2987 1333333113
1542 2904 1694 2967 librorum

362 3016 428 3075 3133
448 3013 526 3094 3331
546 3017 732 3095 posteriores
752 3018 962 3096 grammaticos
982 3026 1105 3098 apparet
1124 3017 1155 3078 hi
1174 3016 1243 3079 libri
1263 3015 1349 3098 plane
1369 3016 1480 3078 diversi
1502 3017 1571 3096 sint,
1592 3023 1695 3075 tamen

360 3124 392 3182 in
416 3120 463 3182 his
487 3138 607 3202 333333
632 3141 691 3184 333
716 3122 813 3184 solum
834 3123 977 3204 reliquiae
997 3127 1185 3204 antiquitatis
1203 3135 1234 3186 et
1255 3125 1379 3203 vestigia
1397 3121 1553 3185 doctrinae
1573 3139 1590 3182 a
1610 3120 1692 3182 bono

362 3238 486 3291 auctore
511 3233 621 3310 petitae
645 3233 850 3312 inveniuntur,
876 3248 980 3292 verum
1004 3235 1095 3294 etiam
1118 3235 1176 3313 ipsi
1201 3230 1297 3312 Capro
1322 3230 1468 3312 quaedam
1492 3233 1591 3292 exiis
1615 3249 1694 3310 3333

363 3335 411 3400 hic
442 3337 570 3420 13313313
599 3337 635 3400 ab
663 3338 729 3400 aliis
758 3339 943 3402 tribuuntur.
986 3339 1114 3420 plurima
1143 3359 1214 3402 vero
1243 3342 1280 3402 iis
1305 3339 1472 3402 rationibus
1497 3356 1572 3418 quas
1596 3357 1690 3419 supra

363 3446 425 3508 dixi
447 3445 545 3508 eidem
570 3448 686 3509 auctori
717 3446 859 3509 uindicari
889 3457 1042 3528 poterunt.
1090 3466 1158 3510 nam
1182 3467 1289 3528 magua
1317 3467 1387 3529 pars
1411 3467 1517 3511 eorum
1541 3465 1618 3527 quae
1643 3445 1693 3507 hic
1766 3491 1769 3496 .

363 3553 496 3616 breviter
520 3564 647 3618 tractata
671 3555 716 3616 vel
740 3573 801 3617 uno
826 3554 918 3618 verbo
942 3556 1070 3618 indicata
1095 3565 1167 3618 sunt
1191 3555 1316 3617 uberius
1343 3559 1477 3638 exposita
1498 3565 1528 3618 et
1547 3553 1695 3636 exemplis

363 3665 547 3744 scriptorum
576 3663 751 3725 conllrmata
778 3667 933 3727 invenitur
961 3666 1040 3747 apud
1070 3683 1123 3728 333
1152 3667 1362 3745 grammaticos
1393 3682 1469 3745 quos
1494 3661 1583 3744 Capri
1606 3661 1694 3724 libris

326 3768 436 3851 'usos
460 3789 526 3833 esse
551 3774 678 3852 scimus,
702 3771 885 3855 Charisium,
909 3773 1112 3855 Priscianuru,
1135 3763 1266 3834 Nonium
1296 3780 1327 3834 et
1356 3791 1425 3834 enm
1450 3774 1502 3851 qui
1526 3771 1563 3832 de
1593 3768 1695 3832 dubiis

364 3877 536 3941 nominibus
560 3883 690 3960 scripsit.
727 3880 801 3942 illud
826 3899 947 3963 quoque
971 3901 987 3943 a
1011 3871 1179 3944 rationibus
1203 3883 1294 3943 hrains
1318 3869 1505 3961 grammatici
1525 3878 1603 3941 haud
1623 3877 1695 3939 alie·

365 4004 438 4049 utrm
458 3995 514 4069 est,
533 3987 614 4067 qnod
633 3975 676 4048 de'
690 4005 751 4049 non
771 3989 861 4052 331113
880 3990 1033 4053 vocabulis
1054 4009 1088 4052 cs
1109 3995 1202 4052 certis
1217 3989 1337 4071 Vergilii
1355 3989 1492 4052 versibus
1507 3988 1696 4070 depromptis

364 4094 572 4158 adnotationes
587 4097 717 4178 scriptae
733 4105 812 4158 sunt.
846 4099 948 4178 itaque
968 4117 1037 4161 cum
1057 4101 1179 4161 minime
1199 4098 1396 4180 improbabile
1417 4101 1456 4160 sit
1476 4106 1509 4160 nt
1528 4115 1564 4158 ex
1583 4098 1697 4157 veteris

365 4207 551 4286 grammatici
574 4204 659 4267 libris
684 4204 739 4266 hos
763 4207 814 4284 331
839 4224 920 4267 3333
944 4210 1011 4269 eius
1036 4224 1144 4269 nomen
1170 4225 1240 4288 prae
1265 4226 1297 4269 33
1322 4208 1425 4269 133331
1448 4211 1616 4284 excerptos,
1640 4202 1695 4263 sed

366 4313 474 4375 studiis
505 4316 711 4375 recentiorum
748 4316 1012 4393 grammaticorum
1048 4315 1132 4376 valde
1168 4315 1364 4377 obtruncatos
1396 4321 1426 4374 et
1460 4321 1590 4374 mutatos
1625 4327 1695 4371 esse

366 4421 534 4504 credamus,
557 4425 615 4504 ipsi
635 4422 715 4484 tituli
734 4420 881 4484 librorum
901 4425 953 4501 qui
972 4441 1062 4484 manu
1082 4426 1205 4504 scriptis
1225 4421 1380 4484 codicibus
1401 4420 1562 4481 memoriae
1582 4417 1695 4498 proditi

365 4537 437 4590 sunt
465 4530 552 4592 lacile
579 4533 610 4592 in
639 4531 716 4592 hanc
745 4539 861 4611 partem
892 4530 970 4591 trahi
995 4542 1135 4613 possunt,
1165 4543 1198 4594 ut
1227 4533 1322 4592 maior
1345 4528 1421 4590 liber
1445 4529 1498 4608 qui
1521 4526 1633 4588 dicitur
1656 4525 1695 4586 de

366 4636 578 4719 orthographia
598 4638 634 4699 ad
658 4638 753 4701 libros
776 4637 813 4699 13
838 4639 993 4718 latinitate,
1017 4637 1092 4700 alter
1112 4642 1163 4719 qui
1183 4648 1229 4700 est
1248 4638 1285 4700 13
1305 4635 1404 4698 dubiis
1424 4635 1524 4696 verbis
1543 4634 1580 4696 ad
1600 4631 1697 4695 libros

366 4743 404 4806 13
423 4744 524 4808 dubiis
538 4746 701 4826 generibus
717 4747 875 4820 reseratur,
895 4745 975 4826 quod
992 4744 1141 4809 Christius
1156 4745 1260 4806 Philol.
1276 4762 1301 4804 v.
1317 4741 1411 4803 Xl'lll
1425 4761 1453 4822 3.
1472 4737 1534 4804 168
1550 4739 1695 4802 defendit.

365 4871 472 4914 verum
503 4852 576 4914 haec
606 4872 686 4916 nunc
719 4872 779 4915 uon
808 4870 982 4945 persequar.
1025 4871 1093 4913 narn
1126 4852 1213 4932 longa
1241 4851 1443 4931 disputatione
1477 4867 1553 4930 opus
1584 4857 1631 4910 est
1662 4860 1698 4912 ut
