3616 5482
597 329 647 386 on
667 315 963 388 onrnoonnetnn
1383 332 1447 398 141

201 519 290 584 hlanu
315 521 421 604 scripti
445 529 545 583 autom
570 519 640 584 libri
665 523 697 584 in
720 520 767 584 his
791 519 930 604 partibus
954 537 1030 601 qrras
1050 518 1129 582 edidi
1149 519 1223 582 mihi
1246 522 1343 602 parati
1362 529 1450 584 erarrt

91 637 191 706 tres,
217 628 501 711 Bamhergensis
530 628 564 692 ll.
590 627 610 692 l.
639 628 678 693 tv
711 625 767 714 15,
795 627 1124 711 wirceburgensis
1153 627 1172 691 i.
1196 625 1263 710 ba,
1291 627 1449 709 Saoger·

92 739 296 800 mariensis
321 733 396 800 782.
434 757 471 800 ex
499 738 611 820 quibus
635 757 716 802 unrrs
739 737 973 820 bambergensis
1001 737 1079 800 duos
1102 737 1327 798 institutionum
1355 735 1449 800 libros

93 847 265 928 continet,
302 847 333 907 io
367 844 486 910 duobus
520 846 645 930 reliquis
686 846 763 910 liber
796 848 1022 910 institutionum
1055 844 1255 909 saecularium
1288 846 1448 928 separatim

94 955 244 1035 scriptus
272 961 328 1016 est
374 953 628 1038 bambergensem
657 956 814 1040 codicem,
842 957 894 1038 qui
930 965 1034 1019 octavo
1065 953 1186 1018 saeculo
1220 955 1355 1038 scriptus
1382 973 1449 1016 esse

95 1064 237 1140 dicitur,
260 1081 276 1124 a
296 1061 452 1127 l'ridcrico
471 1062 579 1127 Haasio
599 1083 668 1128 cum
688 1065 822 1128 editione
841 1063 1010 1128 (lenovensi
1034 1082 1060 1127 a.
1083 1060 1169 1127 1650
1193 1063 1335 1127 collatum
1359 1061 1448 1126 hahe-

2 1191 3 1222 1
97 1171 192 1234 bam.
228 1172 463 1254 descriptionem
488 1171 624 1237 eiusdem
648 1170 718 1236 libri
742 1172 947 1237 exhibuerunt
966 1171 1107 1255 Hessius,
1131 1170 1270 1253 Gregorii
1289 1172 1447 1236 Turonen-

97 1283 149 1342 sis
179 1280 215 1343 de
239 1301 332 1344 cursu
356 1283 511 1346 stellarum
536 1275 745 1366 (Vratlslaviae
765 1299 789 1344 a.
814 1275 915 1363 1853)
935 1299 963 1362 p.
984 1278 1014 1364 5,
1033 1290 1065 1343 et
1084 1281 1116 1342 h.
1137 1279 1317 1364 Spengelius
1341 1279 1448 1343 Philol.

98 1409 129 1452 c.
154 1387 236 1452 XVll
255 1409 284 1472 p.
299 1386 375 1456 555.
409 1391 515 1455 codem
539 1393 570 1454 in
591 1389 773 1454 Cassiodorii
797 1389 875 1452 libro
899 1390 936 1451 de
961 1388 1112 1452 rhetorica
1136 1408 1211 1453 usus
1232 1399 1278 1454 ost
1297 1389 1447 1454 llalmius:

100 1500 145 1562 ci.
181 1500 281 1582 prael·
302 1501 379 1565 rhet
408 1500 456 1563 lat
485 1519 513 1582 p.
538 1497 602 1562 llll.
640 1497 776 1563 codicem
809 1497 1109 1582 wirceburgensem,
1138 1518 1198 1581 quo
1228 1501 1296 1581 ipso
1327 1517 1448 1581 qrroqne

1 1613 2 1616 ’
101 1607 247 1670 Halmius
274 1611 306 1672 iu
336 1608 414 1672 libro
438 1609 475 1671 dc
500 1607 651 1671 rhetorica
675 1627 750 1672 usus
775 1617 836 1691 est,
864 1609 895 1672 in
920 1626 955 1670 en
978 1616 1064 1690 parte
1089 1626 1178 1690 quam
1203 1607 1283 1671 edidi
1308 1615 1449 1670 accurate

101 1719 246 1779 excussit
260 1715 486 1802 Laubmaunus,
503 1716 704 1780 bibliothecae
720 1715 968 1798 wirceburgensi
986 1717 1170 1799 praefectus,
1184 1719 1236 1799 qui
1253 1736 1323 1781 eum
1343 1725 1448 1779 octavo

102 1822 233 1885 saeculo
261 1825 308 1888 rel
336 1828 460 1889 ineunte
485 1844 564 1888 nono
594 1827 742 1908 scriptum
771 1844 838 1888 csse
867 1825 940 1888 mihi
968 1825 1155 1906 significavit.
1200 1825 1294 1888 codex
1319 1825 1448 1908 Saoger·

104 1936 278 2014 mancosis,
302 1929 396 1997 ‘liber
415 1935 512 1996 sancti
530 1931 614 1997 Petri
633 1927 789 2016 Corheie',
813 1933 931 1997 decimo
955 1932 1090 2016 saeculo,
1115 1943 1149 1996 ut
1173 1932 1245 1996 mihi
1270 1935 1367 1996 vistim
1391 1943 1449 2016 est,

104 2045 245 2125 scriptus
268 2052 338 2124 post
360 2040 495 2104 libellum
519 2041 557 2104 de
577 2051 642 2104 arte
661 2043 854 2124 grammatica
879 2041 1065 2122 reliquarum
1085 2043 1195 2104 artium
1221 2037 1451 2124 expositionem,

105 2153 224 2214 omisso
243 2159 345 2214 tamen
366 2153 488 2214 nomine
508 2149 704 2234 Cassiodorii,
728 2153 877 2231 continet,
901 2151 948 2212 Ite
969 2155 1179 2227 prammnrtca
1199 2161 1277 2214 (arte.
1311 2153 1450 2215 intentas

106 2261 199 2322 nohis
220 2267 320 2323 est-
343 2252 396 2343 (de
420 2253 618 2344 astronomia)
642 2262 681 2322 dc
704 2263 765 2323 hac
789 2268 860 2321 arte
882 2263 999 2322 sentire
1022 2263 1158 2338 explicit.
1196 2262 1226 2323 in
1252 2261 1311 2323 line
1336 2259 1449 2323 codicis

106 2387 205 2452 pauca
234 2368 272 2430 de
303 2369 461 2431 elementis
489 2377 520 2430 et
549 2377 690 2449 excerpta
719 2369 881 2451 Augustini
909 2369 1022 2449 scripta
1051 2377 1131 2430 sunt.
1170 2386 1239 2430 curn
1268 2367 1324 2430 hoc
1354 2370 1384 2430 in
1415 2386 1449 2429 ea

106 2487 196 2560 parte
220 2495 310 2560 quam
331 2475 411 2540 edidi
433 2475 613 2558 plerumque
634 2478 786 2539 consentit
805 2474 899 2538 codes
914 2475 1071 2539 Parisinus
1093 2472 1182 2538 8679
1202 2473 1330 2550 saecli,
1350 2475 1446 2537 Liber

111 2588 294 2648 Cassiodori
316 2586 477 2648 Senatorio
504 2587 712 2648 humanarum
741 2588 916 2648 litterarum
945 2587 1001 2662 qai
1027 2586 1179 2647 scribitur
1210 2587 1248 2646 de
1272 2587 1394 2647 artibus·
1418 2593 1449 2646 et

1 2701 2 2706 ’
107 2697 283 2773 disciplina
310 2697 522 2757 saeculariam
550 2697 723 2758 studiorum
751 2695 810 2756 hoc
838 2701 884 2756 est
916 2695 954 2754 ae
984 2697 1193 2770 grammatica
1222 2695 1261 2755 de
1290 2695 1449 2756 rhetorica

1 2787 2 2812 ἶ
108 2806 150 2865 de
169 2805 336 2865 dialectica
360 2805 399 2866 de
413 2803 610 2881 philosophia
629 2803 668 2864 dc
686 2799 905 2863 mathematica
926 2803 964 2861 de
984 2803 1182 2864 arithmetica
1202 2803 1241 2864 de
1257 2805 1449 2877 pernarrare

109 2913 150 2971 de
173 2915 363 2974 astronomia
387 2911 426 2974 dc
448 2912 576 2972 musica.
614 2907 667 2971 sed
692 2907 782 2971 huius
802 2907 896 2970 semel
920 2909 1104 2971 mentionem
1128 2909 1196 2971 leci.
1234 2917 1391 2990 praeterea
1416 2911 1446 2970 in

108 3018 279 3082 divinarum
299 3021 523 3082 institutionum
544 3019 642 3100 capite
662 3019 816 3080 tricesimo
835 3017 981 3080 lectiones
1001 3016 1132 3079 clerorum
1151 3017 1290 3080 codicum
1311 3017 1444 3080 Beroen

109 3131 204 3210 sium,
232 3146 269 3190 cx
298 3127 409 3210 quihus
436 3127 517 3190 illam
545 3134 662 3210 partem
690 3125 878 3189 emendatam
907 3125 1001 3188 edidit
1031 3123 1171 3208 llagenus
1200 3125 1303 3189 anecd.
1333 3125 1447 3188 llelret.

110 3255 140 3317 p.
164 3233 328 3319 cxxxxl,
351 3236 510 3318 adscripsi.

203 3343 264 3408 lam
293 3364 365 3408 vero
389 3365 458 3408 cum
483 3363 573 3408 manu
602 3345 709 3426 scripti
737 3343 846 3405 horum
876 3342 1023 3405 librorum
1052 3340 1173 3404 codices
1198 3342 1281 3405 valde
1311 3346 1391 3406 inter
1415 3363 1448 3406 se
1519 3427 1527 3436 α

112 3452 289 3534 discrepent
318 3447 391 3538 (alit,
416 3457 497 3518 enim
532 3454 717 3536 breviorem,
753 3450 802 3514 alii
826 3450 1011 3540 'ampliorem
1045 3450 1174 3514 iormam
1204 3445 1376 3536 exhibent),
1413 3451 1450 3514 ad

112 3559 246 3623 libellum
271 3560 308 3624 de
328 3573 392 3625 arte
411 3563 604 3645 grammatica
624 3579 745 3643 qumque
765 3577 800 3622 ca
820 3558 1024 3642 discrepantia
1048 3562 1190 3641 pertinet.
1228 3577 1298 3622 nam
1316 3562 1348 3622 in
1363 3559 1448 3623 Ram·

112 3733 223 3790 tribuit
257 3735 368 3808 dequo
392 3735 422 3792 iu
446 3734 622 3808 praefatione
641 3734 741 3792 scribit
759 3735 845 3806 haec,
869 3751 943 3806 quae
962 3734 1016 3790 hoc
1036 3733 1099 3790 loco
1119 3737 1263 3806 repetam,
1287 3737 1320 3793 ut
1337 3735 1451 3794 intelle·

113 3818 198 3887 gatar
211 3815 321 3872 nullm
340 3816 425 3874 fidem
444 3816 474 3872 in
492 3815 543 3872 illo
558 3819 763 3874 commentario
782 3817 838 3875 hoc
852 3832 955 3873 nomeu
969 3816 1088 3888 babere,
1110 3815 1252 3874 ‘Aurelius
1267 3821 1364 3875 noster
1378 3819 1446 3876 dum

113 3895 202 3953 libros
225 3899 364 3966 receumt,
387 3913 458 3969 qnos
482 3895 541 3953 iam
563 3899 718 3956 monachus
742 3897 884 3970 ediderat,
909 3898 981 3954 duos
1004 3916 1022 3955 a
1046 3917 1076 3956 se
1100 3918 1185 3973 super
1205 3899 1348 3956 Donatum
1373 3916 1447 3956 com·

112 3977 270 4035 meutarios
293 3978 432 4051 prodiisse
456 3977 595 4050 perhibet
633 3997 753 4050 qnorum
775 3981 860 4039 initio
883 3978 950 4038 libri
969 3981 1004 4037 de
1029 3981 1217 4054 grammatica
1240 3979 1280 4038 sic
1306 3981 1449 4038 meminit:

113 4061 209 4132 cuias,
228 4058 339 4118 scilicet
353 4059 468 4130 Donati,
485 4062 595 4134 gemina
613 4067 764 4118 commenta
778 4063 949 4134 reliquimea.
978 4063 1123 4136 Hactenus
1142 4061 1223 4119 nobis
1242 4063 1449 4134 incompertum

113 4161 149 4200 au
169 4143 251 4202 edita
268 4141 383 4201 fuerint.
417 4143 539 4200 Unicum
558 4142 659 4198 damus
685 4141 715 4198 iu
733 4143 877 4203 Donatum
897 4143 1069 4201 Cassiodorii
1092 4143 1340 4213 commentarium,
1364 4159 1450 4214 quem

113 4225 310 4299 suppeditavit
331 4225 541 4282 vetustissimos
565 4223 653 4280 codex
675 4243 726 4281 ms.
745 4223 937 4282 bibliothecae
957 4223 986 4280 S.
1005 4223 1154 4281 Michaelis
1172 4223 1202 4281 iu
1222 4225 1332 4294 Monte,
1351 4241 1400 4280 seu
1419 4223 1450 4280 iu

113 4309 241 4382 periculo
265 4308 366 4376 marim
393 4325 427 4364 ex
453 4306 533 4363 cuius
556 4305 656 4374 titulo,
678 4305 768 4361 nimia
786 4307 934 4362 senectute
953 4322 1025 4378 pene
1045 4309 1227 4378 consumpto,
1245 4305 1316 4364 haec
1336 4307 1449 4362 tantum

115 4407 213 4448 emere
231 4389 315 4446 licuit
333 4388 363 4445 iu
382 4387 476 4461 prima
493 4387 584 4444 linea:
604 4386 714 4457 Incipit
734 4385 967 4444 Commentariun
985 4389 1048 4446 S...
1068 4389 1098 4444 iu
1117 4388 1241 4446 secunda
1260 4387 1350 4444 linea:
1376 4385 1448 4442 CII.

114 4473 147 4528 dc
171 4471 307 4527 Oratione
329 4476 355 4526 et
377 4472 412 4528 dc
437 4470 527 4526 VIII
624 4470 654 4523 at
675 4467 705 4522 in
727 4471 803 4524 terta
825 4468 915 4526 linea:
938 4470 1014 4525 titas
1039 4469 1190 4526 Ormionm.
1224 4467 1304 4534 Quae
1327 4467 1449 4545 ringula,

115 4553 138 4609 si
156 4552 274 4625 placent
288 4551 462 4621 coniectura,
482 4549 605 4607 reddunt
623 4548 677 4606 hoc
691 4546 835 4621 integrum
850 4551 970 4608 lemma:
990 4552 1101 4621 Incipit
1116 4549 1347 4608 Commentariun
1362 4551 1449 4608 Serra·

115 4637 195 4703 toris,
219 4631 298 4704 quod
316 4635 464 4708 proprium
484 4632 572 4691 etiam
591 4631 768 4690 Casdodorio
792 4647 909 4702 nomen,
936 4633 1096 4690 Clarissimi
1117 4633 1151 4688 de
1171 4632 1318 4701 oraim,
1342 4639 1367 4689 ct
1390 4639 1449 4690 octo

111 4715 243 4786 ponam
264 4713 433 4773 oratona’.
464 4715 598 4772 nimirum
618 4713 653 4771 de
673 4715 788 4770 auctore
806 4712 841 4769 iis
860 4730 934 4783 quae
950 4713 1081 4770 Garetlus
1101 4713 1252 4772 adnotavit
1270 4713 1342 4770 nibil
1362 4714 1448 4787 plane

116 4799 238 4864 muniat,
262 4813 355 4870 neque
379 4797 537 4869 quidquam
560 4796 589 4852 iu
609 4811 643 4852 eo
668 4793 742 4851 libro
760 4795 835 4852 inest
854 4811 904 4851 cor
922 4794 1053 4850 rideatur
1071 4795 1175 4866 dignus
1195 4813 1256 4854 erse
1275 4797 1324 4868 qui
1343 4794 1448 4854 iterum

116 4879 224 4936 edatur.
1074 4897 1077 4908 ·
