<?xml version="1.0" encoding="UTF-8"?>
<!DOCTYPE html PUBLIC "-//W3C//DTD XHTML 1.0 Transitional//EN"
    "http://www.w3.org/TR/xhtml1/DTD/xhtml1-transitional.dtd">
<html xmlns="http://www.w3.org/1999/xhtml" xml:lang="en" lang="en">
 <head>
  <title>
</title>
<meta http-equiv="Content-Type" content="text/html;charset=utf-8" />
  <meta name='ocr-system' content='tesseract 3.04.00' />
  <meta name='ocr-capabilities' content='ocr_page ocr_carea ocr_par ocr_line ocrx_word'/>
</head>
<body>
  <div class='ocr_page' id='page_1' title='image "./grammaticilatin00unkngoog/grammaticilatin00unkngoog_0403.png"; bbox 0 0 3564 5482; ppageno 0'>
   <div class='ocr_carea' id='block_1_1' title="bbox 372 351 1123 512">
    <p class='ocr_par' dir='ltr' id='par_1_1' title="bbox 372 351 1123 512">
     <span class='ocr_line' id='line_1_1' title="bbox 372 351 1123 430; baseline -0.013 -10"><span class='ocrx_word' id='word_1_1' title='bbox 372 351 440 430; x_wconf 78' lang='grc'>390</span> <span class='ocrx_word' id='word_1_2' title='bbox 944 353 1123 414; x_wconf 67' lang='lat' dir='ltr'>nummi</span> 
     </span>
     <span class='ocr_line' id='line_1_2' title="bbox 372 459 527 512; baseline -0.006 -10"><span class='ocrx_word' id='word_1_3' title='bbox 372 459 527 512; x_wconf 53' lang='lat' dir='ltr'>omnm</span> 
     </span>
    </p>
   </div>
   <div class='ocr_carea' id='block_1_2' title="bbox 368 543 1733 2266">
    <p class='ocr_par' dir='ltr' id='par_1_2' title="bbox 369 543 1733 1918">
     <span class='ocr_line' id='line_1_3' title="bbox 371 543 1696 630; baseline -0.002 -22"><span class='ocrx_word' id='word_1_4' title='bbox 371 543 505 629; x_wconf 80' lang='lat' dir='ltr'>Tiberis,</span> <span class='ocrx_word' id='word_1_5' title='bbox 542 547 758 627; x_wconf 87' lang='lat' dir='ltr'>communiter,</span> <span class='ocrx_word' id='word_1_6' title='bbox 795 554 829 608; x_wconf 84' lang='lat' dir='ltr'>nt</span> <span class='ocrx_word' id='word_1_7' title='bbox 864 547 969 608; x_wconf 80' lang='lat' dir='ltr'>civitas</span> <span class='ocrx_word' id='word_1_8' title='bbox 1001 545 1123 608; x_wconf 88' lang='lat' dir='ltr'>ilumen.</span> <span class='ocrx_word' id='word_1_9' title='bbox 1180 561 1291 608; x_wconf 87' lang='lat' dir='ltr'>nomen</span> <span class='ocrx_word' id='word_1_10' title='bbox 1328 543 1454 630; x_wconf 88' lang='lat' dir='ltr'>dicitur,</span> <span class='ocrx_word' id='word_1_11' title='bbox 1491 544 1571 628; x_wconf 87' lang='lat' dir='ltr'>quod</span> <span class='ocrx_word' id='word_1_12' title='bbox 1610 562 1696 606; x_wconf 89' lang='lat' dir='ltr'>unam</span> 
     </span>
     <span class='ocr_line' id='line_1_4' title="bbox 371 651 1697 738; baseline 0 -22"><span class='ocrx_word' id='word_1_13' title='bbox 371 672 522 738; x_wconf 83' lang='lat' dir='ltr'>quamquo</span> <span class='ocrx_word' id='word_1_14' title='bbox 550 673 617 718; x_wconf 85' lang='lat' dir='ltr'>rem</span> <span class='ocrx_word' id='word_1_15' title='bbox 646 663 743 737; x_wconf 87' lang='lat' dir='ltr'>notat,</span> <span class='ocrx_word' id='word_1_16' title='bbox 774 655 860 736; x_wconf 81' lang='lat' dir='ltr'>quasi</span> <span class='ocrx_word' id='word_1_17' title='bbox 888 663 1030 717; x_wconf 75' lang='lat' dir='ltr'>notamen</span> <span class='ocrx_word' id='word_1_18' title='bbox 1057 651 1175 717; x_wconf 84' lang='lat' dir='ltr'>sublata</span> <span class='ocrx_word' id='word_1_19' title='bbox 1202 652 1300 718; x_wconf 84' lang='lat' dir='ltr'>media</span> <span class='ocrx_word' id='word_1_20' title='bbox 1324 653 1435 738; x_wconf 74' lang='lat' dir='ltr'>syllaba</span> <span class='ocrx_word' id='word_1_21' title='bbox 1459 673 1515 738; x_wconf 90' lang='lat' dir='ltr'>per</span> <span class='ocrx_word' id='word_1_22' title='bbox 1538 673 1697 737; x_wconf 79' lang='lat' dir='ltr'>syncopen,</span> 
     </span>
     <span class='ocr_line' id='line_1_5' title="bbox 371 753 1696 847; baseline 0.002 -24"><span class='ocrx_word' id='word_1_23' title='bbox 371 762 418 826; x_wconf 80' lang='lat' dir='ltr'>vel</span> <span class='ocrx_word' id='word_1_24' title='bbox 442 781 458 826; x_wconf 90' lang='lat' dir='ltr'>a</span> <span class='ocrx_word' id='word_1_25' title='bbox 482 782 588 846; x_wconf 74' lang='lat' dir='ltr'>graece</span> <span class='ocrx_word' id='word_1_26' title='bbox 612 765 729 846; x_wconf 77' lang='lat' dir='ltr'>origine</span> <span class='ocrx_word' id='word_1_27' title='bbox 759 753 850 845; x_wconf 79' lang='grc' dir='ltr'><em>παρὰ</em></span> <span class='ocrx_word' id='word_1_28' title='bbox 872 753 910 828; x_wconf 87' lang='grc' dir='ltr'>τὸ</span> <span class='ocrx_word' id='word_1_29' title='bbox 934 753 1054 846; x_wconf 82' lang='grc' dir='ltr'><em>ὄνομα.</em></span> <span class='ocrx_word' id='word_1_30' title='bbox 1101 772 1172 826; x_wconf 87' lang='lat' dir='ltr'>nota</span> <span class='ocrx_word' id='word_1_31' title='bbox 1201 771 1301 827; x_wconf 89' lang='lat' dir='ltr'>tamen</span> <span class='ocrx_word' id='word_1_32' title='bbox 1329 765 1450 828; x_wconf 87' lang='lat' dir='ltr'>nomina</span> <span class='ocrx_word' id='word_1_33' title='bbox 1479 782 1560 846; x_wconf 87' lang='lat' dir='ltr'>quae·</span> <span class='ocrx_word' id='word_1_34' title='bbox 1585 766 1696 847; x_wconf 83' lang='lat' dir='ltr'>specia-</span> 
     </span>
     <span class='ocr_line' id='line_1_6' title="bbox 370 871 1697 956; baseline 0.001 -22"><span class='ocrx_word' id='word_1_35' title='bbox 370 871 441 935; x_wconf 89' lang='lat' dir='ltr'>liter</span> <span class='ocrx_word' id='word_1_36' title='bbox 468 875 653 956; x_wconf 84' lang='lat' dir='ltr'>proprieque</span> <span class='ocrx_word' id='word_1_37' title='bbox 676 873 833 953; x_wconf 88' lang='lat' dir='ltr'>dicuntur,</span> <span class='ocrx_word' id='word_1_38' title='bbox 871 873 943 936; x_wconf 90' lang='lat' dir='ltr'>item</span> <span class='ocrx_word' id='word_1_39' title='bbox 977 889 1054 954; x_wconf 85' lang='lat' dir='ltr'>quae</span> <span class='ocrx_word' id='word_1_40' title='bbox 1087 874 1176 937; x_wconf 81' lang='lat' dir='ltr'>troica</span> <span class='ocrx_word' id='word_1_41' title='bbox 1209 881 1240 936; x_wconf 89' lang='lat' dir='ltr'>ct</span> <span class='ocrx_word' id='word_1_42' title='bbox 1272 871 1336 936; x_wconf 86' lang='lat' dir='ltr'>sola</span> <span class='ocrx_word' id='word_1_43' title='bbox 1368 882 1456 956; x_wconf 85' lang='lat' dir='ltr'>eunt,</span> <span class='ocrx_word' id='word_1_44' title='bbox 1488 873 1632 956; x_wconf 84' lang='lat' dir='ltr'>deorum,</span> <span class='ocrx_word' id='word_1_45' title='bbox 1666 882 1697 935; x_wconf 90' lang='lat' dir='ltr'>ut</span> 
     </span>
     <span class='ocr_line' id='line_1_7' title="bbox 370 978 1733 1072; baseline 0 -29"><span class='ocrx_word' id='word_1_46' title='bbox 370 980 520 1066; x_wconf 88' lang='lat' dir='ltr'>luppiter,</span> <span class='ocrx_word' id='word_1_47' title='bbox 542 981 722 1066; x_wconf 83' lang='lat' dir='ltr'>¹hominum,</span> <span class='ocrx_word' id='word_1_48' title='bbox 755 991 789 1045; x_wconf 86' lang='lat' dir='ltr'>ut</span> <span class='ocrx_word' id='word_1_49' title='bbox 822 979 983 1065; x_wconf 79' lang='lat' dir='ltr'>Romulus,</span> <span class='ocrx_word' id='word_1_50' title='bbox 1016 978 1153 1064; x_wconf 86' lang='lat' dir='ltr'>urbium,</span> <span class='ocrx_word' id='word_1_51' title='bbox 1187 993 1222 1046; x_wconf 87' lang='lat' dir='ltr'>ut</span> <span class='ocrx_word' id='word_1_52' title='bbox 1254 981 1363 1066; x_wconf 78' lang='lat' dir='ltr'>lionae,</span> <span class='ocrx_word' id='word_1_53' title='bbox 1394 984 1636 1066; x_wconf 85' lang='lat' dir='ltr'>provinciarum,</span> <span class='ocrx_word' id='word_1_54' title='bbox 1665 986 1696 1044; x_wconf 78' lang='lat' dir='ltr'>tit</span> <span class='ocrx_word' id='word_1_55' title='bbox 1715 993 1733 1072; x_wconf 67' lang='grc' dir='ltr'><em>ρ</em></span> 
     </span>
     <span class='ocr_line' id='line_1_8' title="bbox 369 1089 1696 1176; baseline 0.002 -24"><span class='ocrx_word' id='word_1_56' title='bbox 369 1090 483 1176; x_wconf 73' lang='lat' dir='ltr'>lirion,</span> <span class='ocrx_word' id='word_1_57' title='bbox 506 1091 688 1174; x_wconf 72' lang='lat' dir='ltr'>ulularum,</span> <span class='ocrx_word' id='word_1_58' title='bbox 711 1101 746 1155; x_wconf 91' lang='lat' dir='ltr'>ut</span> <span class='ocrx_word' id='word_1_59' title='bbox 764 1089 880 1174; x_wconf 79' lang='lat' dir='ltr'>Sicilia,</span> <span class='ocrx_word' id='word_1_60' title='bbox 903 1091 1067 1173; x_wconf 86' lang='lat' dir='ltr'>montium,</span> <span class='ocrx_word' id='word_1_61' title='bbox 1085 1099 1121 1153; x_wconf 83' lang='lat' dir='ltr'>ut</span> <span class='ocrx_word' id='word_1_62' title='bbox 1134 1092 1311 1174; x_wconf 77' lang='lat' dir='ltr'>Apenninus</span> <span class='ocrx_word' id='word_1_63' title='bbox 1325 1089 1512 1174; x_wconf 78' lang='lat' dir='ltr'>Pyrenaeus,</span> <span class='ocrx_word' id='word_1_64' title='bbox 1530 1090 1696 1173; x_wconf 84' lang='lat' dir='ltr'>fluminum,</span> 
     </span>
     <span class='ocr_line' id='line_1_9' title="bbox 370 1197 1696 1284; baseline 0 -23"><span class='ocrx_word' id='word_1_65' title='bbox 370 1207 405 1262; x_wconf 90' lang='lat' dir='ltr'>ut</span> <span class='ocrx_word' id='word_1_66' title='bbox 427 1197 578 1263; x_wconf 85' lang='lat' dir='ltr'>Pactolus.</span> <span class='ocrx_word' id='word_1_67' title='bbox 624 1203 817 1283; x_wconf 86' lang='lat' dir='ltr'>propriorum</span> <span class='ocrx_word' id='word_1_68' title='bbox 841 1201 997 1263; x_wconf 85' lang='lat' dir='ltr'>nominum</span> <span class='ocrx_word' id='word_1_69' title='bbox 1022 1199 1077 1262; x_wconf 88' lang='lat' dir='ltr'>alia</span> <span class='ocrx_word' id='word_1_70' title='bbox 1101 1209 1173 1263; x_wconf 90' lang='lat' dir='ltr'>sunt</span> <span class='ocrx_word' id='word_1_71' title='bbox 1196 1203 1406 1284; x_wconf 88' lang='lat' dir='ltr'>praenomina,</span> <span class='ocrx_word' id='word_1_72' title='bbox 1429 1218 1507 1283; x_wconf 87' lang='lat' dir='ltr'>quae</span> <span class='ocrx_word' id='word_1_73' title='bbox 1527 1199 1696 1264; x_wconf 84' lang='lat' dir='ltr'>nominihus</span> 
     </span>
     <span class='ocr_line' id='line_1_10' title="bbox 369 1307 1695 1394; baseline 0 -24"><span class='ocrx_word' id='word_1_74' title='bbox 369 1307 532 1388; x_wconf 77' lang='lat' dir='ltr'>gentiliciis</span> <span class='ocrx_word' id='word_1_75' title='bbox 555 1319 798 1394; x_wconf 88' lang='lat' dir='ltr'>praeponuntur,</span> <span class='ocrx_word' id='word_1_76' title='bbox 821 1317 855 1372; x_wconf 83' lang='lat' dir='ltr'>ut</span> <span class='ocrx_word' id='word_1_77' title='bbox 877 1308 996 1372; x_wconf 86' lang='lat' dir='ltr'>llarons</span> <span class='ocrx_word' id='word_1_78' title='bbox 1020 1307 1159 1393; x_wconf 75' lang='lat' dir='ltr'>Pultlius3</span> <span class='ocrx_word' id='word_1_79' title='bbox 1184 1308 1240 1372; x_wconf 83' lang='lat' dir='ltr'>alin</span> <span class='ocrx_word' id='word_1_80' title='bbox 1260 1311 1265 1386; x_wconf 85' lang='grc'>1</span> <span class='ocrx_word' id='word_1_81' title='bbox 1286 1311 1408 1392; x_wconf 88' lang='lat' dir='ltr'>propria</span> <span class='ocrx_word' id='word_1_82' title='bbox 1431 1309 1599 1392; x_wconf 79' lang='lat' dir='ltr'>gentilicia,</span> <span class='ocrx_word' id='word_1_83' title='bbox 1624 1327 1695 1390; x_wconf 87' lang='lat' dir='ltr'>quae</span> 
     </span>
     <span class='ocr_line' id='line_1_11' title="bbox 369 1415 1695 1500; baseline -0.001 -20"><span class='ocrx_word' id='word_1_84' title='bbox 369 1435 386 1480; x_wconf 91' lang='lat' dir='ltr'>a</span> <span class='ocrx_word' id='word_1_85' title='bbox 410 1417 521 1482; x_wconf 81' lang='lat' dir='ltr'>iamilitt</span> <span class='ocrx_word' id='word_1_86' title='bbox 545 1427 576 1481; x_wconf 89' lang='lat' dir='ltr'>et</span> <span class='ocrx_word' id='word_1_87' title='bbox 599 1427 687 1500; x_wconf 77' lang='lat' dir='ltr'>gente</span> <span class='ocrx_word' id='word_1_88' title='bbox 708 1417 910 1499; x_wconf 81' lang='lat' dir='ltr'>descendunt,</span> <span class='ocrx_word' id='word_1_89' title='bbox 934 1427 968 1480; x_wconf 89' lang='lat' dir='ltr'>ot</span> <span class='ocrx_word' id='word_1_90' title='bbox 987 1415 1113 1480; x_wconf 85' lang='lat' dir='ltr'>Porcios</span> <span class='ocrx_word' id='word_1_91' title='bbox 1133 1416 1306 1500; x_wconf 74' lang='lat' dir='ltr'>Cornelius,</span> <span class='ocrx_word' id='word_1_92' title='bbox 1330 1417 1386 1481; x_wconf 88' lang='lat' dir='ltr'>alia</span> <span class='ocrx_word' id='word_1_93' title='bbox 1405 1421 1599 1500; x_wconf 78' lang='lat' dir='ltr'>cognomina,</span> <span class='ocrx_word' id='word_1_94' title='bbox 1624 1437 1695 1500; x_wconf 81' lang='lat' dir='ltr'>qrrae</span> 
     </span>
     <span class='ocr_line' id='line_1_12' title="bbox 370 1525 1733 1609; baseline -0.001 -19"><span class='ocrx_word' id='word_1_95' title='bbox 370 1526 544 1590; x_wconf 86' lang='lat' dir='ltr'>nominibus</span> <span class='ocrx_word' id='word_1_96' title='bbox 571 1527 734 1609; x_wconf 78' lang='lat' dir='ltr'>gentiliciis</span> <span class='ocrx_word' id='word_1_97' title='bbox 763 1525 1003 1608; x_wconf 76' lang='lat' dir='ltr'>subiunguntur,</span> <span class='ocrx_word' id='word_1_98' title='bbox 1032 1535 1067 1588; x_wconf 86' lang='lat' dir='ltr'>nt</span> <span class='ocrx_word' id='word_1_99' title='bbox 1090 1525 1163 1589; x_wconf 86' lang='lat' dir='ltr'>Cato</span> <span class='ocrx_word' id='word_1_100' title='bbox 1187 1525 1304 1609; x_wconf 86' lang='lat' dir='ltr'>Scipio:</span> <span class='ocrx_word' id='word_1_101' title='bbox 1332 1527 1512 1591; x_wconf 88' lang='lat' dir='ltr'>ordinantur</span> <span class='ocrx_word' id='word_1_102' title='bbox 1540 1529 1624 1590; x_wconf 90' lang='lat' dir='ltr'>enim</span> <span class='ocrx_word' id='word_1_103' title='bbox 1647 1529 1733 1608; x_wconf 80' lang='lat' dir='ltr'>sio,1⁰</span> 
     </span>
     <span class='ocr_line' id='line_1_13' title="bbox 372 1633 1696 1720; baseline 0 -22"><span class='ocrx_word' id='word_1_104' title='bbox 372 1635 493 1700; x_wconf 82' lang='lat' dir='ltr'>llercns</span> <span class='ocrx_word' id='word_1_105' title='bbox 515 1636 643 1700; x_wconf 85' lang='lat' dir='ltr'>Porcius</span> <span class='ocrx_word' id='word_1_106' title='bbox 668 1634 754 1720; x_wconf 86' lang='lat' dir='ltr'>Cato,</span> <span class='ocrx_word' id='word_1_107' title='bbox 777 1635 903 1699; x_wconf 87' lang='lat' dir='ltr'>Publius</span> <span class='ocrx_word' id='word_1_108' title='bbox 928 1633 1087 1698; x_wconf 82' lang='lat' dir='ltr'>Cornelius</span> <span class='ocrx_word' id='word_1_109' title='bbox 1112 1635 1229 1718; x_wconf 83' lang='lat' dir='ltr'>Scipio:</span> <span class='ocrx_word' id='word_1_110' title='bbox 1253 1634 1310 1699; x_wconf 84' lang='lat' dir='ltr'>alin</span> <span class='ocrx_word' id='word_1_111' title='bbox 1333 1638 1505 1719; x_wconf 77' lang='lat' dir='ltr'>agnomina,</span> <span class='ocrx_word' id='word_1_112' title='bbox 1529 1655 1608 1718; x_wconf 79' lang='lat' dir='ltr'>quae</span> <span class='ocrx_word' id='word_1_113' title='bbox 1632 1655 1696 1716; x_wconf 77' lang='lat' dir='ltr'>cog·</span> 
     </span>
     <span class='ocr_line' id='line_1_14' title="bbox 370 1744 1696 1828; baseline -0.002 -20"><span class='ocrx_word' id='word_1_114' title='bbox 370 1745 544 1810; x_wconf 86' lang='lat' dir='ltr'>nominibus</span> <span class='ocrx_word' id='word_1_115' title='bbox 573 1764 610 1808; x_wconf 81' lang='lat' dir='ltr'>ex</span> <span class='ocrx_word' id='word_1_116' title='bbox 637 1744 735 1828; x_wconf 84' lang='lat' dir='ltr'>aliqua</span> <span class='ocrx_word' id='word_1_117' title='bbox 764 1747 880 1808; x_wconf 84' lang='lat' dir='ltr'>ratione</span> <span class='ocrx_word' id='word_1_118' title='bbox 908 1753 960 1808; x_wconf 88' lang='lat' dir='ltr'>ant</span> <span class='ocrx_word' id='word_1_119' title='bbox 983 1747 1095 1807; x_wconf 77' lang='lat' dir='ltr'>virtute</span> <span class='ocrx_word' id='word_1_120' title='bbox 1119 1744 1285 1826; x_wconf 85' lang='lat' dir='ltr'>adduntur,</span> <span class='ocrx_word' id='word_1_121' title='bbox 1314 1755 1349 1808; x_wconf 89' lang='lat' dir='ltr'>ut</span> <span class='ocrx_word' id='word_1_122' title='bbox 1377 1747 1536 1808; x_wconf 79' lang='lat' dir='ltr'>Africanus</span> <span class='ocrx_word' id='word_1_123' title='bbox 1560 1745 1696 1808; x_wconf 83' lang='lat' dir='ltr'>Creticus</span> 
     </span>
     <span class='ocr_line' id='line_1_15' title="bbox 369 1854 606 1918; baseline 0 0"><span class='ocrx_word' id='word_1_124' title='bbox 369 1865 400 1918; x_wconf 86' lang='lat' dir='ltr'>el</span> <span class='ocrx_word' id='word_1_125' title='bbox 419 1855 467 1918; x_wconf 81' lang='lat' dir='ltr'>lais</span> <span class='ocrx_word' id='word_1_126' title='bbox 490 1854 606 1918; x_wconf 89' lang='lat' dir='ltr'>similia.</span> 
     </span>
    </p>

    <p class='ocr_par' dir='ltr' id='par_1_3' title="bbox 368 1961 1730 2266">
     <span class='ocr_line' id='line_1_16' title="bbox 459 1961 1695 2048; baseline -0.003 -20"><span class='ocrx_word' id='word_1_127' title='bbox 459 1963 643 2048; x_wconf 73' lang='lat' dir='ltr'>Appellatus</span> <span class='ocrx_word' id='word_1_128' title='bbox 672 1964 791 2026; x_wconf 90' lang='lat' dir='ltr'>nomina</span> <span class='ocrx_word' id='word_1_129' title='bbox 820 1971 892 2025; x_wconf 86' lang='lat' dir='ltr'>sunt</span> <span class='ocrx_word' id='word_1_130' title='bbox 920 1980 996 2044; x_wconf 90' lang='lat' dir='ltr'>quae</span> <span class='ocrx_word' id='word_1_131' title='bbox 1029 1961 1211 2043; x_wconf 81' lang='lat' dir='ltr'>generaliter</span> <span class='ocrx_word' id='word_1_132' title='bbox 1246 1965 1510 2046; x_wconf 78' lang='lat' dir='ltr'>communiterque</span> <span class='ocrx_word' id='word_1_133' title='bbox 1545 1962 1695 2026; x_wconf 85' lang='lat' dir='ltr'>dicuntur.</span> 
     </span>
     <span class='ocr_line' id='line_1_17' title="bbox 369 2053 1730 2155; baseline -0.004 -18"><span class='ocrx_word' id='word_1_134' title='bbox 369 2075 443 2138; x_wconf 85' lang='lat' dir='ltr'>haec</span> <span class='ocrx_word' id='word_1_135' title='bbox 466 2076 497 2138; x_wconf 91' lang='lat' dir='ltr'>in</span> <span class='ocrx_word' id='word_1_136' title='bbox 522 2074 596 2137; x_wconf 86' lang='lat' dir='ltr'>duas</span> <span class='ocrx_word' id='word_1_137' title='bbox 616 2074 733 2155; x_wconf 88' lang='lat' dir='ltr'>species</span> <span class='ocrx_word' id='word_1_138' title='bbox 753 2071 936 2136; x_wconf 84' lang='lat' dir='ltr'>dividuntur.</span> <span class='ocrx_word' id='word_1_139' title='bbox 974 2053 1030 2134; x_wconf 90' lang='lat' dir='ltr'>alia</span> <span class='ocrx_word' id='word_1_140' title='bbox 1049 2073 1130 2135; x_wconf 87' lang='lat' dir='ltr'>enim</span> <span class='ocrx_word' id='word_1_141' title='bbox 1150 2072 1320 2152; x_wconf 79' lang='lat' dir='ltr'>significant</span> <span class='ocrx_word' id='word_1_142' title='bbox 1339 2090 1389 2135; x_wconf 87' lang='lat' dir='ltr'>res</span> <span class='ocrx_word' id='word_1_143' title='bbox 1408 2071 1596 2154; x_wconf 79' lang='lat' dir='ltr'>corporales,</span> <span class='ocrx_word' id='word_1_144' title='bbox 1621 2079 1730 2155; x_wconf 79' lang='lat' dir='ltr'>quae1⁵</span> 
     </span>
     <span class='ocr_line' id='line_1_18' title="bbox 368 2179 1694 2266; baseline -0.003 -20"><span class='ocrx_word' id='word_1_145' title='bbox 368 2183 464 2246; x_wconf 83' lang='lat' dir='ltr'>videri</span> <span class='ocrx_word' id='word_1_146' title='bbox 487 2185 629 2266; x_wconf 79' lang='lat' dir='ltr'>tangique</span> <span class='ocrx_word' id='word_1_147' title='bbox 658 2190 800 2264; x_wconf 84' lang='lat' dir='ltr'>possunt,</span> <span class='ocrx_word' id='word_1_148' title='bbox 834 2189 865 2244; x_wconf 90' lang='lat' dir='ltr'>et</span> <span class='ocrx_word' id='word_1_149' title='bbox 888 2199 904 2242; x_wconf 85' lang='lat' dir='ltr'>a</span> <span class='ocrx_word' id='word_1_150' title='bbox 929 2179 1108 2262; x_wconf 85' lang='lat' dir='ltr'>quibusdam</span> <span class='ocrx_word' id='word_1_151' title='bbox 1136 2179 1280 2244; x_wconf 78' lang='lat' dir='ltr'>uocabula</span> <span class='ocrx_word' id='word_1_152' title='bbox 1311 2181 1513 2264; x_wconf 77' lang='lat' dir='ltr'>appellantur,</span> <span class='ocrx_word' id='word_1_153' title='bbox 1545 2189 1579 2243; x_wconf 88' lang='lat' dir='ltr'>ut</span> <span class='ocrx_word' id='word_1_154' title='bbox 1608 2180 1694 2242; x_wconf 87' lang='lat' dir='ltr'>homo</span> 
     </span>
    </p>
   </div>
   <div class='ocr_carea' id='block_1_3' title="bbox 407 2354 1705 2510">
    <p class='ocr_par' dir='ltr' id='par_1_4' title="bbox 407 2354 1705 2510">
     <span class='ocr_line' id='line_1_19' title="bbox 459 2354 1693 2430; baseline -0.004 -13"><span class='ocrx_word' id='word_1_155' title='bbox 459 2357 550 2417; x_wconf 61' lang='lat' dir='ltr'>coca</span> <span class='ocrx_word' id='word_1_156' title='bbox 569 2357 770 2430; x_wconf 76' lang='lat' dir='ltr'>Scopulieuaia.</span> <span class='ocrx_word' id='word_1_157' title='bbox 822 2361 838 2410; x_wconf 86' lang='lat'><strong>5</strong></span> <span class='ocrx_word' id='word_1_158' title='bbox 857 2356 891 2412; x_wconf 84' lang='lat' dir='ltr'>ni</span> <span class='ocrx_word' id='word_1_159' title='bbox 908 2359 973 2411; x_wconf 79' lang='lat' dir='ltr'>oute</span> <span class='ocrx_word' id='word_1_160' title='bbox 991 2355 1130 2412; x_wconf 81' lang='lat' dir='ltr'>Romnlm</span> <span class='ocrx_word' id='word_1_161' title='bbox 1150 2373 1201 2414; x_wconf 83' lang='grc' dir='ltr'><em>οπι.</em></span> <span class='ocrx_word' id='word_1_162' title='bbox 1290 2358 1359 2413; x_wconf 79' lang='lat' dir='ltr'>uni</span> <span class='ocrx_word' id='word_1_163' title='bbox 1377 2361 1443 2413; x_wconf 79' lang='lat' dir='ltr'>ante</span> <span class='ocrx_word' id='word_1_164' title='bbox 1460 2354 1626 2428; x_wconf 75' lang='lat' dir='ltr'>Apenninus</span> <span class='ocrx_word' id='word_1_165' title='bbox 1644 2371 1693 2412; x_wconf 79' lang='grc' dir='ltr'>οτι</span> 
     </span>
     <span class='ocr_line' id='line_1_20' title="bbox 407 2435 1705 2510; baseline -0.008 -12"><span class='ocrx_word' id='word_1_166' title='bbox 407 2447 424 2498; x_wconf 80' lang='lat'><strong>8</strong></span> <span class='ocrx_word' id='word_1_167' title='bbox 443 2445 476 2498; x_wconf 83' lang='lat' dir='ltr'>nt</span> <span class='ocrx_word' id='word_1_168' title='bbox 493 2446 558 2497; x_wconf 77' lang='grc' dir='ltr'><em>οισι</em></span> <span class='ocrx_word' id='word_1_169' title='bbox 575 2438 687 2496; x_wconf 77' lang='lat' dir='ltr'>lintona</span> <span class='ocrx_word' id='word_1_170' title='bbox 705 2455 757 2496; x_wconf 83' lang='grc' dir='ltr'><em>οπι.</em></span> <span class='ocrx_word' id='word_1_171' title='bbox 831 2444 866 2494; x_wconf 87' lang='grc' dir='ltr'>ιο</span> <span class='ocrx_word' id='word_1_172' title='bbox 884 2438 917 2494; x_wconf 82' lang='lat' dir='ltr'>ut</span> <span class='ocrx_word' id='word_1_173' title='bbox 936 2442 1000 2492; x_wconf 76' lang='lat' dir='ltr'>onte</span> <span class='ocrx_word' id='word_1_174' title='bbox 1018 2435 1089 2494; x_wconf 79' lang='lat' dir='ltr'>Celo</span> <span class='ocrx_word' id='word_1_175' title='bbox 1108 2454 1160 2494; x_wconf 85' lang='grc' dir='ltr'><em>οπι.</em></span> <span class='ocrx_word' id='word_1_176' title='bbox 1236 2443 1268 2493; x_wconf 83' lang='grc'>11</span> <span class='ocrx_word' id='word_1_177' title='bbox 1288 2435 1452 2510; x_wconf 78' lang='lat' dir='ltr'>agnomina]</span> <span class='ocrx_word' id='word_1_178' title='bbox 1472 2435 1644 2510; x_wconf 73' lang='lat' dir='ltr'>cognomina</span> <span class='ocrx_word' id='word_1_179' title='bbox 1701 2480 1705 2488; x_wconf 81' lang='grc'><em>,</em></span> 
     </span>
    </p>
   </div>
   <div class='ocr_carea' id='block_1_4' title="bbox 366 2599 1694 2765">
    <p class='ocr_par' dir='ltr' id='par_1_5' title="bbox 366 2599 1694 2765">
     <span class='ocr_line' id='line_1_21' title="bbox 457 2599 1694 2674; baseline -0.004 -13"><span class='ocrx_word' id='word_1_180' title='bbox 457 2604 608 2661; x_wconf 72' lang='grc' dir='ltr'><em>σοοωίοιι</em></span> <span class='ocrx_word' id='word_1_181' title='bbox 637 2605 687 2659; x_wconf 80' lang='lat' dir='ltr'>ani</span> <span class='ocrx_word' id='word_1_182' title='bbox 714 2601 830 2674; x_wconf 81' lang='lat' dir='ltr'>proprie</span> <span class='ocrx_word' id='word_1_183' title='bbox 858 2605 925 2658; x_wconf 78' lang='lat' dir='ltr'>sunt</span> <span class='ocrx_word' id='word_1_184' title='bbox 952 2602 1003 2657; x_wconf 82' lang='lat' dir='ltr'>aul</span> <span class='ocrx_word' id='word_1_185' title='bbox 1030 2599 1219 2672; x_wconf 73' lang='lat' dir='ltr'>appellative:</span> <span class='ocrx_word' id='word_1_186' title='bbox 1248 2600 1365 2674; x_wconf 79' lang='lat' dir='ltr'>proprie</span> <span class='ocrx_word' id='word_1_187' title='bbox 1393 2604 1458 2658; x_wconf 82' lang='lat' dir='ltr'>euni</span> <span class='ocrx_word' id='word_1_188' title='bbox 1481 2599 1599 2658; x_wconf 74' lang='lat' dir='ltr'>nomina,</span> <span class='ocrx_word' id='word_1_189' title='bbox 1623 2616 1694 2672; x_wconf 78' lang='lat' dir='ltr'>qnae</span> 
     </span>
     <span class='ocr_line' id='line_1_22' title="bbox 366 2685 969 2765; baseline -0.007 -21"><span class='ocrx_word' id='word_1_190' title='bbox 366 2685 530 2765; x_wconf 70' lang='lat' dir='ltr'>specialiler</span> <span class='ocrx_word' id='word_1_191' title='bbox 548 2691 596 2742; x_wconf 79' lang='grc' dir='ltr'><em>σλα</em></span> <span class='ocrx_word' id='word_1_192' title='bbox 616 2701 673 2742; x_wconf 78' lang='grc' dir='ltr'><em>ατο.</em></span> <span class='ocrx_word' id='word_1_193' title='bbox 693 2685 802 2742; x_wconf 67' lang='lat' dir='ltr'>otono.</span> <span class='ocrx_word' id='word_1_194' title='bbox 819 2702 849 2756; x_wconf 87' lang='lat' dir='ltr'>p.</span> <span class='ocrx_word' id='word_1_195' title='bbox 869 2687 969 2752; x_wconf 78' lang='lat'>533,11</span> 
     </span>
    </p>
   </div>
   <div class='ocr_carea' id='block_1_5' title="bbox 350 2882 1727 4505">
    <p class='ocr_par' dir='ltr' id='par_1_6' title="bbox 350 2882 1727 4505">
     <span class='ocr_line' id='line_1_23' title="bbox 367 2882 1693 2975; baseline -0.005 -16"><span class='ocrx_word' id='word_1_196' title='bbox 367 2885 413 2970; x_wconf 75' lang='grc' dir='ltr'>ὡς</span> <span class='ocrx_word' id='word_1_197' title='bbox 435 2887 474 2958; x_wconf 87' lang='grc' dir='ltr'>τό</span> <span class='ocrx_word' id='word_1_198' title='bbox 543 2889 715 2975; x_wconf 78' lang='grc' dir='ltr'><em>,κοιυῶς,</em></span> <span class='ocrx_word' id='word_1_199' title='bbox 739 2882 784 2966; x_wconf 75' lang='grc' dir='ltr'>ὡς</span> <span class='ocrx_word' id='word_1_200' title='bbox 807 2883 847 2955; x_wconf 86' lang='grc' dir='ltr'>τό</span> <span class='ocrx_word' id='word_1_201' title='bbox 917 2883 1058 2975; x_wconf 81' lang='grc' dir='ltr'><em>.ὅνομα</em></span> <span class='ocrx_word' id='word_1_202' title='bbox 1081 2887 1228 2973; x_wconf 81' lang='grc' dir='ltr'><em>λέγεται,</em></span> <span class='ocrx_word' id='word_1_203' title='bbox 1252 2882 1304 2954; x_wconf 82' lang='grc' dir='ltr'>ὅτι</span> <span class='ocrx_word' id='word_1_204' title='bbox 1329 2887 1367 2953; x_wconf 76' lang='grc' dir='ltr'>ἓν</span> <span class='ocrx_word' id='word_1_205' title='bbox 1392 2885 1533 2955; x_wconf 81' lang='grc' dir='ltr'><em>ἕκαστον</em></span> <span class='ocrx_word' id='word_1_206' title='bbox 1556 2887 1693 2972; x_wconf 82' lang='grc' dir='ltr'><em>πρᾶγμα</em></span> 
     </span>
     <span class='ocr_line' id='line_1_24' title="bbox 366 2989 1694 3088; baseline -0.005 -21"><span class='ocrx_word' id='word_1_207' title='bbox 366 3003 539 3088; x_wconf 81' lang='grc' dir='ltr'><strong><em>σημαίνει,</em></strong></span> <span class='ocrx_word' id='word_1_208' title='bbox 572 2992 621 3078; x_wconf 79' lang='grc' dir='ltr'>ὥς</span> <span class='ocrx_word' id='word_1_209' title='bbox 650 2999 925 3084; x_wconf 85' lang='grc' dir='ltr'><em>παρασημείωσις</em></span> <span class='ocrx_word' id='word_1_210' title='bbox 957 2991 1172 3086; x_wconf 76' lang='grc' dir='ltr'><em>ἀνῃρημένης</em></span> <span class='ocrx_word' id='word_1_211' title='bbox 1205 2997 1266 3082; x_wconf 79' lang='grc' dir='ltr'>τῆς</span> <span class='ocrx_word' id='word_1_212' title='bbox 1299 2995 1404 3082; x_wconf 78' lang='grc' dir='ltr'><em>μέσης</em></span> <span class='ocrx_word' id='word_1_213' title='bbox 1436 2996 1608 3081; x_wconf 77' lang='grc' dir='ltr'><em>συλλαβῆς</em></span> <span class='ocrx_word' id='word_1_214' title='bbox 1638 2989 1694 3063; x_wconf 77' lang='grc' dir='ltr'>διὰ</span> 
     </span>
     <span class='ocr_line' id='line_1_25' title="bbox 366 3097 1693 3194; baseline -0.004 -19"><span class='ocrx_word' id='word_1_215' title='bbox 366 3104 558 3194; x_wconf 77' lang='grc' dir='ltr'><em>συγκοπήν,</em></span> <span class='ocrx_word' id='word_1_216' title='bbox 580 3101 602 3193; x_wconf 80' lang='grc' dir='ltr'>ἢ</span> <span class='ocrx_word' id='word_1_217' title='bbox 625 3101 692 3175; x_wconf 84' lang='grc' dir='ltr'>άπὸ</span> <span class='ocrx_word' id='word_1_218' title='bbox 715 3105 775 3191; x_wconf 80' lang='grc' dir='ltr'>τῆς</span> <span class='ocrx_word' id='word_1_219' title='bbox 799 3103 977 3191; x_wconf 77' lang='grc' dir='ltr'><em>ἕλληνικῆς</em></span> <span class='ocrx_word' id='word_1_220' title='bbox 999 3101 1104 3192; x_wconf 77' lang='grc' dir='ltr'><em>ἀρχῆς</em></span> <span class='ocrx_word' id='word_1_221' title='bbox 1121 3131 1139 3167; x_wconf 82' lang='grc' dir='ltr'><em>ι</em></span> <span class='ocrx_word' id='word_1_222' title='bbox 1157 3099 1199 3173; x_wconf 81' lang='grc' dir='ltr'>τὰ</span> <span class='ocrx_word' id='word_1_223' title='bbox 1224 3099 1376 3191; x_wconf 87' lang='grc' dir='ltr'><em>ὀνόματα</em></span> <span class='ocrx_word' id='word_1_224' title='bbox 1398 3097 1482 3189; x_wconf 84' lang='grc' dir='ltr'><em>άπερ</em></span> <span class='ocrx_word' id='word_1_225' title='bbox 1502 3105 1620 3183; x_wconf 69' lang='lat' dir='ltr'>loannis</span> <span class='ocrx_word' id='word_1_226' title='bbox 1638 3103 1693 3170; x_wconf 81' lang='grc' dir='ltr'>καὶ</span> 
     </span>
     <span class='ocr_line' id='line_1_26' title="bbox 364 3209 1650 3304; baseline -0.005 -20"><span class='ocrx_word' id='word_1_227' title='bbox 364 3219 490 3304; x_wconf 78' lang='grc' dir='ltr'><strong><em>κυρίως</em></strong></span> <span class='ocrx_word' id='word_1_228' title='bbox 512 3215 660 3302; x_wconf 81' lang='grc' dir='ltr'><em>λέγεται,</em></span> <span class='ocrx_word' id='word_1_229' title='bbox 684 3210 810 3303; x_wconf 81' lang='grc' dir='ltr'><em>ὁμοίως</em></span> <span class='ocrx_word' id='word_1_230' title='bbox 834 3210 918 3299; x_wconf 79' lang='grc' dir='ltr'><em>άπερ</em></span> <span class='ocrx_word' id='word_1_231' title='bbox 942 3217 1112 3302; x_wconf 80' lang='grc' dir='ltr'><em>μονογενῆ</em></span> <span class='ocrx_word' id='word_1_232' title='bbox 1136 3213 1192 3282; x_wconf 77' lang='grc' dir='ltr'>καὶ</span> <span class='ocrx_word' id='word_1_233' title='bbox 1215 3209 1305 3298; x_wconf 89' lang='grc' dir='ltr'><em>μόνα</em></span> <span class='ocrx_word' id='word_1_234' title='bbox 1330 3213 1437 3298; x_wconf 80' lang='grc' dir='ltr'><em>ἐστίν,</em></span> <span class='ocrx_word' id='word_1_235' title='bbox 1460 3214 1530 3280; x_wconf 81' lang='grc' dir='ltr'>τῶν</span> <span class='ocrx_word' id='word_1_236' title='bbox 1554 3213 1650 3280; x_wconf 74' lang='grc' dir='ltr'><em>θεῶν</em></span> 
     </span>
     <span class='ocr_line' id='line_1_27' title="bbox 365 3315 1727 3414; baseline -0.004 -21"><span class='ocrx_word' id='word_1_237' title='bbox 365 3320 573 3414; x_wconf 73' lang='grc' dir='ltr'><em>ἀνθρώπων,</em></span> <span class='ocrx_word' id='word_1_238' title='bbox 597 3319 643 3405; x_wconf 76' lang='grc' dir='ltr'>ὦς</span> <span class='ocrx_word' id='word_1_239' title='bbox 666 3321 704 3393; x_wconf 87' lang='grc' dir='ltr'>τό</span> <span class='ocrx_word' id='word_1_240' title='bbox 773 3322 940 3410; x_wconf 83' lang='grc' dir='ltr'><em>,πόλεων</em></span> <span class='ocrx_word' id='word_1_241' title='bbox 1032 3324 1203 3410; x_wconf 77' lang='grc' dir='ltr'><em>ἐπαρχιῶν</em></span> <span class='ocrx_word' id='word_1_242' title='bbox 1293 3319 1410 3408; x_wconf 80' lang='grc' dir='ltr'><em>νήσων</em></span> <span class='ocrx_word' id='word_1_243' title='bbox 1502 3315 1624 3408; x_wconf 81' lang='grc' dir='ltr'><em>ὀρέων,</em></span> <span class='ocrx_word' id='word_1_244' title='bbox 1649 3315 1727 3401; x_wconf 76' lang='grc' dir='ltr'>ὦς5</span> 
     </span>
     <span class='ocr_line' id='line_1_28' title="bbox 363 3425 1692 3521; baseline -0.005 -19"><span class='ocrx_word' id='word_1_245' title='bbox 363 3431 403 3502; x_wconf 85' lang='grc' dir='ltr'>τό</span> <span class='ocrx_word' id='word_1_246' title='bbox 494 3436 656 3521; x_wconf 77' lang='grc' dir='ltr'><em>ποταμῶν</em></span> <span class='ocrx_word' id='word_1_247' title='bbox 726 3435 826 3501; x_wconf 76' lang='grc' dir='ltr'><em>,τῶν</em></span> <span class='ocrx_word' id='word_1_248' title='bbox 849 3437 980 3519; x_wconf 79' lang='grc' dir='ltr'><em>κυρίων</em></span> <span class='ocrx_word' id='word_1_249' title='bbox 1004 3429 1183 3520; x_wconf 75' lang='grc' dir='ltr'><em>ὀνομάτων</em></span> <span class='ocrx_word' id='word_1_250' title='bbox 1207 3425 1228 3497; x_wconf 82' lang='grc' dir='ltr'><em>ἃ</em></span> <span class='ocrx_word' id='word_1_251' title='bbox 1257 3431 1321 3518; x_wconf 82' lang='grc' dir='ltr'>μέν</span> <span class='ocrx_word' id='word_1_252' title='bbox 1344 3432 1432 3498; x_wconf 79' lang='grc' dir='ltr'><em>εἰσιν</em></span> <span class='ocrx_word' id='word_1_253' title='bbox 1456 3431 1692 3518; x_wconf 82' lang='grc' dir='ltr'><em>χρηματισμοί,</em></span> 
     </span>
     <span class='ocr_line' id='line_1_29' title="bbox 365 3534 1692 3632; baseline -0.004 -21"><span class='ocrx_word' id='word_1_254' title='bbox 365 3539 466 3612; x_wconf 85' lang='grc' dir='ltr'><em>άτινα</em></span> <span class='ocrx_word' id='word_1_255' title='bbox 488 3545 558 3612; x_wconf 76' lang='grc' dir='ltr'>τῶν</span> <span class='ocrx_word' id='word_1_256' title='bbox 583 3539 763 3632; x_wconf 76' lang='grc' dir='ltr'><em>ὀνομάτων</em></span> <span class='ocrx_word' id='word_1_257' title='bbox 786 3544 856 3611; x_wconf 82' lang='grc' dir='ltr'>τῶν</span> <span class='ocrx_word' id='word_1_258' title='bbox 880 3544 1029 3611; x_wconf 81' lang='grc' dir='ltr'><em>ἐθνικῶν</em></span> <span class='ocrx_word' id='word_1_259' title='bbox 1059 3539 1298 3628; x_wconf 73' lang='grc' dir='ltr'><em>προτάττεται,</em></span> <span class='ocrx_word' id='word_1_260' title='bbox 1329 3535 1374 3619; x_wconf 74' lang='grc' dir='ltr'>ὥς</span> <span class='ocrx_word' id='word_1_261' title='bbox 1444 3589 1452 3606; x_wconf 94' lang='grc'><strong>.</strong></span> <span class='ocrx_word' id='word_1_262' title='bbox 1478 3534 1564 3606; x_wconf 74' lang='grc' dir='ltr'><em>ἄλλα</em></span> <span class='ocrx_word' id='word_1_263' title='bbox 1591 3536 1692 3624; x_wconf 85' lang='grc' dir='ltr'><em>κύρια</em></span> 
     </span>
     <span class='ocr_line' id='line_1_30' title="bbox 365 3637 1691 3739; baseline -0.005 -19"><span class='ocrx_word' id='word_1_264' title='bbox 365 3637 514 3738; x_wconf 65' lang='grc' dir='ltr'><em>ἐθνικά,</em></span> <span class='ocrx_word' id='word_1_265' title='bbox 530 3647 630 3720; x_wconf 82' lang='grc' dir='ltr'><em>ἅτινα</em></span> <span class='ocrx_word' id='word_1_266' title='bbox 658 3647 723 3719; x_wconf 84' lang='grc' dir='ltr'>άπὸ</span> <span class='ocrx_word' id='word_1_267' title='bbox 752 3654 815 3721; x_wconf 82' lang='grc' dir='ltr'>τοῦ</span> <span class='ocrx_word' id='word_1_268' title='bbox 843 3651 966 3739; x_wconf 79' lang='grc' dir='ltr'><em>γένους</em></span> <span class='ocrx_word' id='word_1_269' title='bbox 995 3656 999 3733; x_wconf 96' lang='grc' dir='ltr'>Ι</span> <span class='ocrx_word' id='word_1_270' title='bbox 1028 3649 1085 3719; x_wconf 82' lang='grc' dir='ltr'>καὶ</span> <span class='ocrx_word' id='word_1_271' title='bbox 1113 3653 1175 3719; x_wconf 84' lang='grc' dir='ltr'>τοῦ</span> <span class='ocrx_word' id='word_1_272' title='bbox 1200 3653 1328 3728; x_wconf 80' lang='grc' dir='ltr'><em>ἔθνους</em></span> <span class='ocrx_word' id='word_1_273' title='bbox 1355 3643 1507 3714; x_wconf 80' lang='grc' dir='ltr'><em>κάτεισιν</em></span> <span class='ocrx_word' id='word_1_274' title='bbox 1576 3641 1630 3714; x_wconf 78' lang='grc' dir='ltr'>,ἃ</span> <span class='ocrx_word' id='word_1_275' title='bbox 1656 3644 1691 3714; x_wconf 75' lang='grc' dir='ltr'>δὲ</span> 
     </span>
     <span class='ocr_line' id='line_1_31' title="bbox 350 3750 1691 3849; baseline -0.005 -20"><span class='ocrx_word' id='word_1_276' title='bbox 350 3757 567 3849; x_wconf 82' lang='grc' dir='ltr'><em>-συνιάνυμα,</em></span> <span class='ocrx_word' id='word_1_277' title='bbox 597 3755 712 3840; x_wconf 79' lang='grc' dir='ltr'>άτοῖς</span> <span class='ocrx_word' id='word_1_278' title='bbox 735 3756 903 3847; x_wconf 87' lang='grc' dir='ltr'><em>ὀνόμασιν</em></span> <span class='ocrx_word' id='word_1_279' title='bbox 927 3772 998 3840; x_wconf 85' lang='grc' dir='ltr'><em>τοῖς</em></span> <span class='ocrx_word' id='word_1_280' title='bbox 1028 3759 1180 3838; x_wconf 83' lang='grc' dir='ltr'><em>ἐθνικοῖς</em></span> <span class='ocrx_word' id='word_1_281' title='bbox 1207 3753 1448 3842; x_wconf 82' lang='grc' dir='ltr'><em>ὑποτάσσεται,</em></span> <span class='ocrx_word' id='word_1_282' title='bbox 1482 3750 1527 3836; x_wconf 78' lang='grc' dir='ltr'>ὦς</span> <span class='ocrx_word' id='word_1_283' title='bbox 1550 3753 1589 3823; x_wconf 91' lang='grc' dir='ltr'>τό</span> <span class='ocrx_word' id='word_1_284' title='bbox 1682 3806 1691 3840; x_wconf 97' lang='grc'><em>,</em></span> 
     </span>
     <span class='ocr_line' id='line_1_32' title="bbox 365 3859 1726 3956; baseline -0.004 -19"><span class='ocrx_word' id='word_1_285' title='bbox 365 3866 587 3938; x_wconf 79' lang='grc' dir='ltr'><em>συντάσσεται</em></span> <span class='ocrx_word' id='word_1_286' title='bbox 611 3865 675 3956; x_wconf 79' lang='grc' dir='ltr'>γάρ</span> <span class='ocrx_word' id='word_1_287' title='bbox 701 3865 808 3948; x_wconf 78' lang='grc' dir='ltr'><em>οὕτως</em></span> <span class='ocrx_word' id='word_1_288' title='bbox 877 3862 929 3935; x_wconf 76' lang='grc' dir='ltr'>,ἃ</span> <span class='ocrx_word' id='word_1_289' title='bbox 961 3865 998 3935; x_wconf 73' lang='grc' dir='ltr'>δὲ</span> <span class='ocrx_word' id='word_1_290' title='bbox 1027 3865 1231 3956; x_wconf 75' lang='grc' dir='ltr'><em>παρώνυμα,</em></span> <span class='ocrx_word' id='word_1_291' title='bbox 1259 3859 1281 3934; x_wconf 77' lang='grc' dir='ltr'><em>ά</em></span> <span class='ocrx_word' id='word_1_292' title='bbox 1310 3879 1381 3946; x_wconf 85' lang='grc' dir='ltr'><em>τοῖς</em></span> <span class='ocrx_word' id='word_1_293' title='bbox 1409 3862 1627 3952; x_wconf 83' lang='grc' dir='ltr'><em>συνωνύμοις</em></span> <span class='ocrx_word' id='word_1_294' title='bbox 1656 3868 1690 3932; x_wconf 82' lang='grc' dir='ltr'>ἔκ</span> <span class='ocrx_word' id='word_1_295' title='bbox 1703 3875 1726 3914; x_wconf 87' lang='lat'>1⁰</span> 
     </span>
     <span class='ocr_line' id='line_1_33' title="bbox 362 3969 1618 4066; baseline -0.006 -18"><span class='ocrx_word' id='word_1_296' title='bbox 362 4003 456 4059; x_wconf 85' lang='grc' dir='ltr'><em>τινος</em></span> <span class='ocrx_word' id='word_1_297' title='bbox 479 3979 646 4066; x_wconf 75' lang='grc' dir='ltr'><em>λογισμοῦ</em></span> <span class='ocrx_word' id='word_1_298' title='bbox 668 3971 689 4064; x_wconf 77' lang='grc' dir='ltr'>ἢ</span> <span class='ocrx_word' id='word_1_299' title='bbox 713 3971 833 4064; x_wconf 76' lang='grc' dir='ltr'><em>ἀρετῆς</em></span> <span class='ocrx_word' id='word_1_300' title='bbox 856 3973 1104 4064; x_wconf 77' lang='grc' dir='ltr'><em>προσβάλλεται</em></span> <span class='ocrx_word' id='word_1_301' title='bbox 1171 4030 1180 4064; x_wconf 90' lang='grc'><em>,</em></span> <span class='ocrx_word' id='word_1_302' title='bbox 1204 3974 1260 4043; x_wconf 76' lang='grc' dir='ltr'>καὶ</span> <span class='ocrx_word' id='word_1_303' title='bbox 1284 3971 1324 4042; x_wconf 80' lang='grc' dir='ltr'>τὰ</span> <span class='ocrx_word' id='word_1_304' title='bbox 1347 3972 1482 4056; x_wconf 82' lang='grc' dir='ltr'><em>τούτοις</em></span> <span class='ocrx_word' id='word_1_305' title='bbox 1506 3969 1618 4062; x_wconf 80' lang='grc' dir='ltr'><em>ὅμοια.</em></span> 
     </span>
     <span class='ocr_line' id='line_1_34' title="bbox 454 4079 1690 4176; baseline -0.006 -20"><span class='ocrx_word' id='word_1_306' title='bbox 454 4082 696 4176; x_wconf 83' lang='grc' dir='ltr'><em>Προσηγορικά</em></span> <span class='ocrx_word' id='word_1_307' title='bbox 726 4081 876 4174; x_wconf 89' lang='grc' dir='ltr'><em>ὀνόματά</em></span> <span class='ocrx_word' id='word_1_308' title='bbox 906 4089 993 4153; x_wconf 78' lang='grc' dir='ltr'><em>εἰσιν</em></span> <span class='ocrx_word' id='word_1_309' title='bbox 1023 4079 1122 4152; x_wconf 82' lang='grc' dir='ltr'><em>ἅτινα</em></span> <span class='ocrx_word' id='word_1_310' title='bbox 1150 4085 1293 4170; x_wconf 75' lang='grc' dir='ltr'><em>γενικῶς</em></span> <span class='ocrx_word' id='word_1_311' title='bbox 1319 4082 1375 4153; x_wconf 79' lang='grc' dir='ltr'>καὶ</span> <span class='ocrx_word' id='word_1_312' title='bbox 1403 4085 1528 4164; x_wconf 78' lang='grc' dir='ltr'><em>κοινῶς</em></span> <span class='ocrx_word' id='word_1_313' title='bbox 1550 4083 1690 4170; x_wconf 78' lang='grc' dir='ltr'><em>λέγεται.</em></span> 
     </span>
     <span class='ocr_line' id='line_1_35' title="bbox 363 4188 1690 4283; baseline -0.006 -16"><span class='ocrx_word' id='word_1_314' title='bbox 363 4199 468 4267; x_wconf 80' lang='grc' dir='ltr'><em>ταῦτα</em></span> <span class='ocrx_word' id='word_1_315' title='bbox 491 4200 539 4278; x_wconf 82' lang='grc' dir='ltr'><em>εἰς</em></span> <span class='ocrx_word' id='word_1_316' title='bbox 563 4193 628 4265; x_wconf 77' lang='grc' dir='ltr'>δύο</span> <span class='ocrx_word' id='word_1_317' title='bbox 652 4197 727 4283; x_wconf 71' lang='grc' dir='ltr'><em>εἴδη</em></span> <span class='ocrx_word' id='word_1_318' title='bbox 751 4196 940 4281; x_wconf 78' lang='grc' dir='ltr'><em>διαιρεῖται.</em></span> <span class='ocrx_word' id='word_1_319' title='bbox 987 4188 1008 4262; x_wconf 79' lang='grc' dir='ltr'><em>ά</em></span> <span class='ocrx_word' id='word_1_320' title='bbox 1032 4192 1094 4281; x_wconf 73' lang='grc' dir='ltr'>μὲν</span> <span class='ocrx_word' id='word_1_321' title='bbox 1117 4191 1181 4280; x_wconf 85' lang='grc' dir='ltr'>γὰρ</span> <span class='ocrx_word' id='word_1_322' title='bbox 1202 4189 1317 4261; x_wconf 78' lang='grc' dir='ltr'><em>αὐτῶν</em></span> <span class='ocrx_word' id='word_1_323' title='bbox 1335 4197 1492 4282; x_wconf 82' lang='grc' dir='ltr'><em>σημαίνει</em></span> <span class='ocrx_word' id='word_1_324' title='bbox 1511 4188 1690 4280; x_wconf 85' lang='grc' dir='ltr'><em>πράγματα</em></span> 
     </span>
     <span class='ocr_line' id='line_1_36' title="bbox 358 4293 1690 4395; baseline -0.006 -19"><span class='ocrx_word' id='word_1_325' title='bbox 358 4303 555 4395; x_wconf 59' lang='grc' dir='ltr'><em>’ἐνσώματοη</em></span> <span class='ocrx_word' id='word_1_326' title='bbox 579 4301 677 4375; x_wconf 81' lang='grc' dir='ltr'><em>ἅτινα</em></span> <span class='ocrx_word' id='word_1_327' title='bbox 700 4303 756 4373; x_wconf 77' lang='grc' dir='ltr'>καὶ</span> <span class='ocrx_word' id='word_1_328' title='bbox 781 4306 869 4372; x_wconf 77' lang='grc' dir='ltr'><em>ἰδεῖν</em></span> <span class='ocrx_word' id='word_1_329' title='bbox 891 4302 947 4371; x_wconf 82' lang='grc' dir='ltr'>καλ</span> <span class='ocrx_word' id='word_1_330' title='bbox 971 4293 1021 4371; x_wconf 75' lang='grc' dir='ltr'>ὧν</span> <span class='ocrx_word' id='word_1_331' title='bbox 1039 4299 1194 4385; x_wconf 80' lang='grc' dir='ltr'><em>ἅψασθαι</em></span> <span class='ocrx_word' id='word_1_332' title='bbox 1215 4299 1382 4388; x_wconf 75' lang='grc' dir='ltr'><em>δυνατόν,</em></span> <span class='ocrx_word' id='word_1_333' title='bbox 1399 4300 1456 4370; x_wconf 78' lang='grc' dir='ltr'>καὶ</span> <span class='ocrx_word' id='word_1_334' title='bbox 1474 4297 1564 4387; x_wconf 84' lang='grc' dir='ltr'><em>παρά</em></span> <span class='ocrx_word' id='word_1_335' title='bbox 1584 4326 1690 4369; x_wconf 86' lang='grc' dir='ltr'><em>τινων</em></span> 
     </span>
     <span class='ocr_line' id='line_1_37' title="bbox 362 4405 1724 4505; baseline -0.007 -20"><span class='ocrx_word' id='word_1_336' title='bbox 362 4413 551 4504; x_wconf 81' lang='grc' dir='ltr'><em>ἐπικλήσεις</em></span> <span class='ocrx_word' id='word_1_337' title='bbox 568 4411 892 4505; x_wconf 84' lang='grc' dir='ltr'><em>προσαγορεύονται,</em></span> <span class='ocrx_word' id='word_1_338' title='bbox 913 4407 959 4492; x_wconf 76' lang='grc' dir='ltr'>ὡς</span> <span class='ocrx_word' id='word_1_339' title='bbox 975 4408 1014 4480; x_wconf 89' lang='grc' dir='ltr'>τὸ</span> <span class='ocrx_word' id='word_1_340' title='bbox 1034 4409 1219 4500; x_wconf 77' lang='grc' dir='ltr'><em>ἄνθρωπος</em></span> <span class='ocrx_word' id='word_1_341' title='bbox 1238 4411 1386 4499; x_wconf 76' lang='grc' dir='ltr'><em>δένδρον</em></span> <span class='ocrx_word' id='word_1_342' title='bbox 1404 4407 1570 4498; x_wconf 83' lang='grc' dir='ltr'><em>βόσκημα,</em></span> <span class='ocrx_word' id='word_1_343' title='bbox 1589 4405 1689 4479; x_wconf 80' lang='grc' dir='ltr'><em>ἅτινα</em></span> <span class='ocrx_word' id='word_1_344' title='bbox 1703 4417 1724 4458; x_wconf 78' lang='lat'>1⁵</span> 
     </span>
    </p>
   </div>
   <div class='ocr_carea' id='block_1_6' title="bbox 363 4583 1690 4750">
    <p class='ocr_par' dir='ltr' id='par_1_7' title="bbox 363 4583 1690 4750">
     <span class='ocr_line' id='line_1_38' title="bbox 454 4583 1690 4672; baseline -0.006 -18"><span class='ocrx_word' id='word_1_345' title='bbox 454 4605 685 4654; x_wconf 81' lang='grc' dir='ltr'><em>1οτιινειιιιστον</em></span> <span class='ocrx_word' id='word_1_346' title='bbox 698 4613 816 4666; x_wconf 81' lang='grc' dir='ltr'><em>πραγμα</em></span> <span class='ocrx_word' id='word_1_347' title='bbox 830 4593 1020 4663; x_wconf 70' lang='lat' dir='ltr'>incomptum</span> <span class='ocrx_word' id='word_1_348' title='bbox 1093 4599 1332 4672; x_wconf 70' lang='grc' dir='ltr'><em>λανηρηγμηνης</em></span> <span class='ocrx_word' id='word_1_349' title='bbox 1405 4583 1529 4661; x_wconf 53' lang='lat' dir='ltr'>inunt.</span> <span class='ocrx_word' id='word_1_350' title='bbox 1603 4584 1690 4662; x_wconf 71' lang='grc' dir='ltr'><em>ἄργος</em></span> 
     </span>
     <span class='ocr_line' id='line_1_39' title="bbox 363 4669 1689 4750; baseline -0.005 -15"><span class='ocrx_word' id='word_1_351' title='bbox 363 4682 515 4750; x_wconf 59' lang='grc' dir='ltr'><em>(ουτω-ης)</em></span> <span class='ocrx_word' id='word_1_352' title='bbox 534 4699 614 4749; x_wconf 86' lang='grc' dir='ltr'><em>παρα</em></span> <span class='ocrx_word' id='word_1_353' title='bbox 632 4698 664 4735; x_wconf 85' lang='grc' dir='ltr'>το</span> <span class='ocrx_word' id='word_1_354' title='bbox 683 4697 783 4750; x_wconf 81' lang='grc' dir='ltr'><em>ονομα.</em></span> <span class='ocrx_word' id='word_1_355' title='bbox 820 4677 890 4732; x_wconf 76' lang='lat' dir='ltr'>noto</span> <span class='ocrx_word' id='word_1_356' title='bbox 913 4675 1018 4731; x_wconf 76' lang='lat' dir='ltr'>tamen</span> <span class='ocrx_word' id='word_1_357' title='bbox 1058 4673 1284 4730; x_wconf 79' lang='grc' dir='ltr'><em>ΤΟῩΝΟΤΑΤ.</em></span> <span class='ocrx_word' id='word_1_358' title='bbox 1323 4669 1455 4728; x_wconf 76' lang='lat' dir='ltr'>Nomina.</span> <span class='ocrx_word' id='word_1_359' title='bbox 1497 4691 1533 4726; x_wconf 81' lang='grc' dir='ltr'>τα</span> <span class='ocrx_word' id='word_1_360' title='bbox 1560 4690 1689 4744; x_wconf 80' lang='grc' dir='ltr'><em>ονοματα</em></span> 
     </span>
    </p>
   </div>
   <div class='ocr_carea' id='block_1_7' title="bbox 353 4752 1689 4996">
    <p class='ocr_par' dir='ltr' id='par_1_8' title="bbox 353 4752 1689 4996">
     <span class='ocr_line' id='line_1_40' title="bbox 353 4752 1689 4832; baseline -0.004 -16"><span class='ocrx_word' id='word_1_361' title='bbox 353 4752 358 4764; x_wconf 83' lang='lat'>&#39;</span> <span class='ocrx_word' id='word_1_362' title='bbox 398 4767 530 4830; x_wconf 70' lang='grc' dir='ltr'><em>λαπιρᾶ</em></span> <span class='ocrx_word' id='word_1_363' title='bbox 550 4781 691 4832; x_wconf 81' lang='grc' dir='ltr'><em>μονογενη</em></span> <span class='ocrx_word' id='word_1_364' title='bbox 765 4765 966 4829; x_wconf 77' lang='grc' dir='ltr'><em>σαμενιισειν</em></span> <span class='ocrx_word' id='word_1_365' title='bbox 1039 4764 1123 4813; x_wconf 75' lang='lat' dir='ltr'>sena</span> <span class='ocrx_word' id='word_1_366' title='bbox 1143 4775 1195 4812; x_wconf 85' lang='grc' dir='ltr'>του</span> <span class='ocrx_word' id='word_1_367' title='bbox 1214 4759 1358 4818; x_wconf 74' lang='grc' dir='ltr'><em>ισνιιιαυς</em></span> <span class='ocrx_word' id='word_1_368' title='bbox 1376 4752 1552 4809; x_wconf 75' lang='lat' dir='ltr'>descendunt</span> <span class='ocrx_word' id='word_1_369' title='bbox 1569 4773 1689 4812; x_wconf 81' lang='grc' dir='ltr'><em>κατυσικ</em></span> 
     </span>
     <span class='ocr_line' id='line_1_41' title="bbox 399 4840 1689 4915; baseline -0.004 -17"><span class='ocrx_word' id='word_1_370' title='bbox 399 4847 415 4898; x_wconf 86' lang='grc'>9</span> <span class='ocrx_word' id='word_1_371' title='bbox 435 4863 454 4897; x_wconf 90' lang='grc' dir='ltr'><em>α</em></span> <span class='ocrx_word' id='word_1_372' title='bbox 472 4861 539 4907; x_wconf 84' lang='grc' dir='ltr'><em>τους</em></span> <span class='ocrx_word' id='word_1_373' title='bbox 558 4860 696 4915; x_wconf 82' lang='grc' dir='ltr'><em>ονομασιν</em></span> <span class='ocrx_word' id='word_1_374' title='bbox 714 4861 773 4905; x_wconf 83' lang='grc' dir='ltr'><em>τοις</em></span> <span class='ocrx_word' id='word_1_375' title='bbox 793 4843 930 4903; x_wconf 72' lang='grc' dir='ltr'><em>εθνιιιους</em></span> <span class='ocrx_word' id='word_1_376' title='bbox 1009 4843 1042 4895; x_wconf 78' lang='lat'>10</span> <span class='ocrx_word' id='word_1_377' title='bbox 1061 4857 1127 4902; x_wconf 80' lang='grc' dir='ltr'><em>τους</em></span> <span class='ocrx_word' id='word_1_378' title='bbox 1146 4855 1324 4909; x_wconf 78' lang='grc' dir='ltr'><em>συνονυμουε</em></span> <span class='ocrx_word' id='word_1_379' title='bbox 1408 4841 1442 4891; x_wconf 76' lang='grc'>14</span> <span class='ocrx_word' id='word_1_380' title='bbox 1459 4853 1509 4890; x_wconf 75' lang='grc' dir='ltr'>και</span> <span class='ocrx_word' id='word_1_381' title='bbox 1529 4840 1689 4906; x_wconf 62' lang='grc' dir='ltr'><em>μάσασθαι</em></span> 
     </span>
     <span class='ocr_line' id='line_1_42' title="bbox 400 4927 858 4996; baseline -0.004 -16"><span class='ocrx_word' id='word_1_382' title='bbox 400 4929 434 4980; x_wconf 76' lang='lat' dir='ltr'>lb</span> <span class='ocrx_word' id='word_1_383' title='bbox 454 4927 598 4994; x_wconf 82' lang='grc' dir='ltr'><em>επιιιλησις</em></span> <span class='ocrx_word' id='word_1_384' title='bbox 614 4941 858 4996; x_wconf 83' lang='grc' dir='ltr'><em>προσαγορευεται</em></span> 
     </span>
    </p>
   </div>
   <div class='ocr_carea' id='block_1_8' title="bbox 0 0 1786 5482">
    <p class='ocr_par' dir='ltr' id='par_1_9' title="bbox 0 0 1786 5482">
     <span class='ocr_line' id='line_1_43' title="bbox 0 0 1786 5482; baseline 0 3"><span class='ocrx_word' id='word_1_385' title='bbox 0 0 1786 5482; x_wconf 95' lang='lat' dir='ltr'> </span> 
     </span>
    </p>
   </div>
  </div>
 </body>
</html>
