3610 5482
334 341 377 410 68
881 340 985 398 vsnn
1002 339 1119 398 LONGI

334 459 356 496 p.
372 447 432 488 arra.
448 447 474 488 so
488 445 513 488 r.

332 530 493 612 scribitur,
517 533 580 591 sive
605 527 685 610 quod
710 531 806 610 tingat
829 529 859 591 id
884 531 964 611 quod
988 527 1175 591 inscribitur.
1213 537 1312 590 tamen
1336 531 1369 591 ιιι
1393 527 1448 591 bac
1473 545 1546 590 voce
1576 529 1620 588 slc
1645 545 1667 587 ιι

332 638 465 702 litteram
489 639 647 720 occupavit
670 636 869 720 consuetudo,
892 647 1010 700 utnon
1035 635 1121 699 tacite
1145 638 1242 718 possit
1265 636 1360 698 evehi

427 745 590 811 Nonnulli
610 749 700 809 etiam
723 749 805 808 varie
825 745 914 808 modo
933 765 989 828 per
1012 765 1032 810 ιι
1057 745 1146 808 modo
1169 763 1225 827 per
1244 747 1255 808 ι
1277 747 1468 826 scripserunt
1486 746 1618 806 artubus
1637 751 1669 805 et

333 854 459 938 artibus,
482 865 527 938 ut,
549 859 578 916 si
600 873 670 916 cum
694 853 912 934 significatione
938 863 1022 916 artus
1042 862 1153 936 essent,
1177 865 1211 917 ut
1229 871 1319 916 arcus
1338 861 1369 916 et
1387 857 1502 934 partus,
1526 871 1547 914 u
1565 851 1668 914 littera

332 967 364 1026 ιιι
389 962 487 1025 dativo
511 971 542 1024 et
564 963 699 1023 ablativo
723 970 910 1044 servaretur3
935 963 961 1024 si
989 981 1060 1024 vero
1085 971 1187 1025 essent
1211 971 1304 1044 artes,
1333 969 1367 1023 ut
1391 979 1476 1023 arces
1501 969 1531 1022 et
1553 969 1696 1043 partes,s

333 1084 406 1134 tunc
431 1070 510 1134 idem
535 1069 578 1131 illi
600 1087 690 1131 casus
714 1087 769 1150 per
792 1071 803 1130 i
827 1067 958 1132 litteram
978 1069 1194 1133 scriberentur.
1234 1069 1306 1132 mihi
1326 1065 1445 1132 videtur
1465 1057 1554 1131 nimis
1573 1071 1666 1131 rusti·

331 1197 405 1242 cana
434 1179 601 1242 enuntiatio
629 1178 746 1260 lutura,
775 1179 801 1239 si
828 1196 885 1259 per
914 1196 934 1239 ιι
963 1176 1169 1241 extulerimus.
1207 1181 1248 1242 ita
1277 1187 1377 1240 tamen
1407 1179 1545 1240 existimo
1569 1196 1664 1240 enuu·

334 1286 484 1370 tiendum,
513 1297 546 1349 ut
575 1305 631 1349 nec
659 1287 749 1348 nimis
777 1287 787 1347 i
815 1285 915 1348 littera
945 1285 1031 1348 erilis
1059 1289 1102 1369 sit
1136 1305 1201 1369 nec,
1231 1304 1251 1349 ιι
1280 1285 1411 1349 litteram
1439 1290 1469 1349 εἰ
1497 1288 1667 1369 scripseris,

334 1397 551 1458 enuntiationis
575 1413 650 1457 sono
676 1391 774 1474 [cum]
800 1395 889 1456 nimis
912 1393 1009 1475 plena.
1047 1413 1082 1456 ac
1107 1397 1335 1458 meminerimus
1358 1397 1432 1457 artis
1462 1385 1666 1478 ὀρθοεπείας

334 1521 401 1566 esee
427 1512 469 1583 ut,
500 1505 562 1564 siva
581 1501 658 1564 banc
679 1503 741 1564 sive
766 1502 846 1564 illam
869 1501 1000 1564 litteram
1025 1505 1193 1586 scripseris,
1217 1505 1434 1566 enuntiationis
1458 1521 1565 1565 sonum
1590 1513 1664 1564 tem·
1682 1522 1712 1561 10

330 1620 426 1691 peret.
464 1608 544 1671 idem
568 1620 641 1691 puto
666 1618 697 1671 et
715 1611 748 1671 iu
772 1609 869 1691 clipeo
892 1629 948 1693 per
972 1613 982 1672 ι
1006 1613 1121 1692 scripto
1145 1610 1381 1694 observandum,
1405 1630 1461 1674 nec
1485 1611 1666 1673 audiendam

281 1712 284 1718 ’
331 1736 435 1780 vanam
464 1720 729 1800 grammaticorum
757 1717 972 1798 differentiam,
1004 1721 1057 1798 qui
1085 1717 1213 1781 alterum
1243 1737 1260 1780 a
1287 1718 1448 1803 clependo,
1481 1723 1614 1782 atterum
1643 1739 1665 1780 a

330 1829 462 1890 cluendo
485 1835 593 1908 putant
617 1825 740 1889 dictum.

426 1932 466 1995 Et
494 1933 532 1995 de
556 1948 582 1996 n
606 1933 705 1996 littera
729 1936 901 2017 quaeritur,
929 1953 1006 2016 quae
1030 1952 1063 1996 se
1088 1932 1172 2013 [cum
1196 1932 1257 2015 his]
1282 1945 1335 1999 aut
1357 1939 1487 2000 inseruit
1510 1935 1664 2000 vocalibus

331 2052 383 2106 aut
405 2045 594 2124 praeposuit:
617 2045 755 2126 inseruit,
780 2052 813 2106 ut
831 2047 862 2105 ιιι
882 2043 939 2127 his,
963 2042 1124 2104 vehemens
1143 2043 1349 2127 reprehendit,
1372 2063 1441 2108 curm
1462 2045 1662 2126 elegantiores
1679 2063 1708 2104 ιι

333 2163 364 2215 et
393 2158 563 2213 sementem
594 2149 697 2213 dicant
725 2161 757 2214 et
784 2151 941 2233 reprendit
969 2151 1136 2217 secundum
1166 2155 1292 2233 primam
1321 2155 1517 2236 positionem;
1546 2152 1662 2236 prendo

332 2262 413 2323 enim
441 2259 584 2343 holmus,
614 2277 674 2322 ιιοιι
703 2257 868 2341 prehendo.
917 2256 975 2339 [at]
1004 2261 1193 2343 praeposuit,
1226 2270 1260 2322 nt
1288 2278 1359 2323 cum
1388 2263 1517 2325 dicimus
1553 2260 1664 2340 [hostis

330 2367 441 2430 harena
465 2365 609 2446 huense]
635 2367 761 2430 halicam
786 2378 816 2430 et
838 2366 1007 2450 haliculam,
1030 2385 1101 2429 eum
1124 2366 1161 2429 ab
1185 2367 1292 2430 alendo
1315 2373 1413 2452 possit
1440 2369 1515 2433 alica
1539 2369 1598 2432 dici
1633 2379 1664 2431 et

332 2477 471 2540 aliculam
498 2477 503 2554 Ι
531 2479 704 2539 existiment
734 2476 858 2553 dicmur,
892 2475 974 2557 qttod
1004 2474 1064 2567 alas
1081 2475 1180 2538 mobis
1209 2479 1319 2540 iniecta
1350 2481 1511 2542 contineat.
1555 2469 1665 2540 hortus

328 2604 449 2668 quoque
476 2603 537 2648 non
566 2583 756 2646 desiderabat
786 2584 1036 2666 adspirationem,
1065 2577 1146 2665 quod
1175 2582 1217 2647 ibi
1240 2585 1351 2648 herbae
1376 2589 1527 2671 amantur,
1556 2587 1586 2649 id
1615 2595 1711 2649 estro

327 2718 544 2728 m

420 2777 512 2834 noan
531 2776 682 2832 Parrhasii
720 2776 930 2848 linearibitur]
950 2775 1067 2832 inscribi
1140 2776 1274 2834 tlittera
1346 2779 1434 2836 anelli
1507 2780 1664 2852 ascripse-

330 2861 397 2914 runt
415 2857 525 2914 artibus
543 2863 577 2912 ut
596 2873 659 2913 cnm
679 2857 916 2930 significationem
985 2859 1051 2913 bet
1069 2856 1197 2914 ablativo
1216 2875 1280 2924 orn„
1342 2867 1445 2918 tonsu
1520 2861 1664 2917 textole-

329 2942 418 2997 rimns
492 2937 689 2996 Sulitteram
706 2939 851 3010 scripseris
925 2933 1135 3008 θόρθοεπείαι
1177 2946 1243 2996 ,10
1262 2940 1323 2997 siue
1337 2942 1484 2998 haeceine
1498 2939 1550 2996 illa
1564 2941 1665 2997 littera

401 3028 435 3078 ta
456 3021 577 3078 alterum
598 3037 616 3074 n
634 3019 754 3076 cluendo
773 3037 824 3076 ora.
901 3028 935 3076 14
954 3017 1112 3090 vocalibus]
1134 3021 1251 3078 uocibus
1331 3029 1364 3078 ts
1383 3022 1557 3094 remantem]
1576 3024 1663 3080 uehe-

328 3105 438 3160 menter
529 3099 688 3172 reprendit]
713 3100 896 3170 reprehendit
989 3105 1021 3156 rt
1047 3118 1111 3156 cum
1130 3102 1209 3158 dicas
1228 3103 1319 3159 hostis
1338 3103 1445 3160 harena
1463 3105 1587 3159 harem
1608 3103 1664 3160 ba.

326 3183 452 3240 halicarn
471 3187 501 3240 et
519 3181 645 3238 helicem
665 3186 695 3237 et
713 3181 848 3238 ιιιιιιιιιιιι
866 3200 932 3238 cnm
950 3181 986 3238 ab
1006 3180 1109 3238 alendo
1202 3189 1236 3238 19
1256 3184 1400 3240 existimet
1491 3191 1526 3239 ‘20
1550 3185 1582 3240 id
1606 3185 1663 3256 est]

392 3270 403 3306 ι

325 3278 402 3389 idetis
425 3321 459 3377 0:
479 3322 508 3376 st
524 3335 696 3390 superenne

417 3502 433 3550 i
453 3494 541 3551 nuelli
560 3491 603 3546 R:
619 3509 650 3562 p.
662 3496 756 3560 59,16
777 3492 816 3548 sic
836 3492 974 3547 insertum
992 3506 1088 3544 rursus
1108 3507 1126 3543 u
1145 3489 1322 3560 agnoscitur,
1341 3494 1375 3546 nt
1392 3490 1479 3548 evelli
1496 3508 1553 3547 non
1571 3491 1663 3562 possit
1757 3495 1763 3507 ¹

383 3583 399 3632 3
420 3576 593 3648 scripserunt
612 3572 736 3643 artibus,
755 3578 787 3629 ut
806 3592 871 3630 cum
888 3573 970 3628 iuxta
988 3569 1226 3641 significationem
1245 3589 1326 3629 arcus
1345 3577 1452 3644 essent,
1477 3578 1509 3630 ut
1533 3591 1613 3631 arcus
1633 3578 1666 3630 et
1780 3605 1785 3612 ·

327 3661 442 3731 partus,
460 3675 479 3714 ι
497 3656 596 3713 littera
613 3657 644 3712 in
663 3655 761 3712 dstiuo
781 3657 942 3712 seruaretur
961 3652 1001 3707 R:
1022 3652 1057 3718 cs.
1077 3649 1177 3710 Scarus.
1192 3670 1223 3725 p.
1234 3660 1314 3721 25,1
1389 3662 1405 3713 8
1425 3673 1478 3712 neo
1497 3676 1517 3712 ιι
1534 3657 1665 3712 litteram

326 3739 471 3810 scripseris
491 3737 694 3794 enuntiationis
715 3753 785 3793 sono
805 3753 869 3816 cum
888 3735 972 3790 nimis
991 3735 1077 3805 pleno
1097 3732 1125 3787 R
1199 3741 1215 3790 9
1234 3737 1351 3804 fortasse
1370 3737 1573 3794 enuntiationis
1592 3755 1663 3794 sono

326 3825 424 3877 currat
442 3821 483 3875 orl
502 3819 553 3875 fiat
571 3818 655 3874 nimis
676 3818 762 3888 plena
835 3813 1009 3887 oseaeuna:
1024 3833 1084 3872 esse
1098 3819 1132 3870 nt
1146 3817 1206 3872 siue
1221 3817 1276 3873 hac
1290 3817 1350 3873 siue
1364 3818 1416 3873 illa
1429 3818 1528 3874 littera
1543 3819 1665 3888 scripse·

329 3901 367 3957 ris
386 3900 415 3957 R
488 3905 520 3953 11
541 3899 659 3968 fortasse
678 3899 708 3954 in
727 3899 821 3970 clipeo
839 3916 890 3970 per
909 3899 919 3953 i
938 3899 984 3954 vel
1003 3915 1054 3968 per
1073 3916 1092 3952 ιι
1111 3896 1217 3968 scripto
1306 3905 1340 3954 12
1361 3901 1411 3970 qui
1431 3899 1552 3956 alterum
1571 3917 1589 3956 a
1607 3900 1664 3956 cle·

329 3981 422 4053 pendo
437 3982 541 4052 putant
559 3981 667 4036 dictum
682 3980 718 4048 R,
738 3979 787 4049 qai
802 3979 924 4035 alterum
938 3995 956 4034 a
970 3979 1090 4034 cluendo
1105 3979 1227 4034 alterum
1242 3995 1260 4033 a
1274 3979 1412 4050 clependo
1431 3983 1536 4052 putant
1553 3981 1665 4036 dietum

328 4062 537 4118 Bromboeha'us
555 4061 675 4132 orthopr.
695 4060 743 4114 lot.
759 4061 936 4129 p.121:cf.
960 4057 1069 4115 Ultoris
1085 4077 1115 4128 p.
1136 4067 1181 4128 77,
1201 4067 1241 4118 20
1335 4069 1368 4117 14
1388 4062 1471 4117 etde
1491 4063 1545 4117 hac
1565 4063 1666 4117 littera

330 4143 488 4214 quaeritur,
508 4159 581 4212 quae
600 4157 629 4198 se
649 4158 713 4196 cum
732 4140 777 4195 his
797 4146 848 4196 ant
865 4141 986 4197 inseruit
1003 4140 1120 4198 vocibus
1139 4141 1175 4198 R.
1205 4142 1243 4198 Et
1262 4143 1296 4198 de
1316 4141 1342 4197 H
1361 4142 1458 4198 littera
1478 4143 1664 4198 Cosnmelinss

402 4242 466 4281 cnm
489 4223 534 4280 hia
558 4229 700 4293 tamarcem
723 4227 814 4277 ortum
837 4238 871 4277 ea
889 4239 919 4279 eo
938 4223 1013 4292 quod
1030 4223 1155 4292 sequitur
1174 4225 1207 4279 nt
1230 4223 1260 4279 in
1284 4225 1329 4280 his
1352 4227 1465 4292 molam,
1488 4225 1665 4293 enepotius

329 4308 504 4362 ambeoduac
527 4309 587 4362 act
610 4319 683 4374 quae
708 4321 738 4360 se
757 4305 887 4361 omnibns
907 4307 957 4360 sut
975 4302 1096 4358 inseruit
1115 4305 1260 4360 vocalibus
1344 4313 1375 4360 15
1395 4305 1548 4360 vehemens
1567 4321 1664 4374 repre·

329 4389 441 4460 hendit]
456 4407 488 4458 p.
508 4393 583 4456 75,1
692 4393 726 4442 16
753 4389 783 4443 et
800 4388 983 4443 vehementer
1002 4383 1108 4440 dicant.
1138 4385 1168 4440 ln
1188 4385 1371 4456 reprehendit
1389 4385 1430 4451 R,
1451 4386 1481 4440 et
1499 4388 1665 4440 veementer

330 4467 428 4524 dicant
446 4472 476 4525 et
493 4469 657 4541 repreendit
676 4469 729 4524 ‘ael
743 4470 841 4539 potiris
855 4469 1001 4523 vementes
1020 4469 1049 4521 et
1067 4466 1225 4536 reprendit’
1248 4467 1438 4522 Gomaaela'aas.
1454 4461 1615 4521 'vehemens
1632 4469 1665 4522 et

259 4569 272 4582 .
330 4568 445 4607 vemens
465 4552 541 4622 apud
560 4552 692 4622 antiquos
712 4556 742 4607 et
760 4549 836 4620 apud
857 4547 1019 4604 Ciceronem
1040 4547 1119 4618 lego,
1139 4563 1229 4616 aeque
1249 4547 1394 4617 prehendo
1414 4552 1444 4602 et
1466 4546 1573 4618 prendo
1595 4545 1664 4602 Gor·

329 4637 415 4687 notus
425 4634 503 4702 opud
514 4633 721 4690 Caesada-iam
733 4651 762 4704 p.
773 4635 869 4688 2286:
879 4631 914 4698 cs.
925 4629 1024 4684 Scaur.
1032 4647 1062 4699 p.
1074 4635 1120 4696 19,
1130 4633 1165 4684 14
1223 4635 1254 4683 rt
1266 4631 1316 4683 aut
1326 4627 1491 4698 praeposuit
1502 4629 1608 4682 leucius

329 4717 363 4769 nt
381 4730 446 4769 cum
465 4713 542 4770 dicas
561 4715 660 4784 hostis,
673 4715 781 4770 harena
799 4711 933 4778 helicem,
952 4714 982 4765 et
1000 4709 1143 4778 aliculam,
1163 4727 1227 4766 cum
1242 4709 1278 4764 ab
1294 4709 1395 4765 alendo
1415 4709 1452 4780 R,
1473 4711 1522 4765 obi
1541 4714 1571 4766 et
1589 4711 1663 4768 hali·

330 4795 424 4851 culam
447 4797 620 4853 seribmtdrtm
643 4814 698 4854 esse
724 4798 794 4852 atate
818 4794 1009 4850 Corrtraelimts.
1037 4793 1128 4848 hostie
1150 4792 1192 4847 vel
1210 4792 1306 4860 potitae
1330 4791 1428 4846 hortus
1452 4797 1477 4847 et
1501 4792 1607 4848 harena
1628 4811 1664 4849 aa

329 4880 456 4952 scorpiace
473 4880 556 4936 illota
574 4897 628 4936 ease
647 4881 778 4934 sidentur
