<?xml version="1.0" encoding="UTF-8"?>
<!DOCTYPE html PUBLIC "-//W3C//DTD XHTML 1.0 Transitional//EN"
    "http://www.w3.org/TR/xhtml1/DTD/xhtml1-transitional.dtd">
<html xmlns="http://www.w3.org/1999/xhtml" xml:lang="en" lang="en">
 <head>
  <title>
</title>
<meta http-equiv="Content-Type" content="text/html;charset=utf-8" />
  <meta name='ocr-system' content='tesseract 3.04.00' />
  <meta name='ocr-capabilities' content='ocr_page ocr_carea ocr_par ocr_line ocrx_word'/>
</head>
<body>
  <div class='ocr_page' id='page_1' title='image "./grammaticilatin00unkngoog/grammaticilatin00unkngoog_0166.png"; bbox 0 0 3616 5482; ppageno 0'>
   <div class='ocr_carea' id='block_1_1' title="bbox 615 265 1465 356">
    <p class='ocr_par' dir='ltr' id='par_1_1' title="bbox 615 265 1465 356">
     <span class='ocr_line' id='line_1_1' title="bbox 615 265 1465 356; baseline -0.001 -32"><span class='ocrx_word' id='word_1_1' title='bbox 615 265 981 356; x_wconf 76' lang='lat' dir='ltr'><strong>cnouruoosnrms</strong></span> <span class='ocrx_word' id='word_1_2' title='bbox 1401 273 1465 340; x_wconf 83' lang='lat'><strong>151</strong></span> 
     </span>
    </p>
   </div>
   <div class='ocr_carea' id='block_1_2' title="bbox 11 369 1467 2822">
    <p class='ocr_par' dir='ltr' id='par_1_2' title="bbox 11 369 1467 2822">
     <span class='ocr_line' id='line_1_2' title="bbox 127 369 308 420; baseline -0.011 -8"><span class='ocrx_word' id='word_1_3' title='bbox 127 380 150 420; x_wconf 82' lang='lat' dir='ltr'><strong>p.</strong></span> <span class='ocrx_word' id='word_1_4' title='bbox 164 369 226 412; x_wconf 63' lang='lat' dir='ltr'><strong>flu</strong></span> <span class='ocrx_word' id='word_1_5' title='bbox 240 369 268 413; x_wconf 73' lang='lat' dir='ltr'><strong>dd</strong></span> <span class='ocrx_word' id='word_1_6' title='bbox 282 369 308 410; x_wconf 81' lang='lat' dir='ltr'><strong>P.</strong></span> 
     </span>
     <span class='ocr_line' id='line_1_3' title="bbox 11 453 1467 546; baseline 0.004 -27"><span class='ocrx_word' id='word_1_7' title='bbox 11 453 12 456; x_wconf 70' lang='grc'>’</span> <span class='ocrx_word' id='word_1_8' title='bbox 129 474 251 538; x_wconf 84' lang='lat' dir='ltr'><strong>quoque</strong></span> <span class='ocrx_word' id='word_1_9' title='bbox 280 455 481 538; x_wconf 89' lang='lat' dir='ltr'><strong>intellegenda</strong></span> <span class='ocrx_word' id='word_1_10' title='bbox 510 464 565 520; x_wconf 84' lang='lat' dir='ltr'><strong>est</strong></span> <span class='ocrx_word' id='word_1_11' title='bbox 603 459 747 540; x_wconf 75' lang='lat' dir='ltr'><strong>extinguo</strong></span> <span class='ocrx_word' id='word_1_12' title='bbox 775 464 824 521; x_wconf 91' lang='lat' dir='ltr'><strong>est</strong></span> <span class='ocrx_word' id='word_1_13' title='bbox 851 459 951 540; x_wconf 82' lang='lat' dir='ltr'><strong>entm,&#39;</strong></span> <span class='ocrx_word' id='word_1_14' title='bbox 974 464 1005 520; x_wconf 91' lang='lat' dir='ltr'><strong>et</strong></span> <span class='ocrx_word' id='word_1_15' title='bbox 1029 455 1066 520; x_wconf 85' lang='lat' dir='ltr'><strong>eb</strong></span> <span class='ocrx_word' id='word_1_16' title='bbox 1089 456 1148 520; x_wconf 93' lang='lat' dir='ltr'><strong>boc</strong></span> <span class='ocrx_word' id='word_1_17' title='bbox 1172 461 1367 546; x_wconf 84' lang='lat' dir='ltr'><strong>extinguunt,</strong></span> <span class='ocrx_word' id='word_1_18' title='bbox 1395 461 1467 525; x_wconf 86' lang='lat' dir='ltr'><strong>licet</strong></span> 
     </span>
     <span class='ocr_line' id='line_1_4' title="bbox 130 567 497 648; baseline 0 -20"><span class='ocrx_word' id='word_1_19' title='bbox 130 568 283 629; x_wconf 89' lang='lat' dir='ltr'><strong>enunttarl</strong></span> <span class='ocrx_word' id='word_1_20' title='bbox 305 584 366 628; x_wconf 90' lang='lat' dir='ltr'><strong>non</strong></span> <span class='ocrx_word' id='word_1_21' title='bbox 391 567 497 648; x_wconf 87' lang='lat' dir='ltr'><strong>possit</strong></span> 
     </span>
     <span class='ocr_line' id='line_1_5' title="bbox 11 673 1465 760; baseline 0.003 -25"><span class='ocrx_word' id='word_1_22' title='bbox 11 739 12 756; x_wconf 52' lang='lat'><strong>,</strong></span> <span class='ocrx_word' id='word_1_23' title='bbox 220 673 415 738; x_wconf 75' lang='lat' dir='ltr'>Intervallum</span> <span class='ocrx_word' id='word_1_24' title='bbox 439 673 515 738; x_wconf 86' lang='lat' dir='ltr'><strong>dues</strong></span> <span class='ocrx_word' id='word_1_25' title='bbox 537 674 549 738; x_wconf 94' lang='lat'><em>1</em></span> <span class='ocrx_word' id='word_1_26' title='bbox 571 673 676 739; x_wconf 85' lang='lat' dir='ltr'><strong>babet:</strong></span> <span class='ocrx_word' id='word_1_27' title='bbox 700 673 810 736; x_wconf 86' lang='lat' dir='ltr'><strong>vallum</strong></span> <span class='ocrx_word' id='word_1_28' title='bbox 834 675 916 736; x_wconf 90' lang='lat' dir='ltr'><strong>enim</strong></span> <span class='ocrx_word' id='word_1_29' title='bbox 940 675 1041 754; x_wconf 92' lang='lat' dir='ltr'><strong>ipsum</strong></span> <span class='ocrx_word' id='word_1_30' title='bbox 1065 693 1127 738; x_wconf 94' lang='lat' dir='ltr'><strong>nou</strong></span> <span class='ocrx_word' id='word_1_31' title='bbox 1151 673 1239 738; x_wconf 88' lang='lat' dir='ltr'><strong>aliter</strong></span> <span class='ocrx_word' id='word_1_32' title='bbox 1266 675 1426 760; x_wconf 87' lang='lat' dir='ltr'><strong>scribitur,</strong></span> <span class='ocrx_word' id='word_1_33' title='bbox 1448 697 1465 740; x_wconf 93' lang='lat' dir='ltr'><strong>a</strong></span> 
     </span>
     <span class='ocr_line' id='line_1_6' title="bbox 11 779 1465 868; baseline 0.003 -23"><span class='ocrx_word' id='word_1_34' title='bbox 11 779 12 782; x_wconf 70' lang='grc'>’</span> <span class='ocrx_word' id='word_1_35' title='bbox 129 801 188 864; x_wconf 87' lang='lat' dir='ltr'><strong>quo</strong></span> <span class='ocrx_word' id='word_1_36' title='bbox 212 782 413 846; x_wconf 83' lang='lat' dir='ltr'><strong>intervallum.</strong></span> <span class='ocrx_word' id='word_1_37' title='bbox 450 782 545 846; x_wconf 84' lang='lat' dir='ltr'><strong>Varro</strong></span> <span class='ocrx_word' id='word_1_38' title='bbox 570 784 643 847; x_wconf 90' lang='lat' dir='ltr'><strong>dicit</strong></span> <span class='ocrx_word' id='word_1_39' title='bbox 666 780 823 846; x_wconf 86' lang='lat' dir='ltr'><strong>intervalla</strong></span> <span class='ocrx_word' id='word_1_40' title='bbox 847 800 914 844; x_wconf 89' lang='lat' dir='ltr'><strong>esse</strong></span> <span class='ocrx_word' id='word_1_41' title='bbox 938 783 1035 864; x_wconf 91' lang='lat' dir='ltr'><strong>spatia</strong></span> <span class='ocrx_word' id='word_1_42' title='bbox 1059 800 1136 864; x_wconf 88' lang='lat' dir='ltr'><strong>quae</strong></span> <span class='ocrx_word' id='word_1_43' title='bbox 1160 792 1233 848; x_wconf 86' lang='lat' dir='ltr'><strong>sunt</strong></span> <span class='ocrx_word' id='word_1_44' title='bbox 1264 785 1344 848; x_wconf 88' lang='lat' dir='ltr'><strong>iuter</strong></span> <span class='ocrx_word' id='word_1_45' title='bbox 1368 788 1465 868; x_wconf 89' lang='lat' dir='ltr'><strong>capita</strong></span> 
     </span>
     <span class='ocr_line' id='line_1_7' title="bbox 11 889 1466 977; baseline 0.001 -21"><span class='ocrx_word' id='word_1_46' title='bbox 11 907 12 956; x_wconf 76' lang='lat' dir='ltr'><strong>t</strong></span> <span class='ocrx_word' id='word_1_47' title='bbox 102 891 287 968; x_wconf 76' lang='lat' dir='ltr'><strong>crudorum,</strong></span> <span class='ocrx_word' id='word_1_48' title='bbox 315 891 346 954; x_wconf 95' lang='lat' dir='ltr'><strong>id</strong></span> <span class='ocrx_word' id='word_1_49' title='bbox 375 902 423 956; x_wconf 89' lang='lat' dir='ltr'><strong>est</strong></span> <span class='ocrx_word' id='word_1_50' title='bbox 451 895 588 976; x_wconf 88' lang='lat' dir='ltr'><strong>stipitum</strong></span> <span class='ocrx_word' id='word_1_51' title='bbox 616 889 728 973; x_wconf 81' lang='lat' dir='ltr'><strong>quibm</strong></span> <span class='ocrx_word' id='word_1_52' title='bbox 758 889 868 953; x_wconf 82' lang='lat' dir='ltr'><strong>vallum</strong></span> <span class='ocrx_word' id='word_1_53' title='bbox 895 891 942 976; x_wconf 87' lang='lat' dir='ltr'><strong>llt;</strong></span> <span class='ocrx_word' id='word_1_54' title='bbox 975 891 1057 956; x_wconf 79' lang='lat' dir='ltr'><strong>rmde</strong></span> <span class='ocrx_word' id='word_1_55' title='bbox 1086 899 1188 956; x_wconf 88' lang='lat' dir='ltr'><strong>cetera</strong></span> <span class='ocrx_word' id='word_1_56' title='bbox 1219 911 1340 976; x_wconf 86' lang='lat' dir='ltr'><strong>quoque</strong></span> <span class='ocrx_word' id='word_1_57' title='bbox 1369 897 1466 977; x_wconf 90' lang='lat' dir='ltr'><strong>spatia</strong></span> 
     </span>
     <span class='ocr_line' id='line_1_8' title="bbox 11 959 470 1074; baseline 0.009 -12"><span class='ocrx_word' id='word_1_58' title='bbox 11 959 13 1058; x_wconf 62' lang='lat' dir='ltr'><strong>l</strong></span> <span class='ocrx_word' id='word_1_59' title='bbox 128 1002 293 1074; x_wconf 68' lang='lat' dir='ltr'><strong>menualia</strong></span> <span class='ocrx_word' id='word_1_60' title='bbox 317 999 470 1066; x_wconf 89' lang='lat' dir='ltr'><strong>dicuutur.</strong></span> 
     </span>
     <span class='ocr_line' id='line_1_9' title="bbox 218 1105 1464 1192; baseline 0.006 -22"><span class='ocrx_word' id='word_1_61' title='bbox 218 1105 412 1172; x_wconf 74' lang='lat' dir='ltr'><strong>obseruanda</strong></span> <span class='ocrx_word' id='word_1_62' title='bbox 430 1109 541 1192; x_wconf 89' lang='lat' dir='ltr'><strong>pusillo</strong></span> <span class='ocrx_word' id='word_1_63' title='bbox 561 1108 737 1190; x_wconf 90' lang='lat' dir='ltr'><strong>diligentius</strong></span> <span class='ocrx_word' id='word_1_64' title='bbox 756 1116 804 1172; x_wconf 91' lang='lat' dir='ltr'><strong>est</strong></span> <span class='ocrx_word' id='word_1_65' title='bbox 821 1110 1082 1191; x_wconf 79' lang='lat' dir='ltr'><strong>praepositionum</strong></span> <span class='ocrx_word' id='word_1_66' title='bbox 1097 1128 1167 1173; x_wconf 90' lang='lat' dir='ltr'><strong>cum</strong></span> <span class='ocrx_word' id='word_1_67' title='bbox 1187 1109 1288 1175; x_wconf 79' lang='lat' dir='ltr'><strong>verbis</strong></span> <span class='ocrx_word' id='word_1_68' title='bbox 1307 1120 1360 1177; x_wconf 91' lang='lat' dir='ltr'><strong>aut</strong></span> <span class='ocrx_word' id='word_1_69' title='bbox 1379 1131 1464 1177; x_wconf 86' lang='lat' dir='ltr'><strong>roca-</strong></span> 
     </span>
     <span class='ocr_line' id='line_1_10' title="bbox 127 1216 1463 1301; baseline 0.003 -21"><span class='ocrx_word' id='word_1_70' title='bbox 127 1216 205 1281; x_wconf 89' lang='lat' dir='ltr'><strong>bulis</strong></span> <span class='ocrx_word' id='word_1_71' title='bbox 229 1219 423 1301; x_wconf 79' lang='lat' dir='ltr'><strong>compositio,</strong></span> <span class='ocrx_word' id='word_1_72' title='bbox 447 1227 481 1280; x_wconf 90' lang='lat' dir='ltr'><strong>ut</strong></span> <span class='ocrx_word' id='word_1_73' title='bbox 504 1225 707 1282; x_wconf 80' lang='lat' dir='ltr'><strong>consonantes</strong></span> <span class='ocrx_word' id='word_1_74' title='bbox 730 1218 910 1281; x_wconf 81' lang='lat' dir='ltr'><strong>novissimas</strong></span> <span class='ocrx_word' id='word_1_75' title='bbox 939 1219 1200 1300; x_wconf 77' lang='lat' dir='ltr'><strong>praepositionum</strong></span> <span class='ocrx_word' id='word_1_76' title='bbox 1220 1217 1225 1297; x_wconf 94' lang='grc' dir='ltr'>Ι</span> <span class='ocrx_word' id='word_1_77' title='bbox 1247 1221 1378 1284; x_wconf 90' lang='lat' dir='ltr'><strong>sciamus</strong></span> <span class='ocrx_word' id='word_1_78' title='bbox 1402 1241 1463 1284; x_wconf 92' lang='lat' dir='ltr'><strong>uon</strong></span> 
     </span>
     <span class='ocr_line' id='line_1_11' title="bbox 125 1324 1466 1411; baseline 0.004 -22"><span class='ocrx_word' id='word_1_79' title='bbox 125 1324 252 1411; x_wconf 90' lang='lat' dir='ltr'><strong>durare,</strong></span> <span class='ocrx_word' id='word_1_80' title='bbox 280 1326 334 1389; x_wconf 89' lang='lat' dir='ltr'><strong>sed</strong></span> <span class='ocrx_word' id='word_1_81' title='bbox 362 1329 474 1391; x_wconf 80' lang='lat' dir='ltr'><strong>mnteri</strong></span> <span class='ocrx_word' id='word_1_82' title='bbox 501 1328 690 1411; x_wconf 79' lang='lat' dir='ltr'><strong>plerumque:</strong></span> <span class='ocrx_word' id='word_1_83' title='bbox 733 1327 836 1408; x_wconf 89' lang='lat' dir='ltr'><strong>itaque</strong></span> <span class='ocrx_word' id='word_1_84' title='bbox 865 1344 1123 1409; x_wconf 86' lang='lat' dir='ltr'><strong>nonnumquam</strong></span> <span class='ocrx_word' id='word_1_85' title='bbox 1151 1346 1229 1410; x_wconf 85' lang='lat' dir='ltr'><strong>quae</strong></span> <span class='ocrx_word' id='word_1_86' title='bbox 1260 1337 1466 1394; x_wconf 86' lang='lat' dir='ltr'><strong>consonantes</strong></span> 
     </span>
     <span class='ocr_line' id='line_1_12' title="bbox 90 1433 1465 1520; baseline 0.007 -27"><span class='ocrx_word' id='word_1_87' title='bbox 90 1433 289 1499; x_wconf 73' lang='lat' dir='ltr'><strong>assariorum</strong></span> <span class='ocrx_word' id='word_1_88' title='bbox 318 1444 371 1498; x_wconf 92' lang='lat' dir='ltr'><strong>aut</strong></span> <span class='ocrx_word' id='word_1_89' title='bbox 395 1435 619 1501; x_wconf 78' lang='lat' dir='ltr'><strong>vocabulorum</strong></span> <span class='ocrx_word' id='word_1_90' title='bbox 632 1439 730 1520; x_wconf 87' lang='lat' dir='ltr'><strong>primo</strong></span> <span class='ocrx_word' id='word_1_91' title='bbox 759 1436 827 1499; x_wconf 89' lang='lat' dir='ltr'><strong>loco</strong></span> <span class='ocrx_word' id='word_1_92' title='bbox 856 1444 942 1520; x_wconf 91' lang='lat' dir='ltr'><strong>sunt,</strong></span> <span class='ocrx_word' id='word_1_93' title='bbox 971 1435 1092 1498; x_wconf 89' lang='lat' dir='ltr'><strong>easdem</strong></span> <span class='ocrx_word' id='word_1_94' title='bbox 1117 1455 1242 1500; x_wconf 91' lang='lat' dir='ltr'><strong>necesse</strong></span> <span class='ocrx_word' id='word_1_95' title='bbox 1266 1447 1313 1500; x_wconf 91' lang='lat' dir='ltr'><strong>est</strong></span> <span class='ocrx_word' id='word_1_96' title='bbox 1342 1437 1410 1501; x_wconf 85' lang='lat' dir='ltr'><strong>lieri</strong></span> <span class='ocrx_word' id='word_1_97' title='bbox 1433 1446 1465 1502; x_wconf 94' lang='lat' dir='ltr'><strong>et</strong></span> 
     </span>
     <span class='ocr_line' id='line_1_13' title="bbox 125 1543 1463 1630; baseline 0.003 -23"><span class='ocrx_word' id='word_1_98' title='bbox 125 1545 157 1607; x_wconf 91' lang='lat' dir='ltr'><strong>in</strong></span> <span class='ocrx_word' id='word_1_99' title='bbox 179 1543 472 1628; x_wconf 89' lang='lat' dir='ltr'><strong>praepositionibus,</strong></span> <span class='ocrx_word' id='word_1_100' title='bbox 495 1555 548 1628; x_wconf 84' lang='lat' dir='ltr'><strong>aut</strong></span> <span class='ocrx_word' id='word_1_101' title='bbox 570 1555 696 1629; x_wconf 90' lang='lat' dir='ltr'><strong>propter</strong></span> <span class='ocrx_word' id='word_1_102' title='bbox 719 1544 872 1608; x_wconf 80' lang='lat' dir='ltr'><strong>levitatem</strong></span> <span class='ocrx_word' id='word_1_103' title='bbox 892 1553 945 1608; x_wconf 89' lang='lat' dir='ltr'><strong>aut</strong></span> <span class='ocrx_word' id='word_1_104' title='bbox 963 1547 1034 1626; x_wconf 89' lang='lat' dir='ltr'><strong>quia</strong></span> <span class='ocrx_word' id='word_1_105' title='bbox 1053 1547 1176 1609; x_wconf 93' lang='lat' dir='ltr'><strong>omuino</strong></span> <span class='ocrx_word' id='word_1_106' title='bbox 1197 1548 1349 1611; x_wconf 88' lang='lat' dir='ltr'><strong>enuntiari</strong></span> <span class='ocrx_word' id='word_1_107' title='bbox 1372 1566 1463 1630; x_wconf 88' lang='lat' dir='ltr'><strong>saepe</strong></span> 
     </span>
     <span class='ocr_line' id='line_1_14' title="bbox 124 1640 1462 1737; baseline 0.004 -22"><span class='ocrx_word' id='word_1_108' title='bbox 124 1651 244 1716; x_wconf 79' lang='lat' dir='ltr'><strong>litterae</strong></span> <span class='ocrx_word' id='word_1_109' title='bbox 276 1653 535 1736; x_wconf 77' lang='lat' dir='ltr'><strong>praepositionum</strong></span> <span class='ocrx_word' id='word_1_110' title='bbox 569 1672 630 1716; x_wconf 91' lang='lat' dir='ltr'><strong>non</strong></span> <span class='ocrx_word' id='word_1_111' title='bbox 662 1662 801 1736; x_wconf 84' lang='lat' dir='ltr'><strong>possunt</strong></span> <span class='ocrx_word' id='word_1_112' title='bbox 847 1651 968 1735; x_wconf 74' lang='lat' dir='ltr'><strong>quarmo</strong></span> <span class='ocrx_word' id='word_1_113' title='bbox 997 1662 1099 1716; x_wconf 68' lang='lat' dir='ltr'><strong>annm</strong></span> <span class='ocrx_word' id='word_1_114' title='bbox 1127 1640 1213 1737; x_wconf 82' lang='lat' dir='ltr'><strong>liant,</strong></span> <span class='ocrx_word' id='word_1_115' title='bbox 1241 1653 1362 1735; x_wconf 86' lang='lat' dir='ltr'><strong>quando</strong></span> <span class='ocrx_word' id='word_1_116' title='bbox 1392 1675 1462 1736; x_wconf 87' lang='lat' dir='ltr'><strong>non,</strong></span> 
     </span>
     <span class='ocr_line' id='line_1_15' title="bbox 11 1757 1462 1846; baseline 0.005 -24"><span class='ocrx_word' id='word_1_117' title='bbox 11 1787 12 1790; x_wconf 38' lang='lat'>¹</span> <span class='ocrx_word' id='word_1_118' title='bbox 125 1779 200 1824; x_wconf 90' lang='lat' dir='ltr'><strong>sono</strong></span> <span class='ocrx_word' id='word_1_119' title='bbox 224 1762 483 1826; x_wconf 78' lang='lat' dir='ltr'><strong>internoscemus:</strong></span> <span class='ocrx_word' id='word_1_120' title='bbox 510 1762 622 1826; x_wconf 88' lang='lat' dir='ltr'><strong>accedo</strong></span> <span class='ocrx_word' id='word_1_121' title='bbox 646 1761 706 1825; x_wconf 89' lang='lat' dir='ltr'><strong>dno</strong></span> <span class='ocrx_word' id='word_1_122' title='bbox 731 1780 764 1844; x_wconf 90' lang='lat' dir='ltr'><strong>c,</strong></span> <span class='ocrx_word' id='word_1_123' title='bbox 791 1757 879 1825; x_wconf 91' lang='lat' dir='ltr'><strong>attuli</strong></span> <span class='ocrx_word' id='word_1_124' title='bbox 901 1759 961 1823; x_wconf 94' lang='lat' dir='ltr'><strong>duo</strong></span> <span class='ocrx_word' id='word_1_125' title='bbox 987 1769 1011 1842; x_wconf 95' lang='lat' dir='ltr'><strong>t,</strong></span> <span class='ocrx_word' id='word_1_126' title='bbox 1039 1760 1179 1825; x_wconf 93' lang='lat' dir='ltr'><strong>assiduus</strong></span> <span class='ocrx_word' id='word_1_127' title='bbox 1203 1762 1264 1826; x_wconf 92' lang='lat' dir='ltr'><strong>duo</strong></span> <span class='ocrx_word' id='word_1_128' title='bbox 1287 1781 1317 1846; x_wconf 88' lang='lat' dir='ltr'><strong>s,</strong></span> <span class='ocrx_word' id='word_1_129' title='bbox 1342 1764 1462 1829; x_wconf 78' lang='lat' dir='ltr'><strong>arrideo</strong></span> 
     </span>
     <span class='ocr_line' id='line_1_16' title="bbox 124 1843 1461 1953; baseline 0.004 -21"><span class='ocrx_word' id='word_1_130' title='bbox 124 1869 184 1932; x_wconf 93' lang='lat' dir='ltr'><strong>duo</strong></span> <span class='ocrx_word' id='word_1_131' title='bbox 213 1887 243 1953; x_wconf 94' lang='lat' dir='ltr'><strong>r,</strong></span> <span class='ocrx_word' id='word_1_132' title='bbox 272 1887 404 1951; x_wconf 90' lang='lat' dir='ltr'><strong>appareo</strong></span> <span class='ocrx_word' id='word_1_133' title='bbox 431 1868 492 1933; x_wconf 89' lang='lat' dir='ltr'><strong>duo</strong></span> <span class='ocrx_word' id='word_1_134' title='bbox 520 1889 555 1953; x_wconf 89' lang='lat' dir='ltr'><strong>p,</strong></span> <span class='ocrx_word' id='word_1_135' title='bbox 583 1843 683 1932; x_wconf 72' lang='lat' dir='ltr'><strong>arundo</strong></span> <span class='ocrx_word' id='word_1_136' title='bbox 711 1867 771 1931; x_wconf 91' lang='lat' dir='ltr'><strong>duo</strong></span> <span class='ocrx_word' id='word_1_137' title='bbox 800 1885 838 1950; x_wconf 89' lang='lat' dir='ltr'><strong>n,</strong></span> <span class='ocrx_word' id='word_1_138' title='bbox 864 1863 953 1948; x_wconf 91' lang='lat' dir='ltr'><strong>alligo</strong></span> <span class='ocrx_word' id='word_1_139' title='bbox 982 1866 1043 1929; x_wconf 83' lang='lat' dir='ltr'><strong>duo</strong></span> <span class='ocrx_word' id='word_1_140' title='bbox 1071 1867 1090 1929; x_wconf 95' lang='lat' dir='ltr'><strong>l.</strong></span> <span class='ocrx_word' id='word_1_141' title='bbox 1133 1870 1164 1931; x_wconf 95' lang='lat' dir='ltr'><strong>ln</strong></span> <span class='ocrx_word' id='word_1_142' title='bbox 1197 1868 1245 1932; x_wconf 90' lang='lat' dir='ltr'><strong>his</strong></span> <span class='ocrx_word' id='word_1_143' title='bbox 1273 1889 1335 1934; x_wconf 91' lang='lat' dir='ltr'><strong>nou</strong></span> <span class='ocrx_word' id='word_1_144' title='bbox 1364 1872 1461 1938; x_wconf 84' lang='lat' dir='ltr'><strong>solum</strong></span> 
     </span>
     <span class='ocr_line' id='line_1_17' title="bbox 88 1974 1462 2061; baseline 0.006 -24"><span class='ocrx_word' id='word_1_145' title='bbox 88 1994 111 2037; x_wconf 85' lang='lat' dir='ltr'><strong>u</strong></span> <span class='ocrx_word' id='word_1_146' title='bbox 123 1987 252 2061; x_wconf 90' lang='lat' dir='ltr'><strong>propter</strong></span> <span class='ocrx_word' id='word_1_147' title='bbox 278 1976 432 2040; x_wconf 81' lang='lat' dir='ltr'><strong>levitatem</strong></span> <span class='ocrx_word' id='word_1_148' title='bbox 460 1986 663 2042; x_wconf 87' lang='lat' dir='ltr'><strong>consonantes</strong></span> <span class='ocrx_word' id='word_1_149' title='bbox 691 1984 861 2060; x_wconf 91' lang='lat' dir='ltr'><strong>mutantur,</strong></span> <span class='ocrx_word' id='word_1_150' title='bbox 889 1974 998 2037; x_wconf 91' lang='lat' dir='ltr'><strong>sedet</strong></span> <span class='ocrx_word' id='word_1_151' title='bbox 1026 1976 1097 2056; x_wconf 84' lang='lat' dir='ltr'><strong>qnia</strong></span> <span class='ocrx_word' id='word_1_152' title='bbox 1125 1975 1207 2040; x_wconf 88' lang='lat' dir='ltr'><strong>nullo</strong></span> <span class='ocrx_word' id='word_1_153' title='bbox 1236 1977 1325 2040; x_wconf 94' lang='lat' dir='ltr'><strong>modo</strong></span> <span class='ocrx_word' id='word_1_154' title='bbox 1354 1997 1462 2044; x_wconf 88' lang='lat' dir='ltr'><strong>sonare</strong></span> 
     </span>
     <span class='ocr_line' id='line_1_18' title="bbox 124 2083 1461 2172; baseline 0.001 -22"><span class='ocrx_word' id='word_1_155' title='bbox 124 2087 143 2150; x_wconf 97' lang='lat' dir='ltr'><strong>d</strong></span> <span class='ocrx_word' id='word_1_156' title='bbox 165 2086 268 2151; x_wconf 92' lang='lat' dir='ltr'><strong>littera</strong></span> <span class='ocrx_word' id='word_1_157' title='bbox 284 2094 401 2169; x_wconf 88' lang='lat' dir='ltr'><strong>potest</strong></span> <span class='ocrx_word' id='word_1_158' title='bbox 439 2095 495 2150; x_wconf 86' lang='lat' dir='ltr'><strong>est.</strong></span> <span class='ocrx_word' id='word_1_159' title='bbox 507 2085 560 2150; x_wconf 93' lang='lat' dir='ltr'><strong>ubi</strong></span> <span class='ocrx_word' id='word_1_160' title='bbox 579 2095 668 2150; x_wconf 90' lang='lat' dir='ltr'><strong>sonet</strong></span> <span class='ocrx_word' id='word_1_161' title='bbox 686 2094 718 2150; x_wconf 92' lang='lat' dir='ltr'><strong>ct</strong></span> <span class='ocrx_word' id='word_1_162' title='bbox 737 2083 790 2147; x_wconf 92' lang='lat' dir='ltr'><strong>ubi</strong></span> <span class='ocrx_word' id='word_1_163' title='bbox 809 2083 975 2168; x_wconf 86' lang='lat' dir='ltr'><strong>scribetur,</strong></span> <span class='ocrx_word' id='word_1_164' title='bbox 999 2101 1069 2146; x_wconf 91' lang='lat' dir='ltr'><strong>cum</strong></span> <span class='ocrx_word' id='word_1_165' title='bbox 1093 2084 1108 2146; x_wconf 92' lang='lat' dir='ltr'><strong>l</strong></span> <span class='ocrx_word' id='word_1_166' title='bbox 1128 2090 1307 2150; x_wconf 89' lang='lat' dir='ltr'><strong>consonanti</strong></span> <span class='ocrx_word' id='word_1_167' title='bbox 1325 2087 1461 2172; x_wconf 90' lang='lat' dir='ltr'><strong>adiungi·</strong></span> 
     </span>
     <span class='ocr_line' id='line_1_19' title="bbox 11 2191 1461 2275; baseline 0.001 -16"><span class='ocrx_word' id='word_1_168' title='bbox 11 2231 13 2242; x_wconf 80' lang='lat'><em>=</em></span> <span class='ocrx_word' id='word_1_169' title='bbox 125 2205 188 2274; x_wconf 87' lang='lat' dir='ltr'><strong>tur,</strong></span> <span class='ocrx_word' id='word_1_170' title='bbox 207 2204 243 2259; x_wconf 92' lang='lat' dir='ltr'><strong>nt</strong></span> <span class='ocrx_word' id='word_1_171' title='bbox 262 2195 362 2259; x_wconf 90' lang='lat' dir='ltr'><strong>adlluo</strong></span> <span class='ocrx_word' id='word_1_172' title='bbox 380 2194 464 2258; x_wconf 90' lang='lat' dir='ltr'><strong>adlui</strong></span> <span class='ocrx_word' id='word_1_173' title='bbox 482 2195 639 2258; x_wconf 88' lang='lat' dir='ltr'><strong>adlectus:</strong></span> <span class='ocrx_word' id='word_1_174' title='bbox 658 2201 689 2255; x_wconf 90' lang='lat' dir='ltr'><strong>at</strong></span> <span class='ocrx_word' id='word_1_175' title='bbox 709 2199 813 2255; x_wconf 87' lang='lat' dir='ltr'><strong>contra</strong></span> <span class='ocrx_word' id='word_1_176' title='bbox 833 2191 853 2254; x_wconf 93' lang='lat' dir='ltr'><strong>b</strong></span> <span class='ocrx_word' id='word_1_177' title='bbox 872 2210 933 2254; x_wconf 92' lang='lat' dir='ltr'><strong>nou</strong></span> <span class='ocrx_word' id='word_1_178' title='bbox 954 2199 1055 2275; x_wconf 90' lang='lat' dir='ltr'><strong>sonat,</strong></span> <span class='ocrx_word' id='word_1_179' title='bbox 1074 2199 1110 2254; x_wconf 85' lang='lat' dir='ltr'><strong>ut</strong></span> <span class='ocrx_word' id='word_1_180' title='bbox 1128 2193 1202 2256; x_wconf 89' lang='lat' dir='ltr'><strong>ollui</strong></span> <span class='ocrx_word' id='word_1_181' title='bbox 1221 2195 1316 2257; x_wconf 90' lang='lat' dir='ltr'><strong>ollero</strong></span> <span class='ocrx_word' id='word_1_182' title='bbox 1332 2195 1461 2261; x_wconf 88' lang='lat' dir='ltr'><strong>olleudo.</strong></span> 
     </span>
     <span class='ocr_line' id='line_1_20' title="bbox 123 2299 1460 2387; baseline 0.001 -21"><span class='ocrx_word' id='word_1_183' title='bbox 123 2306 154 2368; x_wconf 94' lang='lat' dir='ltr'><strong>lu</strong></span> <span class='ocrx_word' id='word_1_184' title='bbox 173 2303 241 2367; x_wconf 91' lang='lat' dir='ltr'><strong>aliis</strong></span> <span class='ocrx_word' id='word_1_185' title='bbox 259 2305 351 2367; x_wconf 89' lang='lat' dir='ltr'><strong>etiam</strong></span> <span class='ocrx_word' id='word_1_186' title='bbox 370 2300 608 2367; x_wconf 86' lang='lat' dir='ltr'><strong>consonantibus</strong></span> <span class='ocrx_word' id='word_1_187' title='bbox 632 2300 712 2363; x_wconf 87' lang='lat' dir='ltr'><strong>idem</strong></span> <span class='ocrx_word' id='word_1_188' title='bbox 731 2299 860 2382; x_wconf 90' lang='lat' dir='ltr'><strong>patitur,</strong></span> <span class='ocrx_word' id='word_1_189' title='bbox 883 2308 918 2361; x_wconf 90' lang='lat' dir='ltr'><strong>nt</strong></span> <span class='ocrx_word' id='word_1_190' title='bbox 941 2315 1072 2380; x_wconf 78' lang='lat' dir='ltr'><strong>suggero</strong></span> <span class='ocrx_word' id='word_1_191' title='bbox 1091 2317 1109 2358; x_wconf 70' lang='lat' dir='ltr'><strong>s</strong></span> <span class='ocrx_word' id='word_1_192' title='bbox 1128 2299 1248 2364; x_wconf 86' lang='lat' dir='ltr'><strong>o&#39;steudi</strong></span> <span class='ocrx_word' id='word_1_193' title='bbox 1267 2304 1347 2364; x_wconf 89' lang='lat' dir='ltr'><strong>enim</strong></span> <span class='ocrx_word' id='word_1_194' title='bbox 1368 2322 1460 2387; x_wconf 86' lang='lat' dir='ltr'><strong>supra</strong></span> 
     </span>
     <span class='ocr_line' id='line_1_21' title="bbox 123 2404 1459 2494; baseline 0.001 -20"><span class='ocrx_word' id='word_1_195' title='bbox 123 2411 272 2494; x_wconf 85' lang='lat' dir='ltr'><strong>dlgemme</strong></span> <span class='ocrx_word' id='word_1_196' title='bbox 297 2413 492 2475; x_wconf 87' lang='lat' dir='ltr'><strong>consonantis</strong></span> <span class='ocrx_word' id='word_1_197' title='bbox 515 2413 576 2474; x_wconf 88' lang='lat' dir='ltr'><strong>rim</strong></span> <span class='ocrx_word' id='word_1_198' title='bbox 594 2407 715 2472; x_wconf 92' lang='lat' dir='ltr'><strong>babere.</strong></span> <span class='ocrx_word' id='word_1_199' title='bbox 758 2417 805 2470; x_wconf 90' lang='lat' dir='ltr'><strong>est</strong></span> <span class='ocrx_word' id='word_1_200' title='bbox 828 2404 881 2470; x_wconf 92' lang='lat' dir='ltr'><strong>ubi</strong></span> <span class='ocrx_word' id='word_1_201' title='bbox 904 2406 938 2488; x_wconf 90' lang='lat' dir='ltr'><strong>b,</strong></span> <span class='ocrx_word' id='word_1_202' title='bbox 961 2405 1043 2489; x_wconf 86' lang='lat' dir='ltr'><strong>quod</strong></span> <span class='ocrx_word' id='word_1_203' title='bbox 1066 2407 1115 2468; x_wconf 83' lang='lat' dir='ltr'><strong>six</strong></span> <span class='ocrx_word' id='word_1_204' title='bbox 1140 2406 1284 2472; x_wconf 88' lang='lat' dir='ltr'><strong>credibile</strong></span> <span class='ocrx_word' id='word_1_205' title='bbox 1308 2418 1369 2494; x_wconf 91' lang='lat' dir='ltr'><strong>est,</strong></span> <span class='ocrx_word' id='word_1_206' title='bbox 1392 2414 1424 2475; x_wconf 91' lang='lat' dir='ltr'><strong>in</strong></span> <span class='ocrx_word' id='word_1_207' title='bbox 1445 2432 1459 2476; x_wconf 93' lang='lat' dir='ltr'><strong>s</strong></span> 
     </span>
     <span class='ocr_line' id='line_1_22' title="bbox 87 2514 1460 2604; baseline 0.004 -26"><span class='ocrx_word' id='word_1_208' title='bbox 87 2537 111 2578; x_wconf 82' lang='lat' dir='ltr'><strong>so</strong></span> <span class='ocrx_word' id='word_1_209' title='bbox 125 2529 264 2604; x_wconf 88' lang='lat' dir='ltr'><strong>cogatur,</strong></span> <span class='ocrx_word' id='word_1_210' title='bbox 290 2527 331 2598; x_wconf 87' lang='grc' dir='ltr'><strong>ιιιΙ</strong></span> <span class='ocrx_word' id='word_1_211' title='bbox 346 2522 503 2604; x_wconf 88' lang='lat' dir='ltr'><strong>suscipere</strong></span> <span class='ocrx_word' id='word_1_212' title='bbox 522 2521 676 2582; x_wconf 90' lang='lat' dir='ltr'><strong>sustinere</strong></span> <span class='ocrx_word' id='word_1_213' title='bbox 695 2514 882 2599; x_wconf 89' lang='lat' dir='ltr'><strong>suspendere</strong></span> <span class='ocrx_word' id='word_1_214' title='bbox 903 2516 1065 2599; x_wconf 88' lang='lat' dir='ltr'><strong>suscitare,</strong></span> <span class='ocrx_word' id='word_1_215' title='bbox 1088 2525 1120 2578; x_wconf 93' lang='lat' dir='ltr'><strong>et</strong></span> <span class='ocrx_word' id='word_1_216' title='bbox 1143 2515 1224 2598; x_wconf 90' lang='lat' dir='ltr'><strong>quod</strong></span> <span class='ocrx_word' id='word_1_217' title='bbox 1243 2519 1360 2600; x_wconf 89' lang='lat' dir='ltr'><strong>antiqui</strong></span> <span class='ocrx_word' id='word_1_218' title='bbox 1379 2518 1460 2584; x_wconf 87' lang='lat' dir='ltr'><strong>dixe·</strong></span> 
     </span>
     <span class='ocr_line' id='line_1_23' title="bbox 125 2609 1460 2713; baseline 0 -21"><span class='ocrx_word' id='word_1_219' title='bbox 125 2639 197 2692; x_wconf 89' lang='lat' dir='ltr'><strong>runt</strong></span> <span class='ocrx_word' id='word_1_220' title='bbox 219 2609 394 2712; x_wconf 68' lang='lat' dir='ltr'><strong>sustollere,</strong></span> <span class='ocrx_word' id='word_1_221' title='bbox 421 2647 477 2692; x_wconf 91' lang='lat' dir='ltr'><strong>nos</strong></span> <span class='ocrx_word' id='word_1_222' title='bbox 504 2628 671 2713; x_wconf 89' lang='lat' dir='ltr'><strong>praeterito</strong></span> <span class='ocrx_word' id='word_1_223' title='bbox 695 2622 814 2688; x_wconf 89' lang='lat' dir='ltr'><strong>sustuli.</strong></span> <span class='ocrx_word' id='word_1_224' title='bbox 857 2625 930 2686; x_wconf 86' lang='lat' dir='ltr'><strong>item</strong></span> <span class='ocrx_word' id='word_1_225' title='bbox 954 2642 991 2686; x_wconf 82' lang='lat' dir='ltr'><strong>ex</strong></span> <span class='ocrx_word' id='word_1_226' title='bbox 1020 2627 1205 2707; x_wconf 86' lang='lat' dir='ltr'><strong>praepositio</strong></span> <span class='ocrx_word' id='word_1_227' title='bbox 1229 2625 1266 2690; x_wconf 93' lang='lat' dir='ltr'><strong>ad</strong></span> <span class='ocrx_word' id='word_1_228' title='bbox 1290 2627 1305 2689; x_wconf 92' lang='lat' dir='ltr'><strong>l</strong></span> <span class='ocrx_word' id='word_1_229' title='bbox 1329 2626 1460 2694; x_wconf 86' lang='lat' dir='ltr'><strong>litteram</strong></span> 
     </span>
     <span class='ocr_line' id='line_1_24' title="bbox 123 2732 1462 2822; baseline 0 -22"><span class='ocrx_word' id='word_1_230' title='bbox 123 2739 286 2822; x_wconf 78' lang='lat' dir='ltr'><strong>formetur,</strong></span> <span class='ocrx_word' id='word_1_231' title='bbox 316 2746 351 2800; x_wconf 85' lang='lat' dir='ltr'><strong>ut</strong></span> <span class='ocrx_word' id='word_1_232' title='bbox 381 2736 473 2800; x_wconf 88' lang='lat' dir='ltr'><strong>cliluo</strong></span> <span class='ocrx_word' id='word_1_233' title='bbox 504 2736 613 2800; x_wconf 88' lang='lat' dir='ltr'><strong>ellodio</strong></span> <span class='ocrx_word' id='word_1_234' title='bbox 644 2735 738 2796; x_wconf 87' lang='lat' dir='ltr'><strong>eliero</strong></span> <span class='ocrx_word' id='word_1_235' title='bbox 769 2732 884 2814; x_wconf 83' lang='lat' dir='ltr'><strong>ellici03</strong></span> <span class='ocrx_word' id='word_1_236' title='bbox 915 2749 971 2794; x_wconf 91' lang='lat' dir='ltr'><strong>nec</strong></span> <span class='ocrx_word' id='word_1_237' title='bbox 1002 2733 1102 2797; x_wconf 92' lang='lat' dir='ltr'><strong>minus</strong></span> <span class='ocrx_word' id='word_1_238' title='bbox 1122 2735 1164 2795; x_wconf 85' lang='lat' dir='ltr'><strong>&#39;in</strong></span> <span class='ocrx_word' id='word_1_239' title='bbox 1194 2752 1209 2796; x_wconf 95' lang='lat' dir='ltr'><strong>s</strong></span> <span class='ocrx_word' id='word_1_240' title='bbox 1238 2735 1398 2822; x_wconf 88' lang='lat' dir='ltr'><strong>lormatur,</strong></span> <span class='ocrx_word' id='word_1_241' title='bbox 1426 2747 1462 2800; x_wconf 82' lang='lat' dir='ltr'><strong>ut</strong></span> 
     </span>
    </p>
   </div>
   <div class='ocr_carea' id='block_1_3' title="bbox 214 2903 1061 2984">
    <p class='ocr_par' dir='ltr' id='par_1_3' title="bbox 214 2903 1061 2984">
     <span class='ocr_line' id='line_1_25' title="bbox 214 2903 1061 2984; baseline -0.006 -15"><span class='ocrx_word' id='word_1_242' title='bbox 214 2920 230 2970; x_wconf 90' lang='lat' dir='ltr'><strong>&#39;t</strong></span> <span class='ocrx_word' id='word_1_243' title='bbox 252 2911 438 2969; x_wconf 82' lang='lat' dir='ltr'><strong>Observauds</strong></span> <span class='ocrx_word' id='word_1_244' title='bbox 456 2911 607 2984; x_wconf 75' lang='lat' dir='ltr'><strong>Papiriou.</strong></span> <span class='ocrx_word' id='word_1_245' title='bbox 627 2913 695 2977; x_wconf 79' lang='lat'><strong>1⁶2,</strong></span> <span class='ocrx_word' id='word_1_246' title='bbox 714 2911 732 2965; x_wconf 84' lang='lat'><strong><em>9</em></strong></span> <span class='ocrx_word' id='word_1_247' title='bbox 753 2905 852 2963; x_wconf 75' lang='lat' dir='ltr'><strong>Coccei.</strong></span> <span class='ocrx_word' id='word_1_248' title='bbox 878 2903 962 2962; x_wconf 71' lang='lat' dir='ltr'><strong>Vens.</strong></span> <span class='ocrx_word' id='word_1_249' title='bbox 981 2909 1061 2964; x_wconf 78' lang='lat'><strong><em>2318</em></strong></span> 
     </span>
    </p>
   </div>
   <div class='ocr_carea' id='block_1_4' title="bbox 122 3058 1461 3470">
    <p class='ocr_par' dir='ltr' id='par_1_4' title="bbox 122 3058 1461 3388">
     <span class='ocr_line' id='line_1_26' title="bbox 168 3058 1411 3138; baseline 0 -17"><span class='ocrx_word' id='word_1_250' title='bbox 168 3108 176 3121; x_wconf 93' lang='lat'><strong>.</strong></span> <span class='ocrx_word' id='word_1_251' title='bbox 215 3075 229 3124; x_wconf 86' lang='lat'>1</span> <span class='ocrx_word' id='word_1_252' title='bbox 251 3065 450 3138; x_wconf 83' lang='lat' dir='ltr'><strong>exstinguont,</strong></span> <span class='ocrx_word' id='word_1_253' title='bbox 470 3065 514 3121; x_wconf 82' lang='lat' dir='ltr'><strong>est</strong></span> <span class='ocrx_word' id='word_1_254' title='bbox 533 3062 609 3120; x_wconf 89' lang='lat' dir='ltr'><strong>euim</strong></span> <span class='ocrx_word' id='word_1_255' title='bbox 628 3061 665 3118; x_wconf 81' lang='lat' dir='ltr'><strong>sb</strong></span> <span class='ocrx_word' id='word_1_256' title='bbox 684 3076 719 3118; x_wconf 89' lang='lat' dir='ltr'><strong>ex</strong></span> <span class='ocrx_word' id='word_1_257' title='bbox 738 3060 769 3116; x_wconf 87' lang='lat' dir='ltr'><strong>et</strong></span> <span class='ocrx_word' id='word_1_258' title='bbox 786 3059 911 3132; x_wconf 85' lang='lat' dir='ltr'><strong>stinguo,</strong></span> <span class='ocrx_word' id='word_1_259' title='bbox 930 3060 960 3115; x_wconf 86' lang='lat' dir='ltr'><strong>et</strong></span> <span class='ocrx_word' id='word_1_260' title='bbox 979 3058 1015 3115; x_wconf 92' lang='lat' dir='ltr'><strong>ob</strong></span> <span class='ocrx_word' id='word_1_261' title='bbox 1033 3059 1088 3116; x_wconf 92' lang='lat' dir='ltr'><strong>boo</strong></span> <span class='ocrx_word' id='word_1_262' title='bbox 1106 3059 1291 3134; x_wconf 85' lang='lat' dir='ltr'><strong>exstinguont</strong></span> <span class='ocrx_word' id='word_1_263' title='bbox 1310 3062 1411 3121; x_wconf 79' lang='lat' dir='ltr'><strong>Carrio</strong></span> 
     </span>
     <span class='ocr_line' id='line_1_27' title="bbox 124 3140 1460 3219; baseline 0 -17"><span class='ocrx_word' id='word_1_264' title='bbox 124 3148 159 3204; x_wconf 92' lang='lat' dir='ltr'><strong>ab</strong></span> <span class='ocrx_word' id='word_1_265' title='bbox 178 3146 234 3204; x_wconf 89' lang='lat' dir='ltr'><strong>boo</strong></span> <span class='ocrx_word' id='word_1_266' title='bbox 253 3144 426 3219; x_wconf 78' lang='lat' dir='ltr'><strong>extinguunt</strong></span> <span class='ocrx_word' id='word_1_267' title='bbox 443 3145 472 3200; x_wconf 99' lang='lat' dir='ltr'><strong><em>A</em></strong></span> <span class='ocrx_word' id='word_1_268' title='bbox 491 3143 528 3200; x_wconf 94' lang='lat' dir='ltr'><strong>ob</strong></span> <span class='ocrx_word' id='word_1_269' title='bbox 547 3144 602 3200; x_wconf 88' lang='lat' dir='ltr'><strong>boo</strong></span> <span class='ocrx_word' id='word_1_270' title='bbox 620 3142 773 3214; x_wconf 76' lang='lat' dir='ltr'><strong>axungmt</strong></span> <span class='ocrx_word' id='word_1_271' title='bbox 790 3141 818 3197; x_wconf 99' lang='grc' dir='ltr'><strong><em>Β</em></strong></span> <span class='ocrx_word' id='word_1_272' title='bbox 837 3142 874 3198; x_wconf 81' lang='lat' dir='ltr'><strong>sb</strong></span> <span class='ocrx_word' id='word_1_273' title='bbox 893 3142 947 3211; x_wconf 84' lang='lat' dir='ltr'><strong>hoc</strong></span> <span class='ocrx_word' id='word_1_274' title='bbox 962 3140 1132 3214; x_wconf 84' lang='lat' dir='ltr'><strong>extinguunt</strong></span> <span class='ocrx_word' id='word_1_275' title='bbox 1151 3141 1176 3198; x_wconf 82' lang='lat'><em>0</em></span> <span class='ocrx_word' id='word_1_276' title='bbox 1236 3149 1253 3200; x_wconf 82' lang='grc'>3</span> <span class='ocrx_word' id='word_1_277' title='bbox 1272 3145 1460 3202; x_wconf 71' lang='lat' dir='ltr'><strong>interuallum</strong></span> 
     </span>
     <span class='ocr_line' id='line_1_28' title="bbox 123 3220 1461 3302; baseline 0.001 -17"><span class='ocrx_word' id='word_1_278' title='bbox 123 3228 197 3285; x_wconf 87' lang='lat' dir='ltr'><strong>enim</strong></span> <span class='ocrx_word' id='word_1_279' title='bbox 206 3220 614 3302; x_wconf 83' lang='lat' dir='ltr'><strong>perdnolluellumipsumG</strong></span> <span class='ocrx_word' id='word_1_280' title='bbox 647 3222 1006 3292; x_wconf 81' lang='lat' dir='ltr'><strong>uousliterom.B,odd.b</strong></span> <span class='ocrx_word' id='word_1_281' title='bbox 1043 3223 1246 3281; x_wconf 73' lang='lat' dir='ltr'><strong>tinteruslsO</strong></span> <span class='ocrx_word' id='word_1_282' title='bbox 1280 3229 1347 3283; x_wconf 85' lang='lat' dir='ltr'><strong>sunt</strong></span> <span class='ocrx_word' id='word_1_283' title='bbox 1356 3245 1412 3285; x_wconf 84' lang='lat' dir='ltr'><strong>ros.</strong></span> <span class='ocrx_word' id='word_1_284' title='bbox 1422 3229 1461 3300; x_wconf 87' lang='grc' dir='ltr'><strong>Β,</strong></span> 
     </span>
     <span class='ocr_line' id='line_1_29' title="bbox 122 3305 1459 3388; baseline -0.001 -11"><span class='ocrx_word' id='word_1_285' title='bbox 122 3305 400 3387; x_wconf 60' lang='lat' dir='ltr'><strong>s&#39;iPoris.,sintA0</strong></span> <span class='ocrx_word' id='word_1_286' title='bbox 412 3317 532 3374; x_wconf 65' lang='lat' dir='ltr'><strong>eccam</strong></span> <span class='ocrx_word' id='word_1_287' title='bbox 540 3314 761 3370; x_wconf 65' lang='lat' dir='ltr'><strong>Recessere</strong></span> <span class='ocrx_word' id='word_1_288' title='bbox 812 3312 967 3387; x_wconf 51' lang='lat' dir='ltr'><strong>sttuite</strong></span> <span class='ocrx_word' id='word_1_289' title='bbox 1014 3313 1459 3388; x_wconf 56' lang='lat' dir='ltr'><strong>qnoquespctinfflpsuoisA</strong></span> 
     </span>
    </p>

    <p class='ocr_par' dir='ltr' id='par_1_5' title="bbox 177 3393 1459 3470">
     <span class='ocr_line' id='line_1_30' title="bbox 177 3393 1459 3470; baseline 0 -14"><span class='ocrx_word' id='word_1_290' title='bbox 177 3399 368 3457; x_wconf 80' lang='lat' dir='ltr'><strong>dintersallu</strong></span> <span class='ocrx_word' id='word_1_291' title='bbox 385 3414 437 3454; x_wconf 84' lang='lat' dir='ltr'><strong>om.</strong></span> <span class='ocrx_word' id='word_1_292' title='bbox 456 3394 548 3453; x_wconf 83' lang='lat' dir='ltr'><strong>ABO</strong></span> <span class='ocrx_word' id='word_1_293' title='bbox 627 3395 706 3452; x_wconf 80' lang='lat' dir='ltr'><strong>test</strong></span> <span class='ocrx_word' id='word_1_294' title='bbox 724 3411 775 3451; x_wconf 88' lang='lat' dir='ltr'><strong>om.</strong></span> <span class='ocrx_word' id='word_1_295' title='bbox 794 3393 823 3450; x_wconf 90' lang='grc' dir='ltr'><strong><em>Β</em></strong></span> <span class='ocrx_word' id='word_1_296' title='bbox 903 3397 955 3452; x_wconf 82' lang='lat' dir='ltr'><strong>sut</strong></span> <span class='ocrx_word' id='word_1_297' title='bbox 973 3393 1120 3451; x_wconf 75' lang='lat' dir='ltr'><strong>vocabulis</strong></span> <span class='ocrx_word' id='word_1_298' title='bbox 1139 3393 1324 3466; x_wconf 73' lang='lat' dir='ltr'><strong>Schneiderus</strong></span> <span class='ocrx_word' id='word_1_299' title='bbox 1341 3415 1459 3470; x_wconf 61' lang='lat' dir='ltr'><strong>mamm.</strong></span> 
     </span>
    </p>
   </div>
   <div class='ocr_carea' id='block_1_5' title="bbox 11 3479 1496 4880">
    <p class='ocr_par' dir='ltr' id='par_1_6' title="bbox 11 3479 1496 4880">
     <span class='ocr_line' id='line_1_31' title="bbox 124 3479 1459 3580; baseline -0.001 -15"><span class='ocrx_word' id='word_1_300' title='bbox 124 3509 171 3566; x_wconf 84' lang='lat' dir='ltr'><strong>tut.</strong></span> <span class='ocrx_word' id='word_1_301' title='bbox 192 3509 215 3564; x_wconf 95' lang='lat' dir='ltr'><strong><em>I</em></strong></span> <span class='ocrx_word' id='word_1_302' title='bbox 226 3526 259 3580; x_wconf 83' lang='lat' dir='ltr'><strong>p.</strong></span> <span class='ocrx_word' id='word_1_303' title='bbox 279 3512 348 3578; x_wconf 81' lang='grc'><strong><em>643,</em></strong></span> <span class='ocrx_word' id='word_1_304' title='bbox 367 3524 386 3563; x_wconf 87' lang='lat' dir='ltr'><strong>s</strong></span> <span class='ocrx_word' id='word_1_305' title='bbox 404 3501 631 3563; x_wconf 78' lang='lat' dir='ltr'><strong>uocnlibusAO</strong></span> <span class='ocrx_word' id='word_1_306' title='bbox 646 3507 672 3558; x_wconf 81' lang='lat' dir='ltr'><strong>et</strong></span> <span class='ocrx_word' id='word_1_307' title='bbox 690 3501 775 3558; x_wconf 80' lang='lat' dir='ltr'><strong>codex</strong></span> <span class='ocrx_word' id='word_1_308' title='bbox 788 3501 940 3559; x_wconf 64' lang='lat' dir='ltr'><strong>Beruenses</strong></span> <span class='ocrx_word' id='word_1_309' title='bbox 958 3507 1017 3560; x_wconf 78' lang='grc'><strong>243</strong></span> <span class='ocrx_word' id='word_1_310' title='bbox 1037 3479 1205 3558; x_wconf 72' lang='lat' dir='ltr'><strong>ebocslibus</strong></span> <span class='ocrx_word' id='word_1_311' title='bbox 1223 3503 1251 3558; x_wconf 93' lang='grc' dir='ltr'><strong><em>Β</em></strong></span> <span class='ocrx_word' id='word_1_312' title='bbox 1325 3511 1341 3562; x_wconf 80' lang='grc'>9</span> <span class='ocrx_word' id='word_1_313' title='bbox 1360 3506 1459 3579; x_wconf 86' lang='lat' dir='ltr'><strong>itnque</strong></span> 
     </span>
     <span class='ocr_line' id='line_1_32' title="bbox 123 3583 1460 3660; baseline -0.001 -14"><span class='ocrx_word' id='word_1_314' title='bbox 123 3605 178 3646; x_wconf 90' lang='lat' dir='ltr'><strong>nou</strong></span> <span class='ocrx_word' id='word_1_315' title='bbox 192 3605 330 3660; x_wconf 82' lang='lat' dir='ltr'><strong>umquem</strong></span> <span class='ocrx_word' id='word_1_316' title='bbox 345 3583 580 3644; x_wconf 74' lang='lat' dir='ltr'><strong>consonantesO</strong></span> <span class='ocrx_word' id='word_1_317' title='bbox 632 3589 666 3638; x_wconf 92' lang='lat'><strong>10</strong></span> <span class='ocrx_word' id='word_1_318' title='bbox 685 3583 838 3640; x_wconf 84' lang='lat' dir='ltr'><strong>uerborum</strong></span> <span class='ocrx_word' id='word_1_319' title='bbox 852 3600 870 3640; x_wconf 83' lang='grc' dir='ltr'><strong>ιι</strong></span> <span class='ocrx_word' id='word_1_320' title='bbox 884 3583 1090 3643; x_wconf 74' lang='lat' dir='ltr'><strong>uocabulorum</strong></span> <span class='ocrx_word' id='word_1_321' title='bbox 1107 3583 1168 3640; x_wconf 82' lang='lat' dir='ltr'><strong>AO</strong></span> <span class='ocrx_word' id='word_1_322' title='bbox 1222 3591 1254 3641; x_wconf 89' lang='lat'><strong>11</strong></span> <span class='ocrx_word' id='word_1_323' title='bbox 1275 3589 1326 3642; x_wconf 81' lang='lat' dir='ltr'><strong>sut</strong></span> <span class='ocrx_word' id='word_1_324' title='bbox 1340 3591 1460 3660; x_wconf 88' lang='lat' dir='ltr'><strong>propter</strong></span> 
     </span>
     <span class='ocr_line' id='line_1_33' title="bbox 122 3663 1460 3743; baseline -0.001 -17"><span class='ocrx_word' id='word_1_325' title='bbox 122 3669 278 3728; x_wconf 80' lang='lat' dir='ltr'><strong>lenitslem-</strong></span> <span class='ocrx_word' id='word_1_326' title='bbox 294 3667 421 3740; x_wconf 81' lang='lat' dir='ltr'><strong>sliqnnm</strong></span> <span class='ocrx_word' id='word_1_327' title='bbox 441 3667 557 3723; x_wconf 88' lang='lat' dir='ltr'><strong>omniuo</strong></span> <span class='ocrx_word' id='word_1_328' title='bbox 575 3666 603 3722; x_wconf 91' lang='lat' dir='ltr'><strong><em>A</em></strong></span> <span class='ocrx_word' id='word_1_329' title='bbox 627 3683 646 3722; x_wconf 82' lang='lat' dir='ltr'><strong>s</strong></span> <span class='ocrx_word' id='word_1_330' title='bbox 662 3665 781 3737; x_wconf 82' lang='lat' dir='ltr'><strong>propter</strong></span> <span class='ocrx_word' id='word_1_331' title='bbox 803 3663 953 3721; x_wconf 71' lang='lat' dir='ltr'><strong>leuitatem</strong></span> <span class='ocrx_word' id='word_1_332' title='bbox 971 3683 990 3722; x_wconf 87' lang='lat' dir='ltr'><strong>s</strong></span> <span class='ocrx_word' id='word_1_333' title='bbox 1009 3674 1066 3738; x_wconf 76' lang='lat' dir='ltr'><strong>qud</strong></span> <span class='ocrx_word' id='word_1_334' title='bbox 1085 3663 1245 3738; x_wconf 65' lang='lat' dir='ltr'><strong>omniuoss&#39;</strong></span> <span class='ocrx_word' id='word_1_335' title='bbox 1267 3683 1324 3743; x_wconf 82' lang='lat' dir='ltr'><strong>qup</strong></span> <span class='ocrx_word' id='word_1_336' title='bbox 1342 3672 1460 3742; x_wconf 87' lang='lat' dir='ltr'><strong>propter</strong></span> 
     </span>
     <span class='ocr_line' id='line_1_34' title="bbox 122 3744 1459 3822; baseline 0 -17"><span class='ocrx_word' id='word_1_337' title='bbox 122 3748 272 3808; x_wconf 78' lang='lat' dir='ltr'><strong>leniletsm</strong></span> <span class='ocrx_word' id='word_1_338' title='bbox 291 3764 405 3822; x_wconf 86' lang='lat' dir='ltr'><strong>quoque</strong></span> <span class='ocrx_word' id='word_1_339' title='bbox 425 3747 539 3805; x_wconf 90' lang='lat' dir='ltr'><strong>omnino</strong></span> <span class='ocrx_word' id='word_1_340' title='bbox 557 3749 586 3804; x_wconf 92' lang='grc' dir='ltr'><strong><em>Β</em></strong></span> <span class='ocrx_word' id='word_1_341' title='bbox 605 3765 679 3820; x_wconf 80' lang='lat' dir='ltr'><strong>ques</strong></span> <span class='ocrx_word' id='word_1_342' title='bbox 697 3749 816 3820; x_wconf 88' lang='lat' dir='ltr'><strong>propter</strong></span> <span class='ocrx_word' id='word_1_343' title='bbox 834 3744 983 3803; x_wconf 84' lang='lat' dir='ltr'><strong>lenitatem</strong></span> <span class='ocrx_word' id='word_1_344' title='bbox 1002 3763 1114 3820; x_wconf 86' lang='lat' dir='ltr'><strong>quoque</strong></span> <span class='ocrx_word' id='word_1_345' title='bbox 1134 3747 1249 3804; x_wconf 87' lang='lat' dir='ltr'><strong>omuino</strong></span> <span class='ocrx_word' id='word_1_346' title='bbox 1269 3763 1287 3808; x_wconf 76' lang='grc' dir='ltr'><strong>ς</strong></span> <span class='ocrx_word' id='word_1_347' title='bbox 1373 3765 1459 3806; x_wconf 88' lang='lat' dir='ltr'><strong>enun-</strong></span> 
     </span>
     <span class='ocr_line' id='line_1_35' title="bbox 123 3827 1460 3903; baseline -0.001 -15"><span class='ocrx_word' id='word_1_348' title='bbox 123 3831 194 3888; x_wconf 86' lang='lat' dir='ltr'><strong>tisre</strong></span> <span class='ocrx_word' id='word_1_349' title='bbox 213 3847 300 3903; x_wconf 81' lang='lat' dir='ltr'><strong>ssepe</strong></span> <span class='ocrx_word' id='word_1_350' title='bbox 319 3829 417 3887; x_wconf 74' lang='lat' dir='ltr'><strong>litteris</strong></span> <span class='ocrx_word' id='word_1_351' title='bbox 434 3827 494 3886; x_wconf 78' lang='lat' dir='ltr'><strong>Ao</strong></span> <span class='ocrx_word' id='word_1_352' title='bbox 584 3835 619 3886; x_wconf 75' lang='lat' dir='ltr'><strong>ti</strong></span> <span class='ocrx_word' id='word_1_353' title='bbox 639 3829 752 3902; x_wconf 74' lang='lat' dir='ltr'><strong>quando</strong></span> <span class='ocrx_word' id='word_1_354' title='bbox 771 3831 869 3885; x_wconf 82' lang='lat' dir='ltr'><strong>sutem</strong></span> <span class='ocrx_word' id='word_1_355' title='bbox 889 3829 941 3885; x_wconf 83' lang='lat' dir='ltr'><strong>liat</strong></span> <span class='ocrx_word' id='word_1_356' title='bbox 958 3844 1029 3884; x_wconf 90' lang='lat' dir='ltr'><strong>sono</strong></span> <span class='ocrx_word' id='word_1_357' title='bbox 1047 3829 1269 3886; x_wconf 84' lang='lat' dir='ltr'><strong>internoscemus</strong></span> <span class='ocrx_word' id='word_1_358' title='bbox 1288 3831 1317 3886; x_wconf 89' lang='lat' dir='ltr'><strong><em>A</em></strong></span> <span class='ocrx_word' id='word_1_359' title='bbox 1408 3831 1460 3886; x_wconf 84' lang='lat' dir='ltr'><strong>fiet</strong></span> 
     </span>
     <span class='ocr_line' id='line_1_36' title="bbox 121 3909 1459 3986; baseline 0 -16"><span class='ocrx_word' id='word_1_360' title='bbox 121 3919 251 3986; x_wconf 69' lang='lat' dir='ltr'><strong>excepta</strong></span> <span class='ocrx_word' id='word_1_361' title='bbox 269 3913 425 3984; x_wconf 71' lang='lat' dir='ltr'><strong>Papirium</strong></span> <span class='ocrx_word' id='word_1_362' title='bbox 487 3912 601 3983; x_wconf 86' lang='lat' dir='ltr'><strong>qnando</strong></span> <span class='ocrx_word' id='word_1_363' title='bbox 621 3913 690 3986; x_wconf 89' lang='lat' dir='ltr'><strong>nou]</strong></span> <span class='ocrx_word' id='word_1_364' title='bbox 711 3928 788 3984; x_wconf 83' lang='lat' dir='ltr'><strong>quen</strong></span> <span class='ocrx_word' id='word_1_365' title='bbox 806 3909 908 3967; x_wconf 72' lang='lat' dir='ltr'><strong>nont)</strong></span> <span class='ocrx_word' id='word_1_366' title='bbox 976 3917 1010 3968; x_wconf 87' lang='grc'><strong>13</strong></span> <span class='ocrx_word' id='word_1_367' title='bbox 1028 3910 1248 3968; x_wconf 81' lang='lat' dir='ltr'><strong>internoscimus</strong></span> <span class='ocrx_word' id='word_1_368' title='bbox 1268 3913 1292 3971; x_wconf 82' lang='lat'><strong><em>0</em></strong></span> <span class='ocrx_word' id='word_1_369' title='bbox 1357 3920 1391 3970; x_wconf 79' lang='lat'><strong>14</strong></span> <span class='ocrx_word' id='word_1_370' title='bbox 1410 3931 1459 3986; x_wconf 87' lang='lat' dir='ltr'><strong>sp·</strong></span> 
     </span>
     <span class='ocr_line' id='line_1_37' title="bbox 121 3989 1458 4068; baseline -0.001 -17"><span class='ocrx_word' id='word_1_371' title='bbox 121 4013 191 4068; x_wconf 80' lang='lat' dir='ltr'><strong>psro</strong></span> <span class='ocrx_word' id='word_1_372' title='bbox 205 3997 234 4051; x_wconf 92' lang='lat' dir='ltr'><strong><em>A</em></strong></span> <span class='ocrx_word' id='word_1_373' title='bbox 287 3999 320 4050; x_wconf 83' lang='lat' dir='ltr'><strong>ld</strong></span> <span class='ocrx_word' id='word_1_374' title='bbox 334 3992 484 4049; x_wconf 78' lang='lat' dir='ltr'><strong>mutentur</strong></span> <span class='ocrx_word' id='word_1_375' title='bbox 498 3991 548 4048; x_wconf 90' lang='lat' dir='ltr'><strong>sed</strong></span> <span class='ocrx_word' id='word_1_376' title='bbox 562 3995 592 4049; x_wconf 87' lang='lat' dir='ltr'><strong>et</strong></span> <span class='ocrx_word' id='word_1_377' title='bbox 607 3991 712 4062; x_wconf 81' lang='lat' dir='ltr'><strong>quieB</strong></span> <span class='ocrx_word' id='word_1_378' title='bbox 727 3992 840 4047; x_wconf 83' lang='lat' dir='ltr'><strong>mutent</strong></span> <span class='ocrx_word' id='word_1_379' title='bbox 853 3989 902 4046; x_wconf 87' lang='lat' dir='ltr'><strong>sed</strong></span> <span class='ocrx_word' id='word_1_380' title='bbox 918 3995 932 4046; x_wconf 75' lang='grc' dir='ltr'><strong>ἐ</strong></span> <span class='ocrx_word' id='word_1_381' title='bbox 948 3991 1025 4061; x_wconf 91' lang='lat' dir='ltr'><strong>quod</strong></span> <span class='ocrx_word' id='word_1_382' title='bbox 1039 3991 1104 4049; x_wconf 80' lang='lat' dir='ltr'><strong>AO.</strong></span> <span class='ocrx_word' id='word_1_383' title='bbox 1118 3994 1221 4050; x_wconf 78' lang='lat' dir='ltr'><strong>rectius</strong></span> <span class='ocrx_word' id='word_1_384' title='bbox 1235 3999 1294 4050; x_wconf 79' lang='lat' dir='ltr'><strong>erut</strong></span> <span class='ocrx_word' id='word_1_385' title='bbox 1305 3996 1417 4051; x_wconf 78' lang='lat' dir='ltr'><strong>mutent</strong></span> <span class='ocrx_word' id='word_1_386' title='bbox 1430 3994 1458 4064; x_wconf 93' lang='lat' dir='ltr'><strong>d,</strong></span> 
     </span>
     <span class='ocr_line' id='line_1_38' title="bbox 122 4071 1457 4148; baseline -0.009 -11"><span class='ocrx_word' id='word_1_387' title='bbox 122 4078 171 4136; x_wconf 80' lang='lat' dir='ltr'><strong>sed</strong></span> <span class='ocrx_word' id='word_1_388' title='bbox 190 4078 222 4136; x_wconf 80' lang='lat' dir='ltr'><strong>sl</strong></span> <span class='ocrx_word' id='word_1_389' title='bbox 239 4073 308 4148; x_wconf 83' lang='lat' dir='ltr'><strong>quis</strong></span> <span class='ocrx_word' id='word_1_390' title='bbox 387 4080 422 4131; x_wconf 78' lang='lat' dir='ltr'><strong>lt</strong></span> <span class='ocrx_word' id='word_1_391' title='bbox 442 4076 485 4131; x_wconf 87' lang='lat' dir='ltr'><strong>est</strong></span> <span class='ocrx_word' id='word_1_392' title='bbox 502 4089 555 4132; x_wconf 84' lang='lat' dir='ltr'><strong>om.</strong></span> <span class='ocrx_word' id='word_1_393' title='bbox 574 4075 636 4131; x_wconf 87' lang='lat' dir='ltr'><strong>AB</strong></span> <span class='ocrx_word' id='word_1_394' title='bbox 642 4074 671 4131; x_wconf 82' lang='lat'><strong>0.</strong></span> <span class='ocrx_word' id='word_1_395' title='bbox 699 4072 741 4130; x_wconf 88' lang='lat' dir='ltr'><strong>ibi</strong></span> <span class='ocrx_word' id='word_1_396' title='bbox 760 4075 844 4128; x_wconf 81' lang='lat' dir='ltr'><strong>sonet</strong></span> <span class='ocrx_word' id='word_1_397' title='bbox 862 4073 892 4128; x_wconf 86' lang='lat' dir='ltr'><strong>et</strong></span> <span class='ocrx_word' id='word_1_398' title='bbox 908 4071 951 4128; x_wconf 91' lang='lat' dir='ltr'><strong>ibi</strong></span> <span class='ocrx_word' id='word_1_399' title='bbox 969 4071 1102 4128; x_wconf 85' lang='lat' dir='ltr'><strong>scribitur</strong></span> <span class='ocrx_word' id='word_1_400' title='bbox 1121 4090 1138 4134; x_wconf 81' lang='grc' dir='ltr'><strong><em>ς</em></strong></span> <span class='ocrx_word' id='word_1_401' title='bbox 1215 4077 1389 4132; x_wconf 72' lang='lat' dir='ltr'><strong>consonante</strong></span> <span class='ocrx_word' id='word_1_402' title='bbox 1408 4074 1457 4131; x_wconf 84' lang='lat' dir='ltr'><strong>ad.</strong></span> 
     </span>
     <span class='ocr_line' id='line_1_39' title="bbox 121 4151 1456 4232; baseline -0.004 -15"><span class='ocrx_word' id='word_1_403' title='bbox 121 4159 250 4232; x_wconf 80' lang='lat' dir='ltr'><strong>iungitur</strong></span> <span class='ocrx_word' id='word_1_404' title='bbox 269 4155 363 4215; x_wconf 80' lang='lat' dir='ltr'><strong>sdlltm</strong></span> <span class='ocrx_word' id='word_1_405' title='bbox 382 4155 411 4210; x_wconf 96' lang='lat' dir='ltr'><strong><em>A</em></strong></span> <span class='ocrx_word' id='word_1_406' title='bbox 435 4158 603 4214; x_wconf 86' lang='lat' dir='ltr'><strong>consonanti</strong></span> <span class='ocrx_word' id='word_1_407' title='bbox 629 4153 763 4226; x_wconf 71' lang='lat' dir='ltr'><strong>adiungit</strong></span> <span class='ocrx_word' id='word_1_408' title='bbox 780 4151 919 4210; x_wconf 83' lang='lat' dir='ltr'><strong>sdfluoC</strong></span> <span class='ocrx_word' id='word_1_409' title='bbox 990 4159 1023 4208; x_wconf 81' lang='lat' dir='ltr'><strong>lt</strong></span> <span class='ocrx_word' id='word_1_410' title='bbox 1043 4153 1087 4228; x_wconf 78' lang='lat' dir='ltr'><strong>nt]</strong></span> <span class='ocrx_word' id='word_1_411' title='bbox 1106 4159 1139 4213; x_wconf 86' lang='lat' dir='ltr'><strong>ut</strong></span> <span class='ocrx_word' id='word_1_412' title='bbox 1156 4157 1197 4228; x_wconf 88' lang='grc' dir='ltr'><strong>Β,</strong></span> <span class='ocrx_word' id='word_1_413' title='bbox 1216 4171 1268 4214; x_wconf 80' lang='lat' dir='ltr'><strong>orn,</strong></span> <span class='ocrx_word' id='word_1_414' title='bbox 1287 4155 1348 4211; x_wconf 82' lang='lat' dir='ltr'><strong>Ao</strong></span> <span class='ocrx_word' id='word_1_415' title='bbox 1423 4161 1456 4211; x_wconf 87' lang='lat' dir='ltr'><strong>ut</strong></span> 
     </span>
     <span class='ocr_line' id='line_1_40' title="bbox 122 4233 1496 4318; baseline -0.004 -19"><span class='ocrx_word' id='word_1_416' title='bbox 122 4247 187 4299; x_wconf 78' lang='lat' dir='ltr'><strong>onte</strong></span> <span class='ocrx_word' id='word_1_417' title='bbox 206 4237 276 4297; x_wconf 84' lang='lat' dir='ltr'><strong>offui</strong></span> <span class='ocrx_word' id='word_1_418' title='bbox 294 4253 346 4294; x_wconf 74' lang='lat' dir='ltr'><strong>osu</strong></span> <span class='ocrx_word' id='word_1_419' title='bbox 366 4235 458 4294; x_wconf 81' lang='lat' dir='ltr'><strong>ABO</strong></span> <span class='ocrx_word' id='word_1_420' title='bbox 493 4240 588 4300; x_wconf 23' lang='lat' dir='ltr'><strong>,reffui</strong></span> <span class='ocrx_word' id='word_1_421' title='bbox 607 4237 736 4298; x_wconf 65' lang='lat' dir='ltr'><strong>efferos*</strong></span> <span class='ocrx_word' id='word_1_422' title='bbox 805 4241 838 4292; x_wconf 82' lang='grc'><strong>18</strong></span> <span class='ocrx_word' id='word_1_423' title='bbox 858 4233 959 4308; x_wconf 84' lang='lat' dir='ltr'><strong>etism]</strong></span> <span class='ocrx_word' id='word_1_424' title='bbox 979 4234 1055 4291; x_wconf 89' lang='lat' dir='ltr'><strong>enim</strong></span> <span class='ocrx_word' id='word_1_425' title='bbox 1075 4235 1137 4292; x_wconf 80' lang='lat' dir='ltr'><strong>Ao</strong></span> <span class='ocrx_word' id='word_1_426' title='bbox 1200 4240 1315 4294; x_wconf 82' lang='lat' dir='ltr'><strong>utoute</strong></span> <span class='ocrx_word' id='word_1_427' title='bbox 1334 4253 1457 4308; x_wconf 85' lang='lat' dir='ltr'><strong>suggero</strong></span> <span class='ocrx_word' id='word_1_428' title='bbox 1492 4309 1496 4318; x_wconf 22' lang='lat'>⁸</span> 
     </span>
     <span class='ocr_line' id='line_1_41' title="bbox 122 4316 1457 4394; baseline -0.004 -14"><span class='ocrx_word' id='word_1_429' title='bbox 122 4319 218 4380; x_wconf 69' lang='lat' dir='ltr'><strong>oeno</strong></span> <span class='ocrx_word' id='word_1_430' title='bbox 290 4319 434 4390; x_wconf 68' lang='lat' dir='ltr'><strong>umnam,</strong></span> <span class='ocrx_word' id='word_1_431' title='bbox 458 4338 515 4394; x_wconf 70' lang='lat' dir='ltr'><strong>geos</strong></span> <span class='ocrx_word' id='word_1_432' title='bbox 538 4323 673 4378; x_wconf 81' lang='lat' dir='ltr'><strong>surserto</strong></span> <span class='ocrx_word' id='word_1_433' title='bbox 696 4319 741 4376; x_wconf 83' lang='lat' dir='ltr'><strong>cel</strong></span> <span class='ocrx_word' id='word_1_434' title='bbox 761 4317 850 4375; x_wconf 78' lang='lat' dir='ltr'><strong>simule</strong></span> <span class='ocrx_word' id='word_1_435' title='bbox 873 4316 984 4373; x_wconf 77' lang='lat' dir='ltr'><strong>uerbum</strong></span> <span class='ocrx_word' id='word_1_436' title='bbox 1008 4319 1167 4387; x_wconf 61' lang='lat' dir='ltr'><strong>adducet,</strong></span> <span class='ocrx_word' id='word_1_437' title='bbox 1188 4319 1326 4375; x_wconf 76' lang='lat' dir='ltr'><strong>indicauit</strong></span> <span class='ocrx_word' id='word_1_438' title='bbox 1344 4317 1457 4374; x_wconf 79' lang='lat' dir='ltr'><strong>Seduci-</strong></span> 
     </span>
     <span class='ocr_line' id='line_1_42' title="bbox 121 4397 1460 4473; baseline -0.002 -13"><span class='ocrx_word' id='word_1_439' title='bbox 121 4401 707 4473; x_wconf 75' lang='lat' dir='ltr'><strong>denssl.c.:cf.b1ar.l&#39;ictor.p.19‚d</strong></span> <span class='ocrx_word' id='word_1_440' title='bbox 785 4397 1044 4472; x_wconf 70' lang='lat' dir='ltr'><strong>anprn]p.148,d</strong></span> <span class='ocrx_word' id='word_1_441' title='bbox 1122 4405 1155 4455; x_wconf 80' lang='grc'><strong>19</strong></span> <span class='ocrx_word' id='word_1_442' title='bbox 1175 4397 1349 4471; x_wconf 80' lang='lat' dir='ltr'><strong>digummsm</strong></span> <span class='ocrx_word' id='word_1_443' title='bbox 1368 4400 1460 4458; x_wconf 80' lang='lat' dir='ltr'><strong>ABO</strong></span> 
     </span>
     <span class='ocr_line' id='line_1_43' title="bbox 11 4477 1456 4557; baseline -0.003 -15"><span class='ocrx_word' id='word_1_444' title='bbox 11 4531 13 4548; x_wconf 85' lang='lat'><em>.</em></span> <span class='ocrx_word' id='word_1_445' title='bbox 176 4483 255 4557; x_wconf 88' lang='lat' dir='ltr'><strong>qnod</strong></span> <span class='ocrx_word' id='word_1_446' title='bbox 273 4483 323 4540; x_wconf 85' lang='lat' dir='ltr'><strong>uix</strong></span> <span class='ocrx_word' id='word_1_447' title='bbox 342 4482 478 4541; x_wconf 84' lang='lat' dir='ltr'><strong>credibile</strong></span> <span class='ocrx_word' id='word_1_448' title='bbox 497 4479 542 4541; x_wconf 81' lang='lat' dir='ltr'><strong>est</strong></span> <span class='ocrx_word' id='word_1_449' title='bbox 560 4498 577 4542; x_wconf 82' lang='lat' dir='ltr'><strong>s</strong></span> <span class='ocrx_word' id='word_1_450' title='bbox 596 4483 665 4554; x_wconf 82' lang='lat' dir='ltr'><strong>quic</strong></span> <span class='ocrx_word' id='word_1_451' title='bbox 683 4480 733 4536; x_wconf 85' lang='lat' dir='ltr'><strong>uix</strong></span> <span class='ocrx_word' id='word_1_452' title='bbox 751 4479 887 4538; x_wconf 81' lang='lat' dir='ltr'><strong>credibile</strong></span> <span class='ocrx_word' id='word_1_453' title='bbox 906 4480 951 4536; x_wconf 81' lang='lat' dir='ltr'><strong>est</strong></span> <span class='ocrx_word' id='word_1_454' title='bbox 968 4478 996 4534; x_wconf 87' lang='grc' dir='ltr'><strong><em>Β</em></strong></span> <span class='ocrx_word' id='word_1_455' title='bbox 1024 4477 1156 4551; x_wconf 86' lang='lat' dir='ltr'><strong>quamuis</strong></span> <span class='ocrx_word' id='word_1_456' title='bbox 1175 4479 1310 4537; x_wconf 87' lang='lat' dir='ltr'><strong>credibile</strong></span> <span class='ocrx_word' id='word_1_457' title='bbox 1330 4483 1374 4537; x_wconf 89' lang='lat' dir='ltr'><strong>est</strong></span> <span class='ocrx_word' id='word_1_458' title='bbox 1391 4479 1456 4553; x_wconf 81' lang='lat' dir='ltr'><strong>AG,</strong></span> 
     </span>
     <span class='ocr_line' id='line_1_44' title="bbox 123 4559 1459 4638; baseline -0.004 -14"><span class='ocrx_word' id='word_1_459' title='bbox 123 4565 255 4638; x_wconf 82' lang='lat' dir='ltr'><strong>quemuis</strong></span> <span class='ocrx_word' id='word_1_460' title='bbox 269 4563 436 4622; x_wconf 85' lang='lat' dir='ltr'><strong>incredibile</strong></span> <span class='ocrx_word' id='word_1_461' title='bbox 450 4565 494 4622; x_wconf 81' lang='lat' dir='ltr'><strong>est</strong></span> <span class='ocrx_word' id='word_1_462' title='bbox 509 4563 609 4621; x_wconf 74' lang='lat' dir='ltr'><strong>Carrio</strong></span> <span class='ocrx_word' id='word_1_463' title='bbox 667 4571 701 4620; x_wconf 79' lang='lat'><strong>20</strong></span> <span class='ocrx_word' id='word_1_464' title='bbox 716 4565 746 4621; x_wconf 85' lang='lat' dir='ltr'><strong>et</strong></span> <span class='ocrx_word' id='word_1_465' title='bbox 759 4561 828 4635; x_wconf 90' lang='lat' dir='ltr'><strong>quia</strong></span> <span class='ocrx_word' id='word_1_466' title='bbox 842 4559 953 4632; x_wconf 72' lang='lat' dir='ltr'><strong>antiqui</strong></span> <span class='ocrx_word' id='word_1_467' title='bbox 965 4561 994 4616; x_wconf 90' lang='lat' dir='ltr'><strong><em>B</em></strong></span> <span class='ocrx_word' id='word_1_468' title='bbox 1050 4567 1084 4616; x_wconf 75' lang='lat'><strong>21</strong></span> <span class='ocrx_word' id='word_1_469' title='bbox 1099 4561 1254 4634; x_wconf 74' lang='lat' dir='ltr'><strong>praeterito</strong></span> <span class='ocrx_word' id='word_1_470' title='bbox 1270 4561 1383 4618; x_wconf 84' lang='lat' dir='ltr'><strong>sustulli</strong></span> <span class='ocrx_word' id='word_1_471' title='bbox 1398 4562 1459 4618; x_wconf 83' lang='lat' dir='ltr'><strong>AG</strong></span> 
     </span>
     <span class='ocr_line' id='line_1_45' title="bbox 176 4640 1458 4718; baseline -0.002 -15"><span class='ocrx_word' id='word_1_472' title='bbox 176 4646 375 4711; x_wconf 72' lang='lat' dir='ltr'><strong>informetur</strong></span> <span class='ocrx_word' id='word_1_473' title='bbox 395 4648 491 4718; x_wconf 78' lang='lat' dir='ltr'><strong>priore</strong></span> <span class='ocrx_word' id='word_1_474' title='bbox 514 4647 572 4702; x_wconf 87' lang='lat' dir='ltr'><strong>loeo</strong></span> <span class='ocrx_word' id='word_1_475' title='bbox 595 4662 646 4702; x_wconf 81' lang='lat' dir='ltr'><strong>orn.</strong></span> <span class='ocrx_word' id='word_1_476' title='bbox 670 4645 698 4701; x_wconf 90' lang='grc' dir='ltr'><strong><em>Β</em></strong></span> <span class='ocrx_word' id='word_1_477' title='bbox 790 4642 894 4700; x_wconf 90' lang='lat' dir='ltr'><strong>ellodio</strong></span> <span class='ocrx_word' id='word_1_478' title='bbox 913 4642 1010 4700; x_wconf 67' lang='lat' dir='ltr'><strong>osuii</strong></span> <span class='ocrx_word' id='word_1_479' title='bbox 1098 4659 1150 4699; x_wconf 88' lang='lat' dir='ltr'><strong>nec</strong></span> <span class='ocrx_word' id='word_1_480' title='bbox 1174 4643 1267 4698; x_wconf 88' lang='lat' dir='ltr'><strong>minus</strong></span> <span class='ocrx_word' id='word_1_481' title='bbox 1286 4640 1458 4701; x_wconf 79' lang='lat' dir='ltr'><strong>informatur</strong></span> 
     </span>
     <span class='ocr_line' id='line_1_46' title="bbox 124 4723 1456 4785; baseline -0.001 -1"><span class='ocrx_word' id='word_1_482' title='bbox 124 4727 243 4784; x_wconf 81' lang='lat' dir='ltr'><strong>escendo</strong></span> <span class='ocrx_word' id='word_1_483' title='bbox 261 4725 324 4783; x_wconf 80' lang='lat' dir='ltr'><strong>Bu</strong></span> <span class='ocrx_word' id='word_1_484' title='bbox 344 4743 396 4785; x_wconf 88' lang='lat' dir='ltr'><strong>nec</strong></span> <span class='ocrx_word' id='word_1_485' title='bbox 420 4729 514 4784; x_wconf 89' lang='lat' dir='ltr'><strong>minus</strong></span> <span class='ocrx_word' id='word_1_486' title='bbox 537 4725 708 4783; x_wconf 80' lang='lat' dir='ltr'><strong>informetur</strong></span> <span class='ocrx_word' id='word_1_487' title='bbox 726 4724 846 4783; x_wconf 84' lang='lat' dir='ltr'><strong>excludo</strong></span> <span class='ocrx_word' id='word_1_488' title='bbox 866 4723 903 4782; x_wconf 84' lang='lat' dir='ltr'><strong>A.</strong></span> <span class='ocrx_word' id='word_1_489' title='bbox 927 4723 1097 4781; x_wconf 83' lang='lat' dir='ltr'><strong>inlormstur</strong></span> <span class='ocrx_word' id='word_1_490' title='bbox 1117 4723 1148 4781; x_wconf 62' lang='lat' dir='ltr'><strong>‘sl</strong></span> <span class='ocrx_word' id='word_1_491' title='bbox 1167 4742 1189 4784; x_wconf 83' lang='lat' dir='ltr'><strong>e.</strong></span> <span class='ocrx_word' id='word_1_492' title='bbox 1209 4724 1389 4781; x_wconf 82' lang='lat' dir='ltr'><strong>immutetur&#39;</strong></span> <span class='ocrx_word' id='word_1_493' title='bbox 1411 4725 1456 4784; x_wconf 83' lang='lat' dir='ltr'><strong>ds·</strong></span> 
     </span>
     <span class='ocr_line' id='line_1_47' title="bbox 124 4802 1027 4880; baseline -0.002 -16"><span class='ocrx_word' id='word_1_494' title='bbox 124 4807 213 4878; x_wconf 76' lang='lat' dir='ltr'><strong>[cudit</strong></span> <span class='ocrx_word' id='word_1_495' title='bbox 231 4808 416 4866; x_wconf 69' lang='lat' dir='ltr'><strong>Scltmidsrss</strong></span> <span class='ocrx_word' id='word_1_496' title='bbox 434 4802 618 4880; x_wconf 69' lang='lat' dir='ltr'><strong>grammicis.</strong></span> <span class='ocrx_word' id='word_1_497' title='bbox 639 4806 1027 4880; x_wconf 69' lang='lat' dir='ltr'><strong>Ip.644,cp&#39;‚eb.p.553</strong></span> 
     </span>
    </p>
   </div>
   <div class='ocr_carea' id='block_1_6' title="bbox 0 0 1812 5482">
    <p class='ocr_par' dir='ltr' id='par_1_7' title="bbox 0 0 1812 5482">
     <span class='ocr_line' id='line_1_48' title="bbox 0 0 1812 5482; baseline 0 1"><span class='ocrx_word' id='word_1_498' title='bbox 0 0 1812 5482; x_wconf 95' lang='lat' dir='ltr'><strong> </strong></span> 
     </span>
    </p>
   </div>
  </div>
 </body>
</html>
