<?xml version="1.0" encoding="UTF-8"?>
<!DOCTYPE html PUBLIC "-//W3C//DTD XHTML 1.0 Transitional//EN"
    "http://www.w3.org/TR/xhtml1/DTD/xhtml1-transitional.dtd">
<html xmlns="http://www.w3.org/1999/xhtml" xml:lang="en" lang="en">
 <head>
  <title>
</title>
<meta http-equiv="Content-Type" content="text/html;charset=utf-8" />
  <meta name='ocr-system' content='tesseract 3.04.00' />
  <meta name='ocr-capabilities' content='ocr_page ocr_carea ocr_par ocr_line ocrx_word'/>
</head>
<body>
  <div class='ocr_page' id='page_1' title='image "./grammaticilatin00unkngoog/grammaticilatin00unkngoog_0293.png"; bbox 0 0 3602 5482; ppageno 0'>
   <div class='ocr_carea' id='block_1_1' title="bbox 353 365 1082 520">
    <p class='ocr_par' dir='ltr' id='par_1_1' title="bbox 353 365 1082 520">
     <span class='ocr_line' id='line_1_1' title="bbox 353 365 1082 436; baseline -0.018 -2"><span class='ocrx_word' id='word_1_1' title='bbox 353 367 420 436; x_wconf 77' lang='grc'><strong>278</strong></span> <span class='ocrx_word' id='word_1_2' title='bbox 959 365 1082 422; x_wconf 73' lang='lat' dir='ltr'><strong>Benna</strong></span> 
     </span>
     <span class='ocr_line' id='line_1_2' title="bbox 353 467 532 520; baseline -0.017 -7"><span class='ocrx_word' id='word_1_3' title='bbox 353 481 375 520; x_wconf 72' lang='lat' dir='ltr'><strong>e.</strong></span> <span class='ocrx_word' id='word_1_4' title='bbox 390 469 450 512; x_wconf 77' lang='lat' dir='ltr'><strong>ersa</strong></span> <span class='ocrx_word' id='word_1_5' title='bbox 465 469 492 511; x_wconf 87' lang='lat' dir='ltr'><strong>eo</strong></span> <span class='ocrx_word' id='word_1_6' title='bbox 507 467 532 510; x_wconf 83' lang='lat' dir='ltr'><strong>e.</strong></span> 
     </span>
    </p>
   </div>
   <div class='ocr_carea' id='block_1_2' title="bbox 353 552 1741 4212">
    <p class='ocr_par' dir='ltr' id='par_1_2' title="bbox 442 552 1231 636">
     <span class='ocr_line' id='line_1_3' title="bbox 442 552 1231 636; baseline 0 -19"><span class='ocrx_word' id='word_1_7' title='bbox 442 553 580 635; x_wconf 88' lang='lat' dir='ltr'><strong>Largitas</strong></span> <span class='ocrx_word' id='word_1_8' title='bbox 603 553 799 618; x_wconf 85' lang='lat' dir='ltr'><strong>humanitatis</strong></span> <span class='ocrx_word' id='word_1_9' title='bbox 823 562 884 636; x_wconf 89' lang='lat' dir='ltr'><strong>est,</strong></span> <span class='ocrx_word' id='word_1_10' title='bbox 907 553 1026 636; x_wconf 74' lang='lat' dir='ltr'><strong>largitio</strong></span> <span class='ocrx_word' id='word_1_11' title='bbox 1050 552 1231 618; x_wconf 76' lang='lat' dir='ltr'><strong>ambitionis.</strong></span> 
     </span>
    </p>

    <p class='ocr_par' dir='ltr' id='par_1_3' title="bbox 443 657 1122 748">
     <span class='ocr_line' id='line_1_4' title="bbox 443 657 1122 748; baseline 0 -23"><span class='ocrx_word' id='word_1_12' title='bbox 443 661 528 744; x_wconf 88' lang='lat' dir='ltr'><strong>Ligat</strong></span> <span class='ocrx_word' id='word_1_13' title='bbox 552 664 620 744; x_wconf 89' lang='lat' dir='ltr'><strong>quis</strong></span> <span class='ocrx_word' id='word_1_14' title='bbox 644 663 780 748; x_wconf 85' lang='lat' dir='ltr'><strong>vinculo,</strong></span> <span class='ocrx_word' id='word_1_15' title='bbox 803 663 882 746; x_wconf 91' lang='lat' dir='ltr'><strong>legat</strong></span> <span class='ocrx_word' id='word_1_16' title='bbox 905 657 1122 744; x_wconf 70' lang='lat' dir='ltr'><strong>testamento!</strong></span> 
     </span>
    </p>

    <p class='ocr_par' dir='ltr' id='par_1_4' title="bbox 353 769 1692 963">
     <span class='ocr_line' id='line_1_5' title="bbox 444 769 1692 856; baseline 0.001 -23"><span class='ocrx_word' id='word_1_17' title='bbox 444 771 541 854; x_wconf 86' lang='lat' dir='ltr'><strong>Loqui</strong></span> <span class='ocrx_word' id='word_1_18' title='bbox 565 770 695 834; x_wconf 90' lang='lat' dir='ltr'><strong>bominis</strong></span> <span class='ocrx_word' id='word_1_19' title='bbox 714 781 775 856; x_wconf 88' lang='lat' dir='ltr'><strong>est,</strong></span> <span class='ocrx_word' id='word_1_20' title='bbox 799 769 923 854; x_wconf 85' lang='lat' dir='ltr'><strong>obloqui</strong></span> <span class='ocrx_word' id='word_1_21' title='bbox 942 769 1170 855; x_wconf 70' lang='lat' dir='ltr'><strong>obtrectatoris,</strong></span> <span class='ocrx_word' id='word_1_22' title='bbox 1193 773 1273 836; x_wconf 89' lang='lat' dir='ltr'><strong>siout</strong></span> <span class='ocrx_word' id='word_1_23' title='bbox 1291 771 1385 836; x_wconf 90' lang='lat' dir='ltr'><strong>obicit</strong></span> <span class='ocrx_word' id='word_1_24' title='bbox 1404 774 1543 856; x_wconf 90' lang='lat' dir='ltr'><strong>opponit;</strong></span> <span class='ocrx_word' id='word_1_25' title='bbox 1567 770 1692 854; x_wconf 79' lang='lat' dir='ltr'><strong>adloqui</strong></span> 
     </span>
     <span class='ocr_line' id='line_1_6' title="bbox 353 878 1332 963; baseline 0 -21"><span class='ocrx_word' id='word_1_26' title='bbox 353 878 567 963; x_wconf 89' lang='lat' dir='ltr'><strong>persuadentis</strong></span> <span class='ocrx_word' id='word_1_27' title='bbox 590 879 800 962; x_wconf 77' lang='lat' dir='ltr'><strong>hortantisque</strong></span> <span class='ocrx_word' id='word_1_28' title='bbox 824 879 870 942; x_wconf 87' lang='lat' dir='ltr'><strong>vei</strong></span> <span class='ocrx_word' id='word_1_29' title='bbox 894 878 1041 962; x_wconf 89' lang='lat' dir='ltr'><strong>iubentis,</strong></span> <span class='ocrx_word' id='word_1_30' title='bbox 1069 878 1172 961; x_wconf 90' lang='lat' dir='ltr'><strong>eloqui</strong></span> <span class='ocrx_word' id='word_1_31' title='bbox 1194 881 1332 944; x_wconf 88' lang='lat' dir='ltr'><strong>oratoris.</strong></span> 
     </span>
    </p>

    <p class='ocr_par' dir='ltr' id='par_1_5' title="bbox 353 985 1736 1938">
     <span class='ocr_line' id='line_1_7' title="bbox 444 985 1720 1072; baseline -0.001 -22"><span class='ocrx_word' id='word_1_32' title='bbox 444 985 628 1052; x_wconf 77' lang='lat' dir='ltr'><strong>Laurentius</strong></span> <span class='ocrx_word' id='word_1_33' title='bbox 656 987 774 1050; x_wconf 84' lang='lat' dir='ltr'><strong>Caelius</strong></span> <span class='ocrx_word' id='word_1_34' title='bbox 804 997 835 1050; x_wconf 89' lang='lat' dir='ltr'><strong>et</strong></span> <span class='ocrx_word' id='word_1_35' title='bbox 863 986 931 1050; x_wconf 92' lang='lat' dir='ltr'><strong>talia</strong></span> <span class='ocrx_word' id='word_1_36' title='bbox 958 987 1062 1072; x_wconf 90' lang='lat' dir='ltr'><strong>plura,</strong></span> <span class='ocrx_word' id='word_1_37' title='bbox 1091 1005 1168 1071; x_wconf 89' lang='lat' dir='ltr'><strong>quae</strong></span> <span class='ocrx_word' id='word_1_38' title='bbox 1198 990 1415 1052; x_wconf 85' lang='lat' dir='ltr'><strong>nominativum</strong></span> <span class='ocrx_word' id='word_1_39' title='bbox 1442 1008 1546 1052; x_wconf 83' lang='lat' dir='ltr'><strong>casum</strong></span> <span class='ocrx_word' id='word_1_40' title='bbox 1577 989 1610 1050; x_wconf 91' lang='lat' dir='ltr'><strong>in</strong></span> <span class='ocrx_word' id='word_1_41' title='bbox 1641 989 1720 1051; x_wconf 81' lang='lat' dir='ltr'><strong>iuss</strong></span> 
     </span>
     <span class='ocr_line' id='line_1_8' title="bbox 353 1093 1692 1180; baseline 0 -22"><span class='ocrx_word' id='word_1_42' title='bbox 353 1094 479 1180; x_wconf 90' lang='lat' dir='ltr'><strong>babent,</strong></span> <span class='ocrx_word' id='word_1_43' title='bbox 512 1098 685 1178; x_wconf 78' lang='lat' dir='ltr'><strong>genetivum</strong></span> <span class='ocrx_word' id='word_1_44' title='bbox 718 1093 901 1179; x_wconf 81' lang='lat' dir='ltr'><strong>singtrlarem</strong></span> <span class='ocrx_word' id='word_1_45' title='bbox 934 1105 965 1159; x_wconf 89' lang='lat' dir='ltr'><strong>et</strong></span> <span class='ocrx_word' id='word_1_46' title='bbox 998 1097 1215 1160; x_wconf 82' lang='lat' dir='ltr'><strong>nominativum</strong></span> <span class='ocrx_word' id='word_1_47' title='bbox 1248 1095 1397 1177; x_wconf 83' lang='lat' dir='ltr'><strong>pluralem</strong></span> <span class='ocrx_word' id='word_1_48' title='bbox 1430 1099 1462 1160; x_wconf 93' lang='lat' dir='ltr'><strong>ln</strong></span> <span class='ocrx_word' id='word_1_49' title='bbox 1494 1096 1648 1178; x_wconf 84' lang='lat' dir='ltr'><strong>duplicem</strong></span> <span class='ocrx_word' id='word_1_50' title='bbox 1681 1099 1692 1158; x_wconf 94' lang='lat' dir='ltr'><strong>i</strong></span> 
     </span>
     <span class='ocr_line' id='line_1_9' title="bbox 354 1203 1692 1289; baseline 0.001 -21"><span class='ocrx_word' id='word_1_51' title='bbox 354 1206 492 1288; x_wconf 86' lang='lat' dir='ltr'><strong>mittunt,</strong></span> <span class='ocrx_word' id='word_1_52' title='bbox 520 1207 688 1269; x_wconf 87' lang='lat' dir='ltr'><strong>vocativum</strong></span> <span class='ocrx_word' id='word_1_53' title='bbox 717 1205 900 1288; x_wconf 77' lang='lat' dir='ltr'><strong>singularem</strong></span> <span class='ocrx_word' id='word_1_54' title='bbox 932 1206 964 1267; x_wconf 90' lang='lat' dir='ltr'><strong>ln</strong></span> <span class='ocrx_word' id='word_1_55' title='bbox 993 1204 1175 1289; x_wconf 85' lang='lat' dir='ltr'><strong>simplicem,</strong></span> <span class='ocrx_word' id='word_1_56' title='bbox 1211 1214 1245 1268; x_wconf 94' lang='lat' dir='ltr'><strong>ut</strong></span> <span class='ocrx_word' id='word_1_57' title='bbox 1273 1205 1322 1268; x_wconf 91' lang='lat' dir='ltr'><strong>bio</strong></span> <span class='ocrx_word' id='word_1_58' title='bbox 1350 1203 1533 1269; x_wconf 91' lang='lat' dir='ltr'><strong>Laurentius</strong></span> <span class='ocrx_word' id='word_1_59' title='bbox 1562 1205 1692 1288; x_wconf 84' lang='lat' dir='ltr'><strong>Caelius,</strong></span> 
     </span>
     <span class='ocr_line' id='line_1_10' title="bbox 354 1310 1692 1398; baseline -0.002 -21"><span class='ocrx_word' id='word_1_60' title='bbox 354 1312 446 1377; x_wconf 89' lang='lat' dir='ltr'><strong>buius</strong></span> <span class='ocrx_word' id='word_1_61' title='bbox 475 1310 630 1378; x_wconf 89' lang='lat' dir='ltr'><strong>Laurentii</strong></span> <span class='ocrx_word' id='word_1_62' title='bbox 654 1313 759 1398; x_wconf 85' lang='lat' dir='ltr'><strong>Caelii,</strong></span> <span class='ocrx_word' id='word_1_63' title='bbox 786 1311 818 1376; x_wconf 92' lang='lat' dir='ltr'><strong>bi</strong></span> <span class='ocrx_word' id='word_1_64' title='bbox 847 1313 1003 1378; x_wconf 88' lang='lat' dir='ltr'><strong>Laurentii</strong></span> <span class='ocrx_word' id='word_1_65' title='bbox 1027 1313 1133 1398; x_wconf 86' lang='lat' dir='ltr'><strong>Caelii,</strong></span> <span class='ocrx_word' id='word_1_66' title='bbox 1161 1331 1179 1374; x_wconf 93' lang='lat' dir='ltr'><strong>o</strong></span> <span class='ocrx_word' id='word_1_67' title='bbox 1203 1311 1347 1377; x_wconf 85' lang='lat' dir='ltr'><strong>Laurenti</strong></span> <span class='ocrx_word' id='word_1_68' title='bbox 1376 1312 1466 1376; x_wconf 84' lang='lat' dir='ltr'><strong>Caeli.</strong></span> <span class='ocrx_word' id='word_1_69' title='bbox 1509 1315 1553 1376; x_wconf 88' lang='lat' dir='ltr'><strong>sio</strong></span> <span class='ocrx_word' id='word_1_70' title='bbox 1583 1322 1615 1376; x_wconf 92' lang='lat' dir='ltr'><strong>et</strong></span> <span class='ocrx_word' id='word_1_71' title='bbox 1642 1312 1692 1375; x_wconf 93' lang='lat' dir='ltr'><strong>bic</strong></span> 
     </span>
     <span class='ocr_line' id='line_1_11' title="bbox 356 1421 1693 1505; baseline -0.001 -21"><span class='ocrx_word' id='word_1_72' title='bbox 356 1421 435 1484; x_wconf 91' lang='lat' dir='ltr'><strong>illius</strong></span> <span class='ocrx_word' id='word_1_73' title='bbox 464 1421 555 1485; x_wconf 89' lang='lat' dir='ltr'><strong>buius</strong></span> <span class='ocrx_word' id='word_1_74' title='bbox 583 1422 634 1486; x_wconf 89' lang='lat' dir='ltr'><strong>lilii</strong></span> <span class='ocrx_word' id='word_1_75' title='bbox 664 1421 696 1486; x_wconf 90' lang='lat' dir='ltr'><strong>bi</strong></span> <span class='ocrx_word' id='word_1_76' title='bbox 724 1421 776 1484; x_wconf 90' lang='lat' dir='ltr'><strong>iiiii</strong></span> <span class='ocrx_word' id='word_1_77' title='bbox 804 1441 822 1484; x_wconf 91' lang='lat' dir='ltr'><strong>o</strong></span> <span class='ocrx_word' id='word_1_78' title='bbox 851 1422 901 1486; x_wconf 86' lang='lat' dir='ltr'><strong>iili</strong></span> <span class='ocrx_word' id='word_1_79' title='bbox 940 1430 992 1486; x_wconf 90' lang='lat' dir='ltr'><strong>aut</strong></span> <span class='ocrx_word' id='word_1_80' title='bbox 1020 1429 1104 1486; x_wconf 86' lang='lat' dir='ltr'><strong>certe</strong></span> <span class='ocrx_word' id='word_1_81' title='bbox 1128 1424 1297 1485; x_wconf 85' lang='lat' dir='ltr'><strong>vocativum</strong></span> <span class='ocrx_word' id='word_1_82' title='bbox 1321 1423 1352 1485; x_wconf 95' lang='lat' dir='ltr'><strong>ln</strong></span> <span class='ocrx_word' id='word_1_83' title='bbox 1375 1424 1419 1505; x_wconf 90' lang='lat' dir='ltr'><strong>ie,</strong></span> <span class='ocrx_word' id='word_1_84' title='bbox 1449 1431 1483 1486; x_wconf 94' lang='lat' dir='ltr'><strong>ut</strong></span> <span class='ocrx_word' id='word_1_85' title='bbox 1506 1421 1556 1484; x_wconf 88' lang='lat' dir='ltr'><strong>bic</strong></span> <span class='ocrx_word' id='word_1_86' title='bbox 1580 1423 1693 1502; x_wconf 88' lang='lat' dir='ltr'><strong>impius</strong></span> 
     </span>
     <span class='ocr_line' id='line_1_12' title="bbox 355 1522 1736 1614; baseline -0.004 -21"><span class='ocrx_word' id='word_1_87' title='bbox 355 1530 447 1593; x_wconf 90' lang='lat' dir='ltr'><strong>buius</strong></span> <span class='ocrx_word' id='word_1_88' title='bbox 466 1531 552 1612; x_wconf 92' lang='lat' dir='ltr'><strong>impii</strong></span> <span class='ocrx_word' id='word_1_89' title='bbox 570 1549 588 1593; x_wconf 94' lang='lat' dir='ltr'><strong>o</strong></span> <span class='ocrx_word' id='word_1_90' title='bbox 607 1533 708 1613; x_wconf 87' lang='lat' dir='ltr'><strong>imple.</strong></span> <span class='ocrx_word' id='word_1_91' title='bbox 746 1530 912 1594; x_wconf 87' lang='lat' dir='ltr'><strong>notandum</strong></span> <span class='ocrx_word' id='word_1_92' title='bbox 932 1549 1004 1594; x_wconf 89' lang='lat' dir='ltr'><strong>sane</strong></span> <span class='ocrx_word' id='word_1_93' title='bbox 1028 1533 1059 1593; x_wconf 92' lang='lat' dir='ltr'><strong>in</strong></span> <span class='ocrx_word' id='word_1_94' title='bbox 1079 1529 1197 1593; x_wconf 91' lang='lat' dir='ltr'><strong>actibus</strong></span> <span class='ocrx_word' id='word_1_95' title='bbox 1215 1529 1422 1613; x_wconf 89' lang='lat' dir='ltr'><strong>apostolorum</strong></span> <span class='ocrx_word' id='word_1_96' title='bbox 1441 1522 1482 1614; x_wconf 88' lang='lat' dir='ltr'><strong>(c.</strong></span> <span class='ocrx_word' id='word_1_97' title='bbox 1502 1530 1554 1608; x_wconf 84' lang='lat'><strong>10,</strong></span> <span class='ocrx_word' id='word_1_98' title='bbox 1569 1526 1616 1612; x_wconf 87' lang='lat'><strong>3),</strong></span> <span class='ocrx_word' id='word_1_99' title='bbox 1639 1528 1693 1592; x_wconf 90' lang='lat' dir='ltr'><strong>ubi</strong></span> <span class='ocrx_word' id='word_1_100' title='bbox 1709 1549 1736 1588; x_wconf 80' lang='lat' dir='ltr'><strong>aa</strong></span> 
     </span>
     <span class='ocr_line' id='line_1_13' title="bbox 358 1633 1693 1721; baseline 0 -21"><span class='ocrx_word' id='word_1_101' title='bbox 358 1637 518 1701; x_wconf 81' lang='lat' dir='ltr'><strong>Cornelius</strong></span> <span class='ocrx_word' id='word_1_102' title='bbox 542 1639 615 1702; x_wconf 89' lang='lat' dir='ltr'><strong>vidit</strong></span> <span class='ocrx_word' id='word_1_103' title='bbox 638 1638 778 1721; x_wconf 88' lang='lat' dir='ltr'><strong>angeium</strong></span> <span class='ocrx_word' id='word_1_104' title='bbox 802 1638 852 1702; x_wconf 88' lang='lat' dir='ltr'><strong>dei</strong></span> <span class='ocrx_word' id='word_1_105' title='bbox 875 1641 1082 1702; x_wconf 86' lang='lat' dir='ltr'><strong>introeuntem</strong></span> <span class='ocrx_word' id='word_1_106' title='bbox 1106 1637 1142 1700; x_wconf 90' lang='lat' dir='ltr'><strong>ad</strong></span> <span class='ocrx_word' id='word_1_107' title='bbox 1167 1657 1199 1700; x_wconf 91' lang='lat' dir='ltr'><strong>se</strong></span> <span class='ocrx_word' id='word_1_108' title='bbox 1223 1648 1254 1701; x_wconf 90' lang='lat' dir='ltr'><strong>et</strong></span> <span class='ocrx_word' id='word_1_109' title='bbox 1277 1637 1429 1702; x_wconf 90' lang='lat' dir='ltr'><strong>dicentem</strong></span> <span class='ocrx_word' id='word_1_110' title='bbox 1453 1637 1511 1702; x_wconf 90' lang='lat' dir='ltr'><strong>sibi</strong></span> <span class='ocrx_word' id='word_1_111' title='bbox 1535 1633 1693 1702; x_wconf 79' lang='lat' dir='ltr'><strong>‘Corneli’.</strong></span> 
     </span>
     <span class='ocr_line' id='line_1_14' title="bbox 357 1745 1694 1832; baseline 0 -22"><span class='ocrx_word' id='word_1_112' title='bbox 357 1745 407 1810; x_wconf 91' lang='lat' dir='ltr'><strong>bic</strong></span> <span class='ocrx_word' id='word_1_113' title='bbox 431 1749 584 1811; x_wconf 83' lang='lat' dir='ltr'><strong>vocativus</strong></span> <span class='ocrx_word' id='word_1_114' title='bbox 612 1751 644 1810; x_wconf 93' lang='lat' dir='ltr'><strong>ln</strong></span> <span class='ocrx_word' id='word_1_115' title='bbox 672 1745 764 1810; x_wconf 89' lang='lat' dir='ltr'><strong>latino</strong></span> <span class='ocrx_word' id='word_1_116' title='bbox 787 1756 871 1811; x_wconf 89' lang='lat' dir='ltr'><strong>recte</strong></span> <span class='ocrx_word' id='word_1_117' title='bbox 900 1765 955 1830; x_wconf 87' lang='lat' dir='ltr'><strong>per</strong></span> <span class='ocrx_word' id='word_1_118' title='bbox 979 1745 1146 1829; x_wconf 88' lang='lat' dir='ltr'><strong>simplicem</strong></span> <span class='ocrx_word' id='word_1_119' title='bbox 1170 1747 1181 1810; x_wconf 91' lang='lat' dir='ltr'><strong>i</strong></span> <span class='ocrx_word' id='word_1_120' title='bbox 1208 1747 1373 1832; x_wconf 82' lang='lat' dir='ltr'><strong>protertur,</strong></span> <span class='ocrx_word' id='word_1_121' title='bbox 1401 1749 1432 1810; x_wconf 95' lang='lat' dir='ltr'><strong>in</strong></span> <span class='ocrx_word' id='word_1_122' title='bbox 1456 1765 1565 1829; x_wconf 89' lang='lat' dir='ltr'><strong>graeco</strong></span> <span class='ocrx_word' id='word_1_123' title='bbox 1590 1756 1694 1810; x_wconf 88' lang='lat' dir='ltr'><strong>autem</strong></span> 
     </span>
     <span class='ocr_line' id='line_1_15' title="bbox 361 1853 884 1938; baseline 0.004 -22"><span class='ocrx_word' id='word_1_124' title='bbox 361 1856 470 1936; x_wconf 87' lang='lat' dir='ltr'><strong>peric</strong></span> <span class='ocrx_word' id='word_1_125' title='bbox 494 1853 634 1918; x_wconf 83' lang='lat' dir='ltr'><strong>Cornelio</strong></span> <span class='ocrx_word' id='word_1_126' title='bbox 658 1857 884 1938; x_wconf 85' lang='lat' dir='ltr'><strong>scriptumest.</strong></span> 
     </span>
    </p>

    <p class='ocr_par' dir='ltr' id='par_1_6' title="bbox 448 1961 1437 2047">
     <span class='ocr_line' id='line_1_16' title="bbox 448 1961 1437 2047; baseline 0 -21"><span class='ocrx_word' id='word_1_127' title='bbox 448 1963 554 2027; x_wconf 88' lang='lat' dir='ltr'><strong>Limus</strong></span> <span class='ocrx_word' id='word_1_128' title='bbox 576 1962 628 2026; x_wconf 82' lang='lat' dir='ltr'><strong>lux</strong></span> <span class='ocrx_word' id='word_1_129' title='bbox 652 1963 734 2027; x_wconf 87' lang='lat' dir='ltr'><strong>labes</strong></span> <span class='ocrx_word' id='word_1_130' title='bbox 757 1963 852 2028; x_wconf 84' lang='lat' dir='ltr'><strong>letarm</strong></span> <span class='ocrx_word' id='word_1_131' title='bbox 875 1961 1022 2047; x_wconf 88' lang='lat' dir='ltr'><strong>pluralem</strong></span> <span class='ocrx_word' id='word_1_132' title='bbox 1046 1981 1209 2027; x_wconf 88' lang='lat' dir='ltr'><strong>numerum</strong></span> <span class='ocrx_word' id='word_1_133' title='bbox 1232 1982 1293 2027; x_wconf 93' lang='lat' dir='ltr'><strong>non</strong></span> <span class='ocrx_word' id='word_1_134' title='bbox 1316 1962 1437 2028; x_wconf 89' lang='lat' dir='ltr'><strong>babent.</strong></span> 
     </span>
    </p>

    <p class='ocr_par' dir='ltr' id='par_1_7' title="bbox 450 2069 1737 2158">
     <span class='ocr_line' id='line_1_17' title="bbox 450 2069 1737 2158; baseline -0.003 -24"><span class='ocrx_word' id='word_1_135' title='bbox 450 2071 714 2158; x_wconf 81' lang='lat' dir='ltr'><strong>Libert„quande</strong></span> <span class='ocrx_word' id='word_1_136' title='bbox 743 2071 819 2136; x_wconf 91' lang='lat' dir='ltr'><strong>illios</strong></span> <span class='ocrx_word' id='word_1_137' title='bbox 848 2073 1031 2157; x_wconf 81' lang='lat' dir='ltr'><strong>significant,</strong></span> <span class='ocrx_word' id='word_1_138' title='bbox 1059 2080 1090 2135; x_wconf 97' lang='lat' dir='ltr'><strong>et</strong></span> <span class='ocrx_word' id='word_1_139' title='bbox 1118 2070 1250 2135; x_wconf 89' lang='lat' dir='ltr'><strong>latebrae</strong></span> <span class='ocrx_word' id='word_1_140' title='bbox 1274 2073 1458 2155; x_wconf 89' lang='lat' dir='ltr'><strong>singularem</strong></span> <span class='ocrx_word' id='word_1_141' title='bbox 1482 2091 1542 2136; x_wconf 90' lang='lat' dir='ltr'><strong>nou</strong></span> <span class='ocrx_word' id='word_1_142' title='bbox 1573 2069 1737 2135; x_wconf 73' lang='lat' dir='ltr'><strong>habente</strong></span> 
     </span>
    </p>

    <p class='ocr_par' dir='ltr' id='par_1_8' title="bbox 450 2178 1283 2263">
     <span class='ocr_line' id='line_1_18' title="bbox 450 2178 1283 2263; baseline 0.002 -21"><span class='ocrx_word' id='word_1_143' title='bbox 450 2178 510 2242; x_wconf 90' lang='lat' dir='ltr'><strong>Lac</strong></span> <span class='ocrx_word' id='word_1_144' title='bbox 533 2179 685 2261; x_wconf 90' lang='lat' dir='ltr'><strong>liquamen</strong></span> <span class='ocrx_word' id='word_1_145' title='bbox 709 2178 852 2244; x_wconf 88' lang='lat' dir='ltr'><strong>lenticula</strong></span> <span class='ocrx_word' id='word_1_146' title='bbox 875 2181 941 2244; x_wconf 89' lang='lat' dir='ltr'><strong>lens</strong></span> <span class='ocrx_word' id='word_1_147' title='bbox 966 2181 1129 2262; x_wconf 86' lang='lat' dir='ltr'><strong>singularia</strong></span> <span class='ocrx_word' id='word_1_148' title='bbox 1153 2199 1283 2263; x_wconf 87' lang='lat' dir='ltr'><strong>semper.</strong></span> 
     </span>
    </p>

    <p class='ocr_par' dir='ltr' id='par_1_9' title="bbox 452 2285 1383 2373">
     <span class='ocr_line' id='line_1_19' title="bbox 452 2285 1383 2373; baseline 0.003 -23"><span class='ocrx_word' id='word_1_149' title='bbox 452 2285 551 2350; x_wconf 79' lang='lat' dir='ltr'><strong>Lentu</strong></span> <span class='ocrx_word' id='word_1_150' title='bbox 575 2288 770 2370; x_wconf 86' lang='lat' dir='ltr'><strong>singulariter</strong></span> <span class='ocrx_word' id='word_1_151' title='bbox 794 2289 1007 2373; x_wconf 85' lang='lat' dir='ltr'><strong>masculinum,</strong></span> <span class='ocrx_word' id='word_1_152' title='bbox 1031 2288 1189 2372; x_wconf 87' lang='lat' dir='ltr'><strong>pluraliter</strong></span> <span class='ocrx_word' id='word_1_153' title='bbox 1212 2289 1286 2353; x_wconf 89' lang='lat' dir='ltr'><strong>baec</strong></span> <span class='ocrx_word' id='word_1_154' title='bbox 1309 2289 1383 2353; x_wconf 87' lang='lat' dir='ltr'><strong>loca.</strong></span> 
     </span>
    </p>

    <p class='ocr_par' dir='ltr' id='par_1_10' title="bbox 453 2388 1539 2480">
     <span class='ocr_line' id='line_1_20' title="bbox 453 2388 1539 2480; baseline 0.002 -23"><span class='ocrx_word' id='word_1_155' title='bbox 453 2394 548 2459; x_wconf 85' lang='lat' dir='ltr'><strong>Luter</strong></span> <span class='ocrx_word' id='word_1_156' title='bbox 570 2415 712 2479; x_wconf 86' lang='lat' dir='ltr'><strong>graecum</strong></span> <span class='ocrx_word' id='word_1_157' title='bbox 739 2388 893 2478; x_wconf 70' lang='lat' dir='ltr'><strong>[iovrrjp]</strong></span> <span class='ocrx_word' id='word_1_158' title='bbox 920 2395 1077 2460; x_wconf 87' lang='lat' dir='ltr'><strong>masculini</strong></span> <span class='ocrx_word' id='word_1_159' title='bbox 1101 2399 1237 2480; x_wconf 88' lang='lat' dir='ltr'><strong>generis,</strong></span> <span class='ocrx_word' id='word_1_160' title='bbox 1261 2396 1388 2461; x_wconf 88' lang='lat' dir='ltr'><strong>latinum</strong></span> <span class='ocrx_word' id='word_1_161' title='bbox 1413 2396 1539 2460; x_wconf 74' lang='lat' dir='ltr'><strong>hbrnm.</strong></span> 
     </span>
    </p>

    <p class='ocr_par' dir='ltr' id='par_1_11' title="bbox 453 2501 1420 2590">
     <span class='ocr_line' id='line_1_21' title="bbox 453 2501 1420 2590; baseline 0.002 -25"><span class='ocrx_word' id='word_1_162' title='bbox 453 2501 554 2566; x_wconf 90' lang='lat' dir='ltr'><strong>Luceo</strong></span> <span class='ocrx_word' id='word_1_163' title='bbox 578 2514 609 2569; x_wconf 86' lang='lat' dir='ltr'><strong>et</strong></span> <span class='ocrx_word' id='word_1_164' title='bbox 632 2505 721 2588; x_wconf 89' lang='lat' dir='ltr'><strong>lugeo</strong></span> <span class='ocrx_word' id='word_1_165' title='bbox 744 2508 776 2569; x_wconf 90' lang='lat' dir='ltr'><strong>in</strong></span> <span class='ocrx_word' id='word_1_166' title='bbox 800 2504 930 2569; x_wconf 88' lang='lat' dir='ltr'><strong>eundem</strong></span> <span class='ocrx_word' id='word_1_167' title='bbox 953 2505 1124 2590; x_wconf 85' lang='lat' dir='ltr'><strong>perlectum</strong></span> <span class='ocrx_word' id='word_1_168' title='bbox 1148 2505 1326 2589; x_wconf 89' lang='lat' dir='ltr'><strong>deveniunt,</strong></span> <span class='ocrx_word' id='word_1_169' title='bbox 1350 2504 1420 2568; x_wconf 80' lang='lat' dir='ltr'><strong>iuri.</strong></span> 
     </span>
    </p>

    <p class='ocr_par' dir='ltr' id='par_1_12' title="bbox 453 2611 1739 2699">
     <span class='ocr_line' id='line_1_22' title="bbox 453 2611 1739 2699; baseline -0.002 -25"><span class='ocrx_word' id='word_1_170' title='bbox 453 2611 563 2676; x_wconf 91' lang='lat' dir='ltr'><strong>Libero</strong></span> <span class='ocrx_word' id='word_1_171' title='bbox 587 2623 617 2677; x_wconf 87' lang='lat' dir='ltr'><strong>te</strong></span> <span class='ocrx_word' id='word_1_172' title='bbox 640 2613 791 2699; x_wconf 89' lang='lat' dir='ltr'><strong>periculo,</strong></span> <span class='ocrx_word' id='word_1_173' title='bbox 815 2613 928 2678; x_wconf 88' lang='lat' dir='ltr'><strong>liberor</strong></span> <span class='ocrx_word' id='word_1_174' title='bbox 953 2615 1096 2676; x_wconf 90' lang='lat' dir='ltr'><strong>molestia.</strong></span> <span class='ocrx_word' id='word_1_175' title='bbox 1711 2631 1739 2672; x_wconf 79' lang='lat' dir='ltr'><strong>eo</strong></span> 
     </span>
    </p>

    <p class='ocr_par' dir='ltr' id='par_1_13' title="bbox 454 2719 1084 2804">
     <span class='ocr_line' id='line_1_23' title="bbox 454 2719 1084 2804; baseline 0.005 -23"><span class='ocrx_word' id='word_1_176' title='bbox 454 2719 529 2782; x_wconf 93' lang='lat' dir='ltr'><strong>Lino</strong></span> <span class='ocrx_word' id='word_1_177' title='bbox 554 2722 625 2784; x_wconf 90' lang='lat' dir='ltr'><strong>iacit</strong></span> <span class='ocrx_word' id='word_1_178' title='bbox 648 2723 817 2804; x_wconf 85' lang='lat' dir='ltr'><strong>perlectum</strong></span> <span class='ocrx_word' id='word_1_179' title='bbox 841 2720 916 2785; x_wconf 90' lang='lat' dir='ltr'><strong>linui</strong></span> <span class='ocrx_word' id='word_1_180' title='bbox 941 2729 972 2784; x_wconf 89' lang='lat' dir='ltr'><strong>et</strong></span> <span class='ocrx_word' id='word_1_181' title='bbox 995 2721 1084 2784; x_wconf 70' lang='lat' dir='ltr'><strong>uniet</strong></span> 
     </span>
    </p>

    <p class='ocr_par' dir='ltr' id='par_1_14' title="bbox 365 2827 1697 3024">
     <span class='ocr_line' id='line_1_24' title="bbox 454 2827 1697 2914; baseline 0 -23"><span class='ocrx_word' id='word_1_182' title='bbox 454 2827 614 2912; x_wconf 88' lang='lat' dir='ltr'><strong>blargarita</strong></span> <span class='ocrx_word' id='word_1_183' title='bbox 643 2829 788 2894; x_wconf 90' lang='lat' dir='ltr'><strong>lemiuino</strong></span> <span class='ocrx_word' id='word_1_184' title='bbox 816 2849 928 2914; x_wconf 87' lang='lat' dir='ltr'><strong>genere</strong></span> <span class='ocrx_word' id='word_1_185' title='bbox 952 2841 983 2892; x_wconf 89' lang='lat' dir='ltr'><strong>et</strong></span> <span class='ocrx_word' id='word_1_186' title='bbox 1011 2832 1206 2912; x_wconf 88' lang='lat' dir='ltr'><strong>margaritum</strong></span> <span class='ocrx_word' id='word_1_187' title='bbox 1239 2839 1349 2894; x_wconf 90' lang='lat' dir='ltr'><strong>neutro</strong></span> <span class='ocrx_word' id='word_1_188' title='bbox 1373 2829 1548 2893; x_wconf 89' lang='lat' dir='ltr'><strong>dicendum:</strong></span> <span class='ocrx_word' id='word_1_189' title='bbox 1572 2831 1604 2891; x_wconf 93' lang='lat' dir='ltr'><strong>in</strong></span> <span class='ocrx_word' id='word_1_190' title='bbox 1628 2847 1697 2910; x_wconf 85' lang='lat' dir='ltr'><strong>pro·</strong></span> 
     </span>
     <span class='ocr_line' id='line_1_25' title="bbox 365 2930 1537 3024; baseline 0.002 -27"><span class='ocrx_word' id='word_1_191' title='bbox 365 2934 476 2999; x_wconf 89' lang='lat' dir='ltr'><strong>verbiis</strong></span> <span class='ocrx_word' id='word_1_192' title='bbox 499 2931 542 3021; x_wconf 84' lang='lat' dir='ltr'><strong>(c.</strong></span> <span class='ocrx_word' id='word_1_193' title='bbox 566 2937 618 3014; x_wconf 83' lang='lat'><strong>25,</strong></span> <span class='ocrx_word' id='word_1_194' title='bbox 642 2934 698 3024; x_wconf 84' lang='lat'><strong>12)</strong></span> <span class='ocrx_word' id='word_1_195' title='bbox 721 2934 887 3002; x_wconf 81' lang='lat' dir='ltr'><strong>‘inaures</strong></span> <span class='ocrx_word' id='word_1_196' title='bbox 910 2956 1020 3001; x_wconf 86' lang='lat' dir='ltr'><strong>auree</strong></span> <span class='ocrx_word' id='word_1_197' title='bbox 1045 2948 1081 3001; x_wconf 92' lang='lat' dir='ltr'><strong>et</strong></span> <span class='ocrx_word' id='word_1_198' title='bbox 1104 2940 1341 3020; x_wconf 90' lang='lat' dir='ltr'><strong>margaritum</strong></span> <span class='ocrx_word' id='word_1_199' title='bbox 1365 2930 1537 3019; x_wconf 88' lang='lat' dir='ltr'><strong>luigens’.</strong></span> 
     </span>
    </p>

    <p class='ocr_par' dir='ltr' id='par_1_15' title="bbox 365 3043 1739 3544">
     <span class='ocr_line' id='line_1_26' title="bbox 455 3043 1697 3130; baseline 0.002 -25"><span class='ocrx_word' id='word_1_200' title='bbox 455 3043 689 3127; x_wconf 88' lang='lat' dir='ltr'><strong>blalogranatnm</strong></span> <span class='ocrx_word' id='word_1_201' title='bbox 710 3057 740 3110; x_wconf 89' lang='lat' dir='ltr'><strong>et</strong></span> <span class='ocrx_word' id='word_1_202' title='bbox 759 3046 871 3110; x_wconf 90' lang='lat' dir='ltr'><strong>malum</strong></span> <span class='ocrx_word' id='word_1_203' title='bbox 894 3055 1053 3130; x_wconf 86' lang='lat' dir='ltr'><strong>granatum</strong></span> <span class='ocrx_word' id='word_1_204' title='bbox 1072 3054 1218 3109; x_wconf 89' lang='lat' dir='ltr'><strong>consuete</strong></span> <span class='ocrx_word' id='word_1_205' title='bbox 1237 3045 1381 3129; x_wconf 87' lang='lat' dir='ltr'><strong>dicimus,</strong></span> <span class='ocrx_word' id='word_1_206' title='bbox 1405 3054 1436 3108; x_wconf 89' lang='lat' dir='ltr'><strong>et</strong></span> <span class='ocrx_word' id='word_1_207' title='bbox 1455 3051 1586 3126; x_wconf 90' lang='lat' dir='ltr'><strong>utroque</strong></span> <span class='ocrx_word' id='word_1_208' title='bbox 1607 3045 1697 3108; x_wconf 91' lang='lat' dir='ltr'><strong>modo</strong></span> 
     </span>
     <span class='ocr_line' id='line_1_27' title="bbox 365 3150 1739 3238; baseline -0.001 -25"><span class='ocrx_word' id='word_1_209' title='bbox 365 3150 564 3238; x_wconf 89' lang='lat' dir='ltr'><strong>declinentur,</strong></span> <span class='ocrx_word' id='word_1_210' title='bbox 578 3154 636 3219; x_wconf 90' lang='lat' dir='ltr'><strong>boc</strong></span> <span class='ocrx_word' id='word_1_211' title='bbox 651 3155 887 3238; x_wconf 89' lang='lat' dir='ltr'><strong>malogranatum</strong></span> <span class='ocrx_word' id='word_1_212' title='bbox 907 3155 998 3218; x_wconf 89' lang='lat' dir='ltr'><strong>buius</strong></span> <span class='ocrx_word' id='word_1_213' title='bbox 1013 3155 1210 3236; x_wconf 86' lang='lat' dir='ltr'><strong>malogranati</strong></span> <span class='ocrx_word' id='word_1_214' title='bbox 1229 3163 1260 3215; x_wconf 92' lang='lat' dir='ltr'><strong>et</strong></span> <span class='ocrx_word' id='word_1_215' title='bbox 1279 3152 1353 3216; x_wconf 87' lang='lat' dir='ltr'><strong>baec</strong></span> <span class='ocrx_word' id='word_1_216' title='bbox 1368 3152 1569 3234; x_wconf 87' lang='lat' dir='ltr'><strong>malogranata</strong></span> <span class='ocrx_word' id='word_1_217' title='bbox 1587 3153 1697 3217; x_wconf 90' lang='lat' dir='ltr'><strong>borum</strong></span> <span class='ocrx_word' id='word_1_218' title='bbox 1713 3171 1739 3212; x_wconf 81' lang='lat' dir='ltr'><strong>as</strong></span> 
     </span>
     <span class='ocr_line' id='line_1_28' title="bbox 367 3259 1698 3346; baseline 0.002 -25"><span class='ocrx_word' id='word_1_219' title='bbox 367 3259 639 3342; x_wconf 86' lang='lat' dir='ltr'><strong>malogranatorum</strong></span> <span class='ocrx_word' id='word_1_220' title='bbox 662 3263 710 3327; x_wconf 90' lang='lat' dir='ltr'><strong>bis</strong></span> <span class='ocrx_word' id='word_1_221' title='bbox 735 3263 947 3346; x_wconf 87' lang='lat' dir='ltr'><strong>malogranatis</strong></span> <span class='ocrx_word' id='word_1_222' title='bbox 972 3272 1003 3326; x_wconf 93' lang='lat' dir='ltr'><strong>et</strong></span> <span class='ocrx_word' id='word_1_223' title='bbox 1027 3271 1142 3346; x_wconf 81' lang='lat' dir='ltr'><strong>cetera3</strong></span> <span class='ocrx_word' id='word_1_224' title='bbox 1170 3272 1201 3325; x_wconf 87' lang='lat' dir='ltr'><strong>et</strong></span> <span class='ocrx_word' id='word_1_225' title='bbox 1224 3279 1348 3324; x_wconf 91' lang='lat' dir='ltr'><strong>rursum</strong></span> <span class='ocrx_word' id='word_1_226' title='bbox 1376 3260 1434 3324; x_wconf 90' lang='lat' dir='ltr'><strong>boc</strong></span> <span class='ocrx_word' id='word_1_227' title='bbox 1458 3259 1569 3323; x_wconf 86' lang='lat' dir='ltr'><strong>malum</strong></span> <span class='ocrx_word' id='word_1_228' title='bbox 1593 3279 1698 3342; x_wconf 88' lang='lat' dir='ltr'><strong>grana·</strong></span> 
     </span>
     <span class='ocr_line' id='line_1_29' title="bbox 367 3367 1698 3456; baseline 0.001 -26"><span class='ocrx_word' id='word_1_229' title='bbox 367 3377 447 3454; x_wconf 91' lang='lat' dir='ltr'><strong>tum,</strong></span> <span class='ocrx_word' id='word_1_230' title='bbox 475 3369 567 3435; x_wconf 89' lang='lat' dir='ltr'><strong>buius</strong></span> <span class='ocrx_word' id='word_1_231' title='bbox 595 3372 665 3435; x_wconf 87' lang='lat' dir='ltr'><strong>mali</strong></span> <span class='ocrx_word' id='word_1_232' title='bbox 691 3374 822 3456; x_wconf 57' lang='lat' dir='ltr'><strong>manati,</strong></span> <span class='ocrx_word' id='word_1_233' title='bbox 850 3379 881 3433; x_wconf 91' lang='lat' dir='ltr'><strong>et</strong></span> <span class='ocrx_word' id='word_1_234' title='bbox 908 3371 982 3434; x_wconf 87' lang='lat' dir='ltr'><strong>baec</strong></span> <span class='ocrx_word' id='word_1_235' title='bbox 1012 3371 1087 3433; x_wconf 92' lang='lat' dir='ltr'><strong>maia</strong></span> <span class='ocrx_word' id='word_1_236' title='bbox 1114 3380 1252 3453; x_wconf 89' lang='lat' dir='ltr'><strong>granata,</strong></span> <span class='ocrx_word' id='word_1_237' title='bbox 1280 3369 1390 3432; x_wconf 88' lang='lat' dir='ltr'><strong>horum</strong></span> <span class='ocrx_word' id='word_1_238' title='bbox 1413 3367 1561 3432; x_wconf 88' lang='lat' dir='ltr'><strong>maiorum</strong></span> <span class='ocrx_word' id='word_1_239' title='bbox 1593 3387 1698 3451; x_wconf 85' lang='lat' dir='ltr'><strong>grana·</strong></span> 
     </span>
     <span class='ocr_line' id='line_1_30' title="bbox 367 3485 658 3544; baseline 0.014 -5"><span class='ocrx_word' id='word_1_240' title='bbox 367 3485 469 3540; x_wconf 89' lang='lat' dir='ltr'><strong>torum</strong></span> <span class='ocrx_word' id='word_1_241' title='bbox 493 3488 525 3543; x_wconf 86' lang='lat' dir='ltr'><strong>et</strong></span> <span class='ocrx_word' id='word_1_242' title='bbox 547 3489 658 3544; x_wconf 90' lang='lat' dir='ltr'><strong>cetera.</strong></span> 
     </span>
    </p>

    <p class='ocr_par' dir='ltr' id='par_1_16' title="bbox 367 3585 1741 3889">
     <span class='ocr_line' id='line_1_31' title="bbox 458 3585 1700 3669; baseline -0.001 -20"><span class='ocrx_word' id='word_1_243' title='bbox 458 3585 582 3653; x_wconf 85' lang='lat' dir='ltr'><strong>liiiseret</strong></span> <span class='ocrx_word' id='word_1_244' title='bbox 601 3609 648 3653; x_wconf 90' lang='lat' dir='ltr'><strong>me</strong></span> <span class='ocrx_word' id='word_1_245' title='bbox 664 3593 745 3653; x_wconf 91' lang='lat' dir='ltr'><strong>senis</strong></span> <span class='ocrx_word' id='word_1_246' title='bbox 760 3599 791 3652; x_wconf 91' lang='lat' dir='ltr'><strong>et</strong></span> <span class='ocrx_word' id='word_1_247' title='bbox 810 3592 957 3652; x_wconf 90' lang='lat' dir='ltr'><strong>misereor</strong></span> <span class='ocrx_word' id='word_1_248' title='bbox 972 3591 1054 3651; x_wconf 88' lang='lat' dir='ltr'><strong>senis</strong></span> <span class='ocrx_word' id='word_1_249' title='bbox 1070 3597 1101 3652; x_wconf 91' lang='lat' dir='ltr'><strong>et</strong></span> <span class='ocrx_word' id='word_1_250' title='bbox 1115 3590 1244 3650; x_wconf 86' lang='lat' dir='ltr'><strong>miseror</strong></span> <span class='ocrx_word' id='word_1_251' title='bbox 1258 3605 1370 3650; x_wconf 87' lang='lat' dir='ltr'><strong>senem</strong></span> <span class='ocrx_word' id='word_1_252' title='bbox 1397 3589 1540 3650; x_wconf 85' lang='lat' dir='ltr'><strong>misertus</strong></span> <span class='ocrx_word' id='word_1_253' title='bbox 1554 3589 1700 3669; x_wconf 89' lang='lat' dir='ltr'><strong>pauperis</strong></span> 
     </span>
     <span class='ocr_line' id='line_1_32' title="bbox 367 3697 1741 3782; baseline -0.003 -26"><span class='ocrx_word' id='word_1_254' title='bbox 367 3714 424 3777; x_wconf 88' lang='lat' dir='ltr'><strong>per</strong></span> <span class='ocrx_word' id='word_1_255' title='bbox 441 3700 628 3782; x_wconf 87' lang='lat' dir='ltr'><strong>genetivum,</strong></span> <span class='ocrx_word' id='word_1_256' title='bbox 649 3701 809 3762; x_wconf 88' lang='lat' dir='ltr'><strong>miseratus</strong></span> <span class='ocrx_word' id='word_1_257' title='bbox 828 3716 992 3782; x_wconf 87' lang='lat' dir='ltr'><strong>pauperem</strong></span> <span class='ocrx_word' id='word_1_258' title='bbox 1012 3715 1068 3780; x_wconf 92' lang='lat' dir='ltr'><strong>per</strong></span> <span class='ocrx_word' id='word_1_259' title='bbox 1087 3699 1300 3760; x_wconf 87' lang='lat' dir='ltr'><strong>accusativum.</strong></span> <span class='ocrx_word' id='word_1_260' title='bbox 1333 3697 1481 3759; x_wconf 87' lang='lat' dir='ltr'><strong>misereor</strong></span> <span class='ocrx_word' id='word_1_261' title='bbox 1500 3703 1604 3758; x_wconf 90' lang='lat' dir='ltr'><strong>autem</strong></span> <span class='ocrx_word' id='word_1_262' title='bbox 1619 3713 1701 3758; x_wconf 87' lang='lat' dir='ltr'><strong>com·</strong></span> <span class='ocrx_word' id='word_1_263' title='bbox 1715 3711 1741 3752; x_wconf 84' lang='lat' dir='ltr'><strong>so</strong></span> 
     </span>
     <span class='ocr_line' id='line_1_33' title="bbox 368 3797 1306 3889; baseline 0.004 -25"><span class='ocrx_word' id='word_1_264' title='bbox 368 3804 467 3884; x_wconf 85' lang='lat' dir='ltr'><strong>patior</strong></span> <span class='ocrx_word' id='word_1_265' title='bbox 491 3807 647 3888; x_wconf 83' lang='lat' dir='ltr'><strong>significat.</strong></span> <span class='ocrx_word' id='word_1_266' title='bbox 686 3808 816 3889; x_wconf 90' lang='lat' dir='ltr'><strong>denique</strong></span> <span class='ocrx_word' id='word_1_267' title='bbox 841 3825 949 3889; x_wconf 90' lang='lat' dir='ltr'><strong>graece</strong></span> <span class='ocrx_word' id='word_1_268' title='bbox 973 3805 1086 3868; x_wconf 87' lang='lat' dir='ltr'><strong>dicitur</strong></span> <span class='ocrx_word' id='word_1_269' title='bbox 1109 3797 1306 3887; x_wconf 80' lang='grc' dir='ltr'><em>συμπάσχω.</em></span> 
     </span>
    </p>

    <p class='ocr_par' dir='ltr' id='par_1_17' title="bbox 459 3911 1439 3996">
     <span class='ocr_line' id='line_1_34' title="bbox 459 3911 1439 3996; baseline 0 -21"><span class='ocrx_word' id='word_1_270' title='bbox 459 3913 561 3976; x_wconf 91' lang='lat' dir='ltr'><strong>blereo</strong></span> <span class='ocrx_word' id='word_1_271' title='bbox 585 3915 732 3979; x_wconf 87' lang='lat' dir='ltr'><strong>bonorem</strong></span> <span class='ocrx_word' id='word_1_272' title='bbox 755 3925 786 3978; x_wconf 90' lang='lat' dir='ltr'><strong>et</strong></span> <span class='ocrx_word' id='word_1_273' title='bbox 809 3933 938 3996; x_wconf 87' lang='lat' dir='ltr'><strong>mereor,</strong></span> <span class='ocrx_word' id='word_1_274' title='bbox 962 3923 993 3976; x_wconf 93' lang='lat' dir='ltr'><strong>et</strong></span> <span class='ocrx_word' id='word_1_275' title='bbox 1016 3912 1102 3975; x_wconf 86' lang='lat' dir='ltr'><strong>miles</strong></span> <span class='ocrx_word' id='word_1_276' title='bbox 1127 3922 1223 3975; x_wconf 91' lang='lat' dir='ltr'><strong>meret</strong></span> <span class='ocrx_word' id='word_1_277' title='bbox 1247 3911 1439 3995; x_wconf 83' lang='lat' dir='ltr'><strong>stipendium</strong></span> 
     </span>
    </p>

    <p class='ocr_par' dir='ltr' id='par_1_18' title="bbox 459 4018 1319 4098">
     <span class='ocr_line' id='line_1_35' title="bbox 459 4018 1319 4098; baseline -0.001 -14"><span class='ocrx_word' id='word_1_278' title='bbox 459 4021 583 4085; x_wconf 85' lang='lat' dir='ltr'><strong>Memini</strong></span> <span class='ocrx_word' id='word_1_279' title='bbox 606 4034 638 4086; x_wconf 90' lang='lat' dir='ltr'><strong>et</strong></span> <span class='ocrx_word' id='word_1_280' title='bbox 660 4041 777 4086; x_wconf 90' lang='lat' dir='ltr'><strong>memor</strong></span> <span class='ocrx_word' id='word_1_281' title='bbox 800 4041 868 4084; x_wconf 91' lang='lat' dir='ltr'><strong>snm</strong></span> <span class='ocrx_word' id='word_1_282' title='bbox 890 4021 1015 4084; x_wconf 87' lang='lat' dir='ltr'><strong>honoris</strong></span> <span class='ocrx_word' id='word_1_283' title='bbox 1039 4029 1071 4082; x_wconf 90' lang='lat' dir='ltr'><strong>et</strong></span> <span class='ocrx_word' id='word_1_284' title='bbox 1093 4018 1250 4083; x_wconf 89' lang='lat' dir='ltr'><strong>honorem.</strong></span> <span class='ocrx_word' id='word_1_285' title='bbox 1314 4085 1319 4098; x_wconf 74' lang='grc'>,</span> 
     </span>
    </p>

    <p class='ocr_par' dir='ltr' id='par_1_19' title="bbox 460 4127 1464 4212">
     <span class='ocr_line' id='line_1_36' title="bbox 460 4127 1464 4212; baseline 0 -20"><span class='ocrx_word' id='word_1_286' title='bbox 460 4129 608 4194; x_wconf 87' lang='lat' dir='ltr'><strong>biaritima</strong></span> <span class='ocrx_word' id='word_1_287' title='bbox 632 4141 704 4194; x_wconf 92' lang='lat' dir='ltr'><strong>sunt</strong></span> <span class='ocrx_word' id='word_1_288' title='bbox 728 4130 793 4194; x_wconf 87' lang='lat' dir='ltr'><strong>inca</strong></span> <span class='ocrx_word' id='word_1_289' title='bbox 816 4132 893 4194; x_wconf 88' lang='lat' dir='ltr'><strong>mari</strong></span> <span class='ocrx_word' id='word_1_290' title='bbox 916 4131 1027 4212; x_wconf 89' lang='lat' dir='ltr'><strong>vicina,</strong></span> <span class='ocrx_word' id='word_1_291' title='bbox 1052 4131 1166 4190; x_wconf 89' lang='lat' dir='ltr'><strong>marina</strong></span> <span class='ocrx_word' id='word_1_292' title='bbox 1191 4131 1275 4192; x_wconf 89' lang='lat' dir='ltr'><strong>navis</strong></span> <span class='ocrx_word' id='word_1_293' title='bbox 1298 4128 1345 4191; x_wconf 90' lang='lat' dir='ltr'><strong>vel</strong></span> <span class='ocrx_word' id='word_1_294' title='bbox 1368 4127 1464 4192; x_wconf 76' lang='lat' dir='ltr'><strong>belua.</strong></span> 
     </span>
    </p>
   </div>
   <div class='ocr_carea' id='block_1_3' title="bbox 371 4328 1706 4982">
    <p class='ocr_par' dir='ltr' id='par_1_20' title="bbox 371 4328 1706 4982">
     <span class='ocr_line' id='line_1_37' title="bbox 462 4328 1704 4407; baseline -0.006 -16"><span class='ocrx_word' id='word_1_295' title='bbox 462 4340 478 4391; x_wconf 89' lang='lat' dir='ltr'><strong>e</strong></span> <span class='ocrx_word' id='word_1_296' title='bbox 501 4335 661 4407; x_wconf 82' lang='lat' dir='ltr'><strong>genitinum</strong></span> <span class='ocrx_word' id='word_1_297' title='bbox 685 4333 837 4407; x_wconf 82' lang='lat' dir='ltr'><strong>singularis</strong></span> <span class='ocrx_word' id='word_1_298' title='bbox 860 4330 971 4388; x_wconf 87' lang='lat' dir='ltr'><strong>numeri</strong></span> <span class='ocrx_word' id='word_1_299' title='bbox 993 4329 1024 4386; x_wconf 88' lang='lat' dir='ltr'><strong>in</strong></span> <span class='ocrx_word' id='word_1_300' title='bbox 1046 4328 1057 4384; x_wconf 87' lang='lat' dir='ltr'><strong>i</strong></span> <span class='ocrx_word' id='word_1_301' title='bbox 1083 4330 1228 4402; x_wconf 86' lang='lat' dir='ltr'><strong>duplicem</strong></span> <span class='ocrx_word' id='word_1_302' title='bbox 1255 4331 1374 4388; x_wconf 81' lang='lat' dir='ltr'><strong>mittunt</strong></span> <span class='ocrx_word' id='word_1_303' title='bbox 1397 4329 1446 4390; x_wconf 75' lang='lat' dir='ltr'><strong>La</strong></span> <span class='ocrx_word' id='word_1_304' title='bbox 1473 4331 1581 4388; x_wconf 72' lang='lat' dir='ltr'><strong>missis</strong></span> <span class='ocrx_word' id='word_1_305' title='bbox 1604 4329 1704 4385; x_wconf 66' lang='lat' dir='ltr'><strong>Made</strong></span> 
     </span>
     <span class='ocr_line' id='line_1_38' title="bbox 371 4409 1706 4489; baseline -0.006 -17"><span class='ocrx_word' id='word_1_306' title='bbox 371 4417 502 4488; x_wconf 69' lang='lat' dir='ltr'><strong>exceptis</strong></span> <span class='ocrx_word' id='word_1_307' title='bbox 520 4419 688 4475; x_wconf 58' lang='lat' dir='ltr'><strong>watinensi</strong></span> <span class='ocrx_word' id='word_1_308' title='bbox 700 4417 828 4489; x_wconf 77' lang='lat' dir='ltr'><strong>plenalia</strong></span> <span class='ocrx_word' id='word_1_309' title='bbox 908 4421 924 4470; x_wconf 89' lang='lat'><strong>8</strong></span> <span class='ocrx_word' id='word_1_310' title='bbox 944 4414 985 4471; x_wconf 87' lang='lat' dir='ltr'><strong>sic</strong></span> <span class='ocrx_word' id='word_1_311' title='bbox 1003 4413 1077 4470; x_wconf 89' lang='lat' dir='ltr'><strong>fliius</strong></span> <span class='ocrx_word' id='word_1_312' title='bbox 1099 4413 1137 4469; x_wconf 83' lang='lat' dir='ltr'><strong><em>M</em></strong></span> <span class='ocrx_word' id='word_1_313' title='bbox 1215 4411 1426 4484; x_wconf 81' lang='lat' dir='ltr'><strong>tvocaiivum]</strong></span> <span class='ocrx_word' id='word_1_314' title='bbox 1445 4409 1655 4468; x_wconf 82' lang='lat' dir='ltr'><strong>nominetiuam</strong></span> <span class='ocrx_word' id='word_1_315' title='bbox 1677 4409 1706 4464; x_wconf 90' lang='lat' dir='ltr'><strong><em>P</em></strong></span> 
     </span>
     <span class='ocr_line' id='line_1_39' title="bbox 409 4489 1704 4566; baseline -0.007 -12"><span class='ocrx_word' id='word_1_316' title='bbox 409 4505 444 4554; x_wconf 86' lang='lat'><strong>10</strong></span> <span class='ocrx_word' id='word_1_317' title='bbox 462 4499 620 4556; x_wconf 71' lang='lat' dir='ltr'><strong>nouatum</strong></span> <span class='ocrx_word' id='word_1_318' title='bbox 633 4515 701 4557; x_wconf 84' lang='lat' dir='ltr'><strong>uero</strong></span> <span class='ocrx_word' id='word_1_319' title='bbox 716 4515 783 4557; x_wconf 80' lang='lat' dir='ltr'><strong>nene</strong></span> <span class='ocrx_word' id='word_1_320' title='bbox 802 4497 832 4553; x_wconf 89' lang='lat' dir='ltr'><strong><em>P</em></strong></span> <span class='ocrx_word' id='word_1_321' title='bbox 883 4502 917 4552; x_wconf 76' lang='lat' dir='ltr'><strong>tt</strong></span> <span class='ocrx_word' id='word_1_322' title='bbox 936 4494 967 4551; x_wconf 88' lang='lat' dir='ltr'><strong>in</strong></span> <span class='ocrx_word' id='word_1_323' title='bbox 983 4493 1072 4550; x_wconf 80' lang='lat' dir='ltr'><strong>latine</strong></span> <span class='ocrx_word' id='word_1_324' title='bbox 1087 4494 1116 4549; x_wconf 89' lang='lat' dir='ltr'><em>P</em></span> <span class='ocrx_word' id='word_1_325' title='bbox 1166 4493 1196 4549; x_wconf 89' lang='lat' dir='ltr'><strong>in</strong></span> <span class='ocrx_word' id='word_1_326' title='bbox 1215 4509 1317 4565; x_wconf 83' lang='lat' dir='ltr'><strong>graece</strong></span> <span class='ocrx_word' id='word_1_327' title='bbox 1332 4491 1423 4564; x_wconf 84' lang='lat' dir='ltr'><strong>peris</strong></span> <span class='ocrx_word' id='word_1_328' title='bbox 1440 4491 1469 4546; x_wconf 89' lang='lat' dir='ltr'><em>P</em></span> <span class='ocrx_word' id='word_1_329' title='bbox 1523 4497 1557 4547; x_wconf 82' lang='lat'><strong>14</strong></span> <span class='ocrx_word' id='word_1_330' title='bbox 1571 4489 1662 4566; x_wconf 79' lang='lat' dir='ltr'><strong>lqium</strong></span> <span class='ocrx_word' id='word_1_331' title='bbox 1677 4490 1704 4545; x_wconf 83' lang='lat' dir='ltr'><strong>L</strong></span> 
     </span>
     <span class='ocr_line' id='line_1_40' title="bbox 372 4570 1703 4639; baseline -0.008 -3"><span class='ocrx_word' id='word_1_332' title='bbox 372 4580 479 4638; x_wconf 85' lang='lat' dir='ltr'><strong>loetum</strong></span> <span class='ocrx_word' id='word_1_333' title='bbox 501 4583 540 4638; x_wconf 80' lang='grc' dir='ltr'>Μ</span> <span class='ocrx_word' id='word_1_334' title='bbox 554 4583 647 4639; x_wconf 84' lang='lat' dir='ltr'><strong>letam</strong></span> <span class='ocrx_word' id='word_1_335' title='bbox 667 4579 697 4636; x_wconf 88' lang='lat' dir='ltr'><strong><em>P</em></strong></span> <span class='ocrx_word' id='word_1_336' title='bbox 784 4586 816 4636; x_wconf 81' lang='lat'><strong>15</strong></span> <span class='ocrx_word' id='word_1_337' title='bbox 836 4581 866 4636; x_wconf 84' lang='lat' dir='ltr'><strong>et</strong></span> <span class='ocrx_word' id='word_1_338' title='bbox 883 4577 1011 4636; x_wconf 84' lang='lat' dir='ltr'><strong>latebrae</strong></span> <span class='ocrx_word' id='word_1_339' title='bbox 1031 4607 1062 4618; x_wconf 91' lang='lat'>-</span> <span class='ocrx_word' id='word_1_340' title='bbox 1083 4576 1191 4634; x_wconf 82' lang='lat' dir='ltr'><strong>habent</strong></span> <span class='ocrx_word' id='word_1_341' title='bbox 1209 4590 1260 4631; x_wconf 76' lang='lat' dir='ltr'><strong>ona</strong></span> <span class='ocrx_word' id='word_1_342' title='bbox 1282 4573 1310 4628; x_wconf 91' lang='lat' dir='ltr'><strong><em>P</em></strong></span> <span class='ocrx_word' id='word_1_343' title='bbox 1398 4578 1429 4629; x_wconf 80' lang='lat' dir='ltr'><strong>ae</strong></span> <span class='ocrx_word' id='word_1_344' title='bbox 1453 4571 1571 4630; x_wconf 81' lang='lat' dir='ltr'><strong>leuticia</strong></span> <span class='ocrx_word' id='word_1_345' title='bbox 1594 4570 1657 4628; x_wconf 88' lang='lat' dir='ltr'><strong>lena</strong></span> <span class='ocrx_word' id='word_1_346' title='bbox 1676 4571 1703 4626; x_wconf 84' lang='lat' dir='ltr'><strong>L</strong></span> 
     </span>
     <span class='ocr_line' id='line_1_41' title="bbox 373 4651 1703 4720; baseline -0.003 -4"><span class='ocrx_word' id='word_1_347' title='bbox 373 4661 457 4719; x_wconf 78' lang='lat' dir='ltr'><strong>lentis</strong></span> <span class='ocrx_word' id='word_1_348' title='bbox 476 4663 567 4720; x_wconf 86' lang='lat' dir='ltr'><strong>lalene</strong></span> <span class='ocrx_word' id='word_1_349' title='bbox 588 4664 626 4720; x_wconf 83' lang='grc' dir='ltr'><em>Μ</em></span> <span class='ocrx_word' id='word_1_350' title='bbox 679 4668 714 4719; x_wconf 79' lang='lat' dir='ltr'><strong>tu</strong></span> <span class='ocrx_word' id='word_1_351' title='bbox 733 4661 839 4719; x_wconf 84' lang='lat' dir='ltr'><strong>liberor</strong></span> <span class='ocrx_word' id='word_1_352' title='bbox 860 4659 993 4717; x_wconf 84' lang='lat' dir='ltr'><strong>molestia</strong></span> <span class='ocrx_word' id='word_1_353' title='bbox 1009 4661 1048 4716; x_wconf 85' lang='lat' dir='ltr'><strong><em>M</em></strong></span> <span class='ocrx_word' id='word_1_354' title='bbox 1064 4661 1154 4716; x_wconf 87' lang='lat' dir='ltr'><strong>libero</strong></span> <span class='ocrx_word' id='word_1_355' title='bbox 1168 4655 1303 4716; x_wconf 83' lang='lat' dir='ltr'><strong>molestia</strong></span> <span class='ocrx_word' id='word_1_356' title='bbox 1319 4656 1347 4714; x_wconf 90' lang='lat' dir='ltr'><strong><em>P</em></strong></span> <span class='ocrx_word' id='word_1_357' title='bbox 1363 4653 1454 4710; x_wconf 86' lang='lat' dir='ltr'><strong>libero</strong></span> <span class='ocrx_word' id='word_1_358' title='bbox 1473 4651 1636 4710; x_wconf 82' lang='lat' dir='ltr'><strong>emolesin&#39;a</strong></span> <span class='ocrx_word' id='word_1_359' title='bbox 1655 4651 1703 4712; x_wconf 67' lang='lat' dir='ltr'><strong>Le</strong></span> 
     </span>
     <span class='ocr_line' id='line_1_42' title="bbox 427 4733 1702 4818; baseline -0.009 -18"><span class='ocrx_word' id='word_1_360' title='bbox 427 4750 461 4800; x_wconf 75' lang='lat' dir='ltr'><strong>ti</strong></span> <span class='ocrx_word' id='word_1_361' title='bbox 487 4743 569 4818; x_wconf 89' lang='lat' dir='ltr'><strong>linui]</strong></span> <span class='ocrx_word' id='word_1_362' title='bbox 593 4744 672 4802; x_wconf 86' lang='lat' dir='ltr'><strong>lenui</strong></span> <span class='ocrx_word' id='word_1_363' title='bbox 695 4745 724 4801; x_wconf 91' lang='lat' dir='ltr'><strong><em>P</em></strong></span> <span class='ocrx_word' id='word_1_364' title='bbox 799 4751 833 4802; x_wconf 82' lang='lat' dir='ltr'><strong>ee</strong></span> <span class='ocrx_word' id='word_1_365' title='bbox 859 4740 966 4801; x_wconf 83' lang='lat' dir='ltr'><strong>inauris</strong></span> <span class='ocrx_word' id='word_1_366' title='bbox 989 4741 1039 4801; x_wconf 71' lang='lat' dir='ltr'><strong>aL</strong></span> <span class='ocrx_word' id='word_1_367' title='bbox 1119 4747 1154 4796; x_wconf 81' lang='lat' dir='ltr'><strong>aa</strong></span> <span class='ocrx_word' id='word_1_368' title='bbox 1181 4739 1308 4812; x_wconf 84' lang='lat' dir='ltr'><strong>Miseret]</strong></span> <span class='ocrx_word' id='word_1_369' title='bbox 1332 4736 1450 4794; x_wconf 77' lang='lat' dir='ltr'><strong>miseret</strong></span> <span class='ocrx_word' id='word_1_370' title='bbox 1472 4735 1502 4791; x_wconf 88' lang='lat' dir='ltr'><strong><em>P</em></strong></span> <span class='ocrx_word' id='word_1_371' title='bbox 1570 4733 1702 4805; x_wconf 76' lang='lat' dir='ltr'><strong>miseros]</strong></span> 
     </span>
     <span class='ocr_line' id='line_1_43' title="bbox 373 4813 1705 4899; baseline -0.009 -16"><span class='ocrx_word' id='word_1_372' title='bbox 373 4825 509 4883; x_wconf 84' lang='lat' dir='ltr'><strong>misereor</strong></span> <span class='ocrx_word' id='word_1_373' title='bbox 524 4825 596 4882; x_wconf 86' lang='lat' dir='ltr'><strong><em>PM</em></strong></span> <span class='ocrx_word' id='word_1_374' title='bbox 600 4826 626 4882; x_wconf 83' lang='lat' dir='ltr'><strong>L</strong></span> <span class='ocrx_word' id='word_1_375' title='bbox 682 4832 717 4883; x_wconf 77' lang='lat'><strong>³0</strong></span> <span class='ocrx_word' id='word_1_376' title='bbox 731 4825 895 4899; x_wconf 70' lang='lat' dir='ltr'><strong>mmeratae]</strong></span> <span class='ocrx_word' id='word_1_377' title='bbox 911 4823 1043 4880; x_wconf 83' lang='lat' dir='ltr'><strong>miserius</strong></span> <span class='ocrx_word' id='word_1_378' title='bbox 1061 4822 1089 4877; x_wconf 90' lang='lat' dir='ltr'><strong><em>P</em></strong></span> <span class='ocrx_word' id='word_1_379' title='bbox 1138 4815 1421 4877; x_wconf 74' lang='lat' dir='ltr'><strong>misererentemsL</strong></span> <span class='ocrx_word' id='word_1_380' title='bbox 1473 4813 1705 4887; x_wconf 86' lang='lat' dir='ltr'><strong>comparatian</strong></span> 
     </span>
     <span class='ocr_line' id='line_1_44' title="bbox 429 4907 781 4982; baseline 0.003 -19"><span class='ocrx_word' id='word_1_381' title='bbox 429 4911 464 4963; x_wconf 78' lang='lat' dir='ltr'><strong>itt</strong></span> <span class='ocrx_word' id='word_1_382' title='bbox 483 4907 586 4982; x_wconf 75' lang='lat' dir='ltr'><strong>meret]</strong></span> <span class='ocrx_word' id='word_1_383' title='bbox 605 4908 677 4966; x_wconf 86' lang='lat' dir='ltr'><strong>meri</strong></span> <span class='ocrx_word' id='word_1_384' title='bbox 696 4911 725 4964; x_wconf 85' lang='lat' dir='ltr'><strong>et</strong></span> <span class='ocrx_word' id='word_1_385' title='bbox 745 4909 781 4965; x_wconf 86' lang='grc' dir='ltr'><em>Μ</em></span> 
     </span>
    </p>
   </div>
   <div class='ocr_carea' id='block_1_4' title="bbox 0 0 1830 5482">
    <p class='ocr_par' dir='ltr' id='par_1_21' title="bbox 0 0 1830 5482">
     <span class='ocr_line' id='line_1_45' title="bbox 0 0 1830 5482; baseline 0 0"><span class='ocrx_word' id='word_1_386' title='bbox 0 0 1830 5482; x_wconf 95' lang='lat' dir='ltr'><strong> </strong></span> 
     </span>
    </p>
   </div>
  </div>
 </body>
</html>
