3616 5482
584 301 634 359 nu
654 299 952 361 cereostatarum
1312 266 1315 270 ’
1371 296 1435 364 131

93 493 248 558 diversam
268 513 285 556 a
305 491 420 574 uulgari
440 490 660 555 consuetudine
680 489 912 554 declinationem
932 489 1089 551 nominum
1109 497 1248 552 elusum
1269 507 1302 550 ac
1322 488 1436 571 signill-

93 607 247 667 cationem
268 590 483 664 vocabulorum
502 608 667 664 notaverat.
702 599 739 663 de
759 607 856 663 aetate
876 600 942 661 eius
961 607 992 661 et
1010 606 1136 680 propter
1156 599 1303 662 rationem
1323 597 1436 661 studio·

93 721 217 776 romei
239 719 367 793 propter
385 708 639 793 reprehensiones
665 709 945 792 grammaticorum,
969 724 1046 789 quos
1066 715 1149 770 certe
1169 725 1230 770 111
1251 707 1345 770 mulio
1368 715 1438 789 post

92 823 206 884 vixisse
236 827 475 882 consentaneum
504 829 566 904 est,
594 817 759 900 probabilis
787 826 836 880 est
865 818 967 899 opinio
997 834 1067 880 eum
1090 815 1235 880 Hadriani
1265 816 1328 880 lere
1362 826 1436 878 tem·
1522 799 1525 806 ¹

94 926 224 1011 poribus
243 925 291 990 rel
310 945 371 989 non
391 925 485 990 mulio
505 927 677 1008 antiquiore
704 935 841 1008 tempore
862 927 981 990 vixisse.
1015 925 1104 1009 paulo
1124 928 1327 1009 antiquiorem
1346 927 1437 989 etiam

9 1013 10 1028 ¹
94 1037 327 1118 grammaticum
357 1036 451 1100 luisse
481 1035 585 1116 coluit,
603 1033 757 1116 Osannus,
786 1053 856 1098 cum
887 1034 969 1098 111111
998 1054 1066 1098 esse
1091 1035 1245 1100 Vindicem
1274 1037 1439 1116 coniceret,

95 1149 148 1228 qui
172 1145 286 1209 dicitur
310 1145 390 1228 apud
408 1145 575 1208 Martialem
593 1138 704 1227 11143,
722 1139 763 1206 14
784 1146 878 1206 voluit
896 1146 982 1208 docti
1007 1145 1144 1208 Vindicis
1163 1163 1229 1208 csse
1247 1147 1332 1208 deus.
1361 1141 1437 1206 111111

95 1273 169 1318 1111
197 1257 230 1318 in
258 1254 315 1318 lrac
344 1274 378 1318 re
408 1251 603 1318 tribuendum
633 1258 681 1314 est
710 1252 885 1314 testimonio
913 1252 1038 1315 arnobii
1067 1251 1131 1316 adr.
1161 1259 1241 1333 gent.
1267 1250 1278 1313 l
1307 1246 1438 1332 1111,
1535 1251 1539 1258 '

95 1369 237 1443 1111111111
261 1365 418 1444 Epicadus
445 1380 561 1440 omnes,
594 1363 771 1444 Caesellius,
803 1360 939 1440 Verrios,
969 1360 1437 1434 8111111111111111111111,

96 1493 134 1538 ex
163 1493 224 1556 quo
253 1471 418 1546 Lersclrius
446 1469 641 1554 2111111111.
671 1468 897 1532 allerthumsra
925 1487 951 1532 a.
977 1465 1065 1534 1840
1091 1489 1120 1553 p.
1148 1465 1212 1532 109
1241 1478 1272 1532 11
1299 1485 1324 1529 1.
1351 1463 1435 1532 1841

9 1601 14 1612 ·
96 1603 125 1664 p.
143 1579 247 1665 1101,
271 1592 443 1664 temporum
463 1578 607 1642 nimirum
632 1577 769 1641 ordinem
794 1579 974 1661 scriptorem
999 1580 1030 1642 in
1055 1577 1269 1642 enumerandis
1292 1594 1438 1660 gramma·

97 1694 167 1755 licis
190 1699 332 1755 secutum
351 1707 418 1752 esse
438 1697 538 1772 ratus,
560 1687 684 1751 eiticere
703 1687 798 1751 voluit
820 1695 891 1750 ante
912 1669 1051 1750 Verrium
1070 1687 1211 1751 Flaccum
1234 1686 1316 1750 11111
1340 1703 1436 1770 gram·

100 1802 247 1864 1111111111
272 1801 374 1862 luisse.

189 1908 256 1972 lino
285 1916 385 1971 autem
414 1926 526 1989 genera
549 1915 777 1990 excerptorum,
807 1924 884 1988 quae
909 1906 944 1968 ad
969 1904 1150 1970 Caesellium
1175 1903 1329 1968 Vindicem
1362 1907 1439 1968 1111·

98 2017 194 2082 renda
211 2026 298 2101 sunt,
317 2013 527 2078 Cassiodorius
546 2019 663 2100 posuit,
681 2015 810 2080 alterum
829 2035 865 2078 ex
882 2014 1028 2078 Caesellio
1043 2012 1249 2097 orthographo
1267 2012 1439 2098 collectum,

9 2195 10 2220 ,
98 2125 228 2189 alterum
257 2144 294 2188 ex
319 2120 413 2186 Lucio
437 2123 568 2188 Caecilio
592 2123 730 2217 Vindice,
759 2133 793 2187 ut
821 2125 875 2206 111,
903 2122 1092 2187 defloratum.
1131 2141 1198 2186 nam
1228 2121 1308 2204 quod
1338 2129 1438 2205 poste·

9 2235 10 2280 t
99 2237 174 2298 riori
202 2233 308 2316 generi
337 2231 474 2316 Caecilii,
503 2250 563 2294 non
588 2230 738 2315 Caesellii,
767 2249 877 2294 nomen
906 2234 1128 2314 praescriptum
1158 2240 1218 2315 est,
1247 2249 1308 2294 non
1337 2239 1439 2315 potest

9 2349 10 2362 *
99 2341 233 2406 dubitari
261 2344 335 2422 quin
366 2359 403 2403 es
432 2359 537 2404 errore
562 2340 760 2424 repetendum
790 2343 830 2404 sil
854 2339 1053 2422 Cassiodorii,
1080 2342 1133 2421 qui
1157 2358 1267 2402 nomen
1291 2359 1437 2421 gramma·

98 2453 152 2514 1111
171 2449 329 2514 inmodice
349 2467 410 2531 quo
431 2449 572 2514 utebatur
591 2458 770 2531 corruptum
790 2451 956 2514 inuenerat.
990 2448 1095 2512 eadem
1115 2450 1246 2512 nominis
1266 2448 1439 2532 corruptela

101 2567 149 2622 est
175 2557 255 2642 aptrd
280 2558 423 2622 liullcum
452 2577 560 2622 comm.
590 2561 620 2622 in
653 2567 740 2622 metr.
763 2559 887 2622 Terent
914 2577 943 2642 p.
968 2555 1044 2644 565,
1067 2554 1098 2640 3,
1128 2556 1180 2621 ubi
1206 2560 1286 2622 inter
1310 2561 1440 2640 eosqui

9 2697 10 2754 j
99 2685 275 2730 mensuram
303 2684 372 2730 esse
400 2670 431 2731 in
460 2665 569 2730 iabulis
592 2665 730 2729 Terentii
758 2676 789 2730 11
818 2666 916 2731 Plauti
946 2667 1048 2730 dicant
1076 2669 1249 2735 nominatur
1284 2669 1437 2730 Caecilius

108 2777 238 2839 Vindex.
280 2786 373 2857 atque
406 2777 496 2839 etiam
531 2793 716 2858 praenomen
744 2775 850 2860 Lucii,
878 2776 959 2858 quod
988 2774 1066 2858 apud
1098 2774 1172 2838 allos
1200 2777 1349 2858 scriptum
1378 2793 1439 2839 non

9 2881 10 2884 ’
100 2885 272 2968 invenitur,
296 2883 489 2947 Cassiodorio
508 2892 632 2946 auctore
652 2883 798 2947 Caesellio
818 2883 1014 2948 tribuendum
1033 2891 1088 2946 est
1127 2873 1263 2946 ceterum
1283 2885 1315 2947 in
1333 2887 1439 2967 paucis

102 2995 270 3076 excerptis,
293 3010 370 3075 qnae
395 2993 427 3054 11
450 2990 506 3053 hac
529 3001 615 3073 parte
635 3011 672 3055 ex
692 3010 727 3055 eo
747 2990 957 3055 Cassiodorius
981 2991 1132 3076 exhibuit,
1156 2990 1230 3055 nilril
1253 2994 1334 3057 inest
1357 2991 1437 3074 quod

9 3111 10 3140 1
102 3105 198 3167 veteri
222 3102 418 3184 grammatico
439 3098 533 3164 tribui
552 3109 691 3182 nequeat
729 3110 870 3164 auctores
890 3109 990 3164 arrtenr
1010 3103 1041 3162 in
1065 3099 1113 3164 his
1133 3119 1210 3183 quae
1229 3121 1311 3166 nunc
1333 3119 1438 3184 super·

101 3219 174 3274 sunt
196 3211 274 3274 duos
298 3211 489 3293 potissimum
513 3217 637 3272 secutus
661 3216 728 3290 est,¹
745 3207 911 3272 Varronem
935 3217 966 3271 et
990 3207 1167 3272 Cornutum.
1212 3209 1248 3272 ad
1273 3208 1438 3272 Varronem

102 3322 182 3383 enim
208 3319 310 3382 reiero
334 3337 411 3401 quae
440 3317 477 3381 de
507 3307 826 3400 genetironominum
856 3319 887 3379 in
916 3319 963 3379 ios
991 3318 1145 3379 lirritorum
1169 3319 1307 3399 apposito
1331 3317 1437 3380 Lucilii

102 3428 276 3490 testimonio
304 3427 459 3509 praecepit
486 3445 515 3508 p.
539 3421 638 3490 2318.
678 3445 736 3506 qua
765 3425 802 3486 de
827 3444 860 3486 re
885 3433 916 3488 et
940 3424 1074 3488 Scaurus
1098 3424 1218 3508 eodem,
1247 3435 1281 3488 nt
1311 3425 1439 3500 ridetur,

102 3545 227 3600 auctore
252 3553 344 3618 usus,
367 3535 491 3616 scripsit
513 3552 542 3615 p.
558 3530 602 3596 22
610 3530 659 3616 ,4
683 3543 713 3596 et
736 3533 897 3615 adscriptis
917 3529 1060 3596 Varronis
1085 3541 1116 3597 et
1134 3531 1241 3597 Lucilii
1266 3533 1439 3598 nominihus

9 3683 10 3724 ,
102 3644 257 3708 Charisius
286 3663 315 3726 p.
342 3639 394 3725 18,
417 3639 454 3724 4,
483 3643 536 3723 qui
564 3643 678 3704 rectius
702 3659 793 3723 quam
817 3640 982 3705 Caesellius
1005 3643 1187 3704 sententiam
1211 3639 1319 3707 Lucilii
1345 3645 1437 3706 iuter-

9 3731 10 3754 *
102 3759 240 3835 prelatus
264 3759 319 3813 est.
357 3748 466 3812 deinde
490 3747 528 3812 de
552 3767 622 3812 cum
646 3751 870 3833 praepositione
894 3759 925 3813 et
953 3749 1096 3813 adverbio
1127 3752 1272 3833 temporis
1296 3748 1439 3814 Varronis

102 3859 241 3922 doctrina
266 3868 297 3921 et
321 3856 486 3920 Caesellius
509 3874 538 3938 p.
558 3853 647 3921 2318
673 3866 703 3921 11
727 3857 861 3922 Scaurus
884 3879 913 3941 p.
933 3854 986 3942 28,
1006 3856 1026 3922 6
1050 3866 1083 3922 11
1105 3855 1159 3941 29,
1180 3855 1201 3922 3
1227 3857 1367 3922 videntur
1391 3860 1438 3921 usi

102 3987 178 4031 esse.
224 3966 394 4030 Cornutum
427 3973 528 4028 autem
556 3957 682 4030 'secutus
711 3974 757 4028 est
786 3965 823 4030 de
853 3967 1128 4050 praepositionibus
1159 3969 1190 4030 in
1219 3969 1437 4050 compositione

103 4075 266 4141 verborum
287 4076 411 4139 mutatis
435 4094 463 4156 p.
479 4070 567 4137 2318
594 4083 624 4136 11
646 4073 683 4137 de
708 4093 783 4138 sono
807 4093 838 4138 m
862 4075 981 4139 litterae
1000 4095 1028 4159 p.
1045 4071 1148 4139 2317:
1173 4075 1209 4138 11.
1225 4094 1289 4138 exc.
1305 4075 1438 4138 Cassiod.

102 4206 131 4268 p.
155 4181 301 4251 228511
326 4181 424 4248 2281.

193 4293 294 4360 llinus
325 4303 443 4358 certum
477 4291 623 4356 iudicium
652 4303 699 4357 est
729 4295 766 4358 de
795 4278 888 4359 altera
918 4305 1130 4378 excerptorum
1160 4302 1261 4377 parte,
1295 4311 1371 4375 quae
1400 4311 1440 4356 ex

104 4403 250 4468 Caesellio
273 4402 479 4487 orthographo
503 4399 630 4464 collecta
653 4420 722 4466 esse
751 4402 871 4468 dicitur.
915 4422 1006 4487 quam
1034 4411 1151 4484 partem
1175 4410 1206 4464 et
1230 4401 1440 4466 Cassiodorius

104 4533 139 4577 ex
166 4513 224 4577 alio
251 4512 330 4576 libro
354 4521 445 4594 atque
469 4527 536 4573 eam
566 4528 642 4592 quae
671 4513 809 4592 sequitur
837 4531 854 4575 a
883 4531 916 4576 se
945 4513 1154 4594 depromptam
1182 4529 1249 4574 esse
1282 4512 1440 4594 significat,

106 4631 135 4684 et
157 4621 195 4686 ab
218 4621 268 4686 illa
292 4621 443 4685 diversam
463 4638 531 4683 esse
555 4621 620 4702 ipsa
644 4621 720 4681 ratio
745 4632 959 4703 excerptorum
982 4620 1178 4682 demonstrat
1217 4638 1286 4683 uam
1306 4629 1340 4683 ul
1358 4620 1441 4684 nulla

9 4755 10 4794 1
105 4731 135 4792 11
168 4730 215 4794 liis
252 4731 390 4813 quamvis
416 4727 570 4812 aliquanto
600 4725 793 4792 uberioribus
822 4731 973 4811 excerptis
1007 4728 1160 4811 adscripta
1197 4736 1271 4792 suot
1303 4737 1439 4794 veterum

9 4891 10 4940 ,
106 4841 371 4920 grammaticorum
395 4836 441 4900 vel
471 4841 656 4920 scriptorum
679 4837 865 4923 testimonia,
895 4839 935 4900 ita
959 4839 1058 4900 omnia
1083 4837 1119 4900 ad
1144 4857 1234 4902 usum
1259 4841 1438 4904 recentioris
