3610 5482
204 1613 279 1682 Veiii
303 1618 398 1702 Longi
428 1619 505 1682 iiber
535 1582 571 1682 de
601 1601 814 1704 orthographia
844 1625 903 1684 uua
931 1640 1001 1685 cum
1024 1621 1091 1684 aliis
1115 1621 1276 1686 latinorum
1300 1642 1446 1705 gramma·

114 1730 243 1790 ticorum
275 1727 361 1790 libris
397 1747 422 1792 a.
454 1725 541 1792 1493
569 1727 656 1792 Bobii
684 1729 826 1794 inventus
855 1740 914 1814 εει,
948 1733 1028 1793 sicut
1058 1729 1120 1793 dixi
1147 1750 1271 1812 gramm.
1300 1732 1350 1796 iat.
1379 1753 1404 1796 v.
1433 1733 1446 1796 1
1531 1821 1534 1828 .

113 1855 140 1917 p.
160 1835 224 1898 Viil
250 1846 281 1900 et
303 1856 329 1898 r.
350 1835 386 1898 Vl
410 1857 438 1918 p.
459 1834 534 1901 245.
573 1836 776 1902 cr.Bobicnsi
800 1849 901 1902 autern
925 1838 1030 1934 codice
1051 1839 1097 1902 vei
1121 1858 1156 1902 ox
1182 1840 1353 1922 apographo
1377 1843 1444 1904 eius

113 1947 215 2025 paucis
245 1948 331 2008 annis
359 1955 429 2028 post
456 1947 613 2010 inventum
642 1945 753 2009 librum
782 1933 954 2029 descriptus
985 1957 1032 2010 est
1054 1947 1160 2012 ¹codex
1194 1951 1246 2030 qui
1280 1948 1350 2011 oiim
1381 1950 1446 2013 lani
1562 1934 1566 1944 ’

79 2137 83 2144 ⁸
113 2051 263 2115 Parrhasii
283 2055 352 2137 iuit,
372 2072 453 2116 nunc
473 2053 735 2136 Neapolitanus
759 2064 806 2117 εει
825 2035 1023 2118 ὴίὴΙὶοιῚιεεεε
1043 2059 1143 2144 regiae
1158 2056 1241 2144 ΙΝΑ
1266 2055 1316 2140 ll,
1334 2061 1365 2120 in
1386 2079 1447 2140 quo

114 2181 181 2224 cum
214 2161 281 2224 aliis
308 2164 512 2242 grammaticis
540 2160 626 2225 Bobii
655 2164 784 2226 inventis
813 2161 907 2244 Longi
936 2162 1013 2226 liber
1042 2167 1174 2247 scriptus
1204 2175 1251 2228 cst
1280 2165 1299 2228 i.
1327 2165 1446 2250 1-13,

121 2272 195 2334 i'eiii
217 2272 320 2348 Longi
342 2273 381 2333 dc
404 2273 630 2349 orthographia
656 2273 871 2334 Necessarium
888 2305 927 2315 -
946 2271 1041 2350 foedi.
1079 2274 1144 2336 Veli
1161 2274 1262 2352 Lorrpt'
1285 2278 1323 2338 de
1342 2278 1444 2338 ortdo-

110 2381 247 2458 grcpbr'a
271 2379 365 2442 Liber
389 2383 469 2458 cepi.
490 2378 655 2456 foeliciter.
694 2377 847 2442 Parrhasii
866 2381 937 2442 olim
956 2382 1049 2444 iuisse
1070 2381 1205 2445 codicem
1226 2391 1356 2446 testatur
1375 2383 1444 2445 sub·

113 2490 236 2570 scriptio
255 2489 287 2550 in
307 2488 365 2549 iius
385 2486 499 2550 codicis
518 2489 626 2570 posita,
650 2482 784 2550 ‘Antonii
805 2488 963 2570 Seripundi
983 2509 1019 2552 ex
1039 2489 1101 2552 lani
1122 2489 1274 2554 Parrhasii
1293 2487 1441 2554 munere’.

113 2595 205 2676 Longi
235 2593 346 2657 librum
376 2597 408 2657 in
438 2613 539 2658 meum
569 2614 657 2657 usunr
686 2614 756 2658 cum
785 2595 922 2659 Putscbii
950 2597 1081 2660 editione
1111 2599 1239 2662 contulit
1264 2600 1440 2664 Stenderus¹

113 2707 142 2766 iu
169 2703 227 2766 hoc
257 2702 350 2766 multa
378 2723 455 2784 qrrao
483 2722 500 2765 a
529 2703 651 2766 librario
681 2713 854 2778 nonrecte
883 2707 995 2787 scripta
1020 2706 1066 2769 vel
1090 2709 1200 2770 omissa
1224 2719 1312 2771 erant
1336 2717 1440 2790 postea

114 2812 166 2874 alia
194 2829 286 2874 manu
314 2789 448 2874 adhibito
477 2811 639 2895 archetypo
669 2821 806 2876 correcta
836 2821 914 2876 suut.
958 2823 1115 2896 practerea
1145 2818 1177 2877 in
1209 2818 1305 2899 prima
1336 2818 1469 2900 pagina,

114 2921 256 3002 prraedam
282 2923 323 3007 ,in
356 2921 489 3002 margine
516 2919 688 3002 adscripta,
718 2938 813 3001 pauca
848 2924 938 2983 etiam
965 2923 998 2982 iu
1027 2924 1100 3003 ipsis
1131 2922 1229 2986 verbis
1257 2927 1445 3006 grammatici

98 3041 248 3102 ,correcta
283 3038 368 3112 suut,
396 3047 472 3110 quae
501 3027 618 3090 diversa
647 3026 683 3090 ab
708 3027 758 3090 iiio
782 3038 956 3091 correctore
989 3047 1079 3092 manu
1112 3033 1225 3113 scripta
1258 3051 1324 3096 esse
1351 3035 1438 3098 Sten·
1494 3107 1498 3120 ⁸

113 3139 203 3202 dorus
232 3137 306 3201 mihi
334 3119 504 3203 indicavit.
527 3155 561 3198 ox
588 3115 647 3198 ¹hoc
677 3135 794 3220 codice,
831 3147 1038 3220 postquami!
1065 3150 1239 3202 correctore
1268 3141 1444 3206 emendatus

114 3257 184 3330 orat,
207 3257 274 3311 tum
297 3265 366 3310 cum
391 3265 426 3308 ea
451 3264 527 3327 quac
552 3255 655 3327 postea
675 3249 821 3328 inprims
840 3249 948 3328 pagina
968 3257 1106 3311 correcta
1125 3268 1191 3312 εεεε
1212 3249 1274 3312 dixi
1293 3249 1444 3331 adscripta

114 3357 246 3420 nondum
275 3365 376 3438 erant,
399 3353 597 3416 Vaticanus
622 3350 739 3438 3402,
763 3358 815 3436 qui
844 3356 925 3418 obm-
941 3357 1037 3419 Fulvii
1057 3357 1156 3420 Vrsini
1181 3359 1247 3442 fuit,
1272 3359 1444 3441 descriptus

115 3476 173 3547 εει,
195 3465 215 3528 i.
234 3463 249 3527 l
267 3482 332 3546 sqq.
365 3463 442 3525 Vero·
464 3463 565 3540 Lorrpr‘
589 3465 635 3533 de,
656 3465 888 3543 Ortbogrcmbr'u
912 3467 1128 3528 Necessarium
1146 3499 1185 3509 -
1207 3466 1303 3545 foedi.
1336 3467 1389 3530 sed
1415 3469 1445 3530 iu
1488 3545 1492 3555 Ι

115 3575 174 3637 boc
192 3593 283 3656 saepe
302 3572 493 3635 Parrbasiani
513 3570 627 3658 codicis
649 3575 798 3654 scriptura
818 3583 962 3654 corrupta
983 3585 1037 3655 est,
1053 3593 1113 3636 uon
1134 3574 1213 3637 nulia
1233 3579 1324 3640 etiam
1343 3576 1443 3657 negle-

113 3686 211 3764 gentia
235 3679 389 3744 scribendi
413 3683 523 3741 omissa
546 3689 627 3742 sunt.
665 3680 820 3750 meliorem
844 3681 1005 3744 lectionem
1026 3684 1072 3743 rix
1093 3701 1153 3746 trno
1179 3682 1224 3746 vei
1248 3685 1343 3748 altero
1368 3684 1444 3767 loco,

114 3791 164 3854 ubi
187 3790 368 3852 manifestus
397 3805 484 3849 error
507 3789 587 3850 intur
616 3783 809 3852 scribendum
835 3790 920 3852 iacile
945 3793 1057 3872 corrigi
1081 3801 1213 3877 poterat,
1240 3793 1375 3876 praebet.
1412 3795 1464 3856 iu·

113 3896 299 3980 marginibus
328 3895 383 3958 alia
412 3913 502 3958 manu
531 3915 591 3959 non
608 3897 718 3960 'nullae
748 3898 974 3962 emendationes
1003 3899 1171 3982 adscriptae
1201 3911 1280 3964 suut.
1328 3901 1380 3964 scd
1412 3903 1444 3964 iu

112 4006 157 4070 his
188 4022 311 4088 quoque
342 4003 416 4066 nihil
450 4023 485 4067 ex
517 4004 641 4068 meliore
672 4005 776 4069 codice
807 4008 937 4088 petitum
969 4015 1030 4089 εει,
1059 4008 1112 4070 sed
1141 4011 1315 4072 coniectura
1344 4012 1443 4072 omnia

112 4117 231 4180 inventa
252 4121 332 4177 sunt.
355 4131 407 4192 ¹ox
427 4110 527 4176 Vrsini
551 4113 654 4177 codice
679 4114 851 4198 descriptus
875 4125 922 4178 est
945 4116 1022 4180 alius
1047 4115 1247 4180 Vaticanus
1271 4115 1388 4202 5216,
1412 4121 1443 4182 iu

40 4269 43 4276 ,
114 4244 171 4306 rpm
190 4228 258 4306 ipso
278 4241 399 4305 quoquc
420 4220 513 4284 multa
532 4241 586 4304 per
607 4231 703 4286 totum
723 4221 833 4286 librum
854 4222 910 4286 alia
930 4243 1020 4288 manu
1038 4235 1177 4292 correcta
1196 4235 1276 4289 sunt.
1307 4225 1442 4309 Neapoli·

115 4345 215 4397 tanum
247 4331 383 4394 codicem
414 4330 576 4412 descripsit
606 4332 768 4396 ianneiiius
799 4333 922 4415 catalog.
955 4333 1091 4396 biblioth.
1121 4332 1169 4395 iat.
1198 4335 1230 4396 in
1261 4355 1322 4416 reg.
1352 4335 1443 4418 Neap.

116 4460 189 4504 mus.
217 4439 348 4503 Borbon.
376 4458 405 4521 p.
437 4435 492 4522 103
523 4437 653 4502 duorum
681 4439 892 4504 Vaticanorum
925 4441 1056 4504 indicem
1087 4439 1210 4503 exhibui
1240 4459 1364 4523 gramm.
1395 4443 1443 4508 iat.

118 4567 142 4610 r.
163 4547 200 4610 Vl
222 4567 250 4631 p.
274 4544 351 4611 247.

203 4655 282 4721 Ηεεε
307 4673 385 4738 quac
409 4656 447 4719 do
470 4655 569 4720 tribus
594 4655 749 4720 codicibus
778 4658 853 4742 dixi,
883 4678 918 4728 ex
943 4657 1142 4720 Parrbasiano
1166 4655 1353 4740 descriptum
1377 4679 1444 4722 esse

123 4762 318 4848 Vnimanum,
350 4784 387 4828 er
415 4764 473 4827 boc
502 4765 631 4828 alterum
655 4762 842 4842 Vaticanum,
873 4776 935 4830 tum
960 4783 1030 4827 cum
1053 4767 1186 4848 primum
1215 4775 1298 4830 certa
1322 4776 1352 4828 ει
1377 4749 1443 4853 per·-
