3602 5482
378 327 447 396 354
961 326 1121 386 avulois

377 432 536 484 smum

378 519 451 582 item
485 520 635 582 adversus
668 518 816 599 signilloat
849 525 880 582 et
911 519 1105 602 participium
1135 565 1142 579 .
1171 521 1292 581 circum
1326 518 1474 599 significat
1506 526 1537 581 et
1568 534 1708 579 nomen.

378 635 499 710 praeter
532 627 681 709 significat
711 635 743 690 et
775 626 964 711 adverbium,
1001 637 1035 692 ut
1067 625 1146 710 apud
1180 625 1355 691 Sallustium
1389 621 1554 710 ‘praeter
1587 642 1709 689 rerum

378 734 594 819 capitalium
629 729 902 800 condemnatls’
935 784 942 798 .
976 743 1045 818 post
1078 735 1227 818 significat
1263 744 1295 798 et
1331 735 1521 820 adverbium,
1559 744 1594 799 ut
1630 733 1708 816 apud

378 843 535 927 Virgilium
559 839 684 926 ‘longo
709 856 792 928 post
815 854 981 929 tempore
1005 839 1122 907 venit'
1143 893 1150 908 .
1170 852 1276 909 contra
1299 846 1449 928 significat
1472 853 1503 909 et
1524 843 1709 926 adverbium,

379 963 508 1037 utputa
532 948 650 1018 ‘eontra
673 949 798 1018 laciens'
823 1004 829 1019 .
854 973 923 1018 oum
947 955 1097 1036 significat
1115 962 1147 1017 et
1165 953 1355 1039 adverbium,
1379 953 1413 1018 ut
1431 954 1511 1038 apud
1531 951 1732 1016 Ciceronems

379 1058 475 1127 ‘oum
498 1063 563 1126 bos
587 1059 794 1128 audlebam’
819 1112 825 1128 .
850 1081 921 1146 prae
945 1063 1094 1145 significat
1118 1072 1149 1126 et
1167 1061 1357 1146 adverbium,
1381 1073 1415 1126 ut
1434 1063 1513 1145 apud
1532 1063 1708 1126 Terentium

379 1167 481 1255 ‘prae
500 1180 539 1235 ut
557 1169 686 1236 buius'
702 1221 708 1236 .
724 1176 788 1237 sine
805 1167 809 1258 l
826 1173 974 1254 significat
988 1181 1020 1236 et
1033 1171 1159 1236 verbum
1174 1220 1182 1235 .
1197 1190 1289 1255 super
1308 1174 1457 1254 signilloat
1475 1181 1507 1235 et
1525 1171 1709 1254 adverbium,

379 1290 413 1345 ut
428 1281 507 1366 apud
522 1280 679 1364 Virgilium
700 1277 828 1365 ‘super
851 1283 924 1364 ipsi
947 1279 1176 1344 Dardanidae
1200 1275 1427 1344 i'nlensi'.re
1447 1289 1539 1364 etse,
1559 1282 1584 1344 si
1603 1298 1708 1362 presso

379 1401 506 1456 aeoentn
540 1395 791 1475 pronuntientur,
824 1393 1064 1475 praepositiones
1097 1409 1164 1454 esse
1196 1381 1409 1472 reperiuntur,
1443 1398 1477 1452 ut
1507 1399 1580 1471 puta
1609 1390 1707 1452 relevo

379 1501 474 1583 reier,
497 1511 635 1584 separato
660 1519 787 1564 securus
812 1501 932 1565 seduxit
957 1550 963 1564 .
988 1509 1018 1564 at
1042 1519 1113 1564 vero
1137 1518 1170 1562 re
1195 1508 1227 1562 et
1249 1519 1297 1584 se,
1324 1501 1352 1596 si
1376 1507 1465 1561 acuto
1489 1509 1618 1562 accentu
1642 1514 1743 1582 pro-1⁰

379 1611 572 1693 nuntientur,
600 1629 660 1672 non
689 1611 943 1694 praepositiones,
974 1608 1026 1672 sed
1055 1607 1113 1672 boc
1142 1607 1222 1691 qnod
1251 1609 1421 1690 significant
1444 1607 1649 1690 appellantur,
1676 1595 1716 1668 ιιι

378 1726 451 1801 puta
476 1716 579 1801 regula
603 1722 679 1782 retia
703 1721 790 1801 retis,
819 1717 910 1780 sedeo
935 1720 1023 1781 senni
1047 1734 1159 1799 sequor
1183 1765 1190 1779 .
1215 1719 1259 1780 sic
1288 1726 1319 1780 et
1346 1719 1377 1780 in
1407 1717 1517 1780 ceteris
1542 1714 1652 1779 talibus
1676 1733 1708 1776 re

273 1845 276 1854 ⁴
380 1836 472 1912 etse,
496 1826 616 1909 quando
636 1829 698 1890 sint
721 1827 960 1911 praepositiones
984 1833 1015 1895 et
1038 1827 1159 1908 quando
1178 1825 1244 1890 aliis
1263 1825 1400 1909 partibus
1420 1827 1564 1889 orationis
1584 1842 1707 1908 respon·

379 1933 484 2012 deant,
507 1955 563 2018 per
586 1944 767 2000 accentuum
792 1956 883 2002 sonos
906 1937 1112 2000 dinoscentur.

470 2045 574 2108 'l'enus
593 2049 847 2129 praepositionem
862 2045 1003 2129 Virgilius
1018 2049 1109 2109 metri
1129 2047 1309 2110 necessitate
1329 2047 1468 2128 genetivo
1487 2047 1572 2109 assui
1590 2045 1708 2108 numeri
1722 2057 1743 2098 ιι

379 2153 504 2237 plenalia
528 2159 717 2240 praeposuit,
739 2165 775 2219 ut
1434 2151 1438 2160 '

620 2282 770 2329 crurum
794 2274 901 2328 tenus
925 2283 941 2327 a
966 2272 1086 2326 mento
1110 2263 1277 2346 palearia
1300 2263 1470 2347 pendent

470 2389 554 2454 lnter
577 2410 680 2455 coram
704 2401 735 2455 et
758 2392 855 2474 palam
878 2393 1118 2475 praepositiones
1142 2391 1219 2456 hano
1243 2392 1347 2456 volunt
1370 2389 1463 2474 aliqui
1483 2409 1550 2454 esse
1570 2390 1707 2490 dilleren·

380 2502 466 2584 tiam,
490 2509 524 2563 ut
542 2500 639 2583 palam
660 2502 739 2563 notis
760 2499 805 2563 vel
823 2503 934 2583 ignotis
954 2501 1149 2585 respondeat,
1168 2511 1293 2585 utputa
1313 2501 1410 2584 palam
1430 2499 1584 2584 omnibus,
1608 2517 1707 2562 coram

382 2616 483 2672 autem
507 2611 587 2672 notis
612 2617 729 2673 tantum
752 2609 948 2695 respondeat,
972 2619 1006 2673 ut
1029 2620 1101 2692 puta
1125 2630 1228 2674 coram
1251 2620 1351 2694 patre,
1375 2628 1477 2673 eoram
1501 2612 1605 2672 amico.
1720 2621 1743 2661 ιι

472 2735 535 2799 Con
569 2749 600 2800 et
632 2739 663 2800 in
696 2739 950 2821 praepositiones,
984 2738 1009 2799 si
1038 2755 1053 2798 a
1084 2735 1131 2798 vei
1161 2738 1175 2799 ι
1202 2736 1313 2801 litteris
1345 2745 1589 2820 praeponuntur,
1622 2744 1708 2800 acuto

381 2855 509 2911 accentu
524 2849 774 2930 pronuntiantur,
797 2855 832 2909 nt
850 2853 923 2929 puta
941 2844 1075 2908 insolens
1094 2845 1237 2930 infestus,
1261 2863 1452 2928 consequens
1472 2847 1644 2930 confessus3
1668 2847 1708 2908 sic

336 2949 339 2956 ’
381 2964 412 3019 et
435 2965 536 3021 cetera
560 2955 639 3019 talia.
1172 3011 1176 3023 .

470 3065 505 3128 ln
534 3075 564 3128 et
591 3063 628 3127 ad
657 3067 896 3147 praepositiones
925 3063 1085 3128 voluerunt
1113 3063 1190 3152 banc
1219 3062 1311 3145 aliqui
1342 3062 1455 3126 habere
1488 3060 1709 3142 discretionem,

380 3175 439 3238 boo
462 3183 510 3237 est
533 3181 567 3237 ut
595 3176 690 3256 siquis
719 3173 800 3237 dicat
828 3168 871 3236 ‘in
900 3173 999 3236 lorum
1024 3166 1082 3255 eo',
1110 3173 1140 3234 in
1170 3173 1269 3254 ipsum
1297 3174 1397 3236 lorum
1422 3173 1523 3234 seire
1548 3172 1740 3252 significet3n

381 3294 411 3349 at
435 3303 506 3346 vero
531 3285 626 3366 siquis
650 3283 730 3346 dicat
754 3303 786 3346 se
811 3281 847 3345 ad
872 3281 971 3345 innam
989 3284 1049 3365 ire,
1073 3281 1109 3344 ad
1129 3281 1230 3344 locum
1249 3284 1301 3364 qui
1321 3290 1368 3344 est
1386 3284 1469 3343 iuxta
1489 3281 1588 3342 iorum
1608 3283 1709 3343 venire

382 3394 530 3474 significet
549 3441 556 3457 .
577 3392 630 3455 sed
649 3391 707 3455 boc
728 3391 834 3455 Cicero
854 3387 1034 3472 improbavit
1052 3391 1083 3452 in
1102 3391 1258 3452 invectivis
1278 3389 1382 3452 dicens
1407 3383 1517 3471 ‘quod
1541 3386 1708 3452 vitandae

381 3504 609 3585 sus'pieionis
633 3521 742 3565 causa
767 3500 807 3563 ad
832 3499 993 3564 llarcum
1014 3497 1189 3582 Lepidum
1214 3509 1248 3562 te
1267 3498 1437 3562 babitare
1456 3494 1549 3558 velle
1569 3495 1710 3579 dixisti,

474 3757 487 3805 t
509 3749 579 3806 item
599 3749 741 3821 significat
759 3747 944 3822 participium
962 3746 1107 3819 significat
1126 3790 1132 3804 .
1152 3747 1295 3820 significat
1318 3749 1348 3804 et
1370 3763 1473 3804 nomen
1497 3763 1549 3817 per
1570 3743 1711 3818 significat

382 3833 412 3889 et
440 3830 607 3889 muerbium
631 3833 661 3887 et
683 3829 761 3901 apud
783 3829 946 3887 sallustium
969 3845 1019 3901 per
1042 3847 1135 3884 rernm
1159 3829 1188 3884 Β
1195 3850 1204 3884 .·
1231 3829 1421 3900 supplemento
1443 3827 1577 3899 praebuit
1601 3826 1710 3884 Probus
1767 3821 1772 3832 '

379 3931 408 3985 p.
433 3916 516 3980 149,4
593 3917 609 3967 2
640 3913 765 3985 praeter]
790 3912 905 3968 Sallust.
932 3911 1013 3966 Gelai.
1039 3915 1107 3978 362
1188 3909 1328 3982 dlongo]
1359 3908 1438 3982 Verq.
1463 3909 1551 3966 bucol.
1575 3913 1641 3976 1,30

382 3995 481 4051 eontra
494 3991 638 4065 significat
653 3992 819 4050 aduerbium
834 3993 862 4048 Β
935 3999 951 4048 6
970 4008 1039 4063 prae
1058 3991 1201 4064 significat
1218 3996 1249 4050 et
1262 3992 1430 4050 aduerbium
1444 3995 1474 4050 et
1488 3989 1565 4062 apud
1579 3989 1710 4062 piatum.

383 4074 449 4132 Siue
474 4073 616 4148 significat
639 4073 806 4130 fflaeabium
825 4073 866 4129 B:
890 4090 959 4145 prae
982 4073 1125 4145 signifieat
1148 4076 1178 4130 et
1196 4074 1375 4144 adverbium,
1400 4076 1433 4130 ut
1451 4071 1528 4145 apud
1548 4070 1710 4128 Terentium

384 4157 464 4230 ‘prae
483 4161 517 4214 ut
539 4157 624 4226 huius
642 4154 747 4212 rabiea'
768 4197 775 4211 .
796 4155 856 4212 aine
875 4154 1017 4226 significat
1035 4159 1064 4211 et
1081 4156 1213 4226 verbnm,
1237 4160 1271 4213 ιιι
1289 4157 1366 4228 apud
1384 4153 1548 4212 Terentium
1574 4151 1647 4208 ‘sine
1667 4169 1710 4207 me

380 4237 529 4310 pervenire
548 4254 604 4310 quo
623 4237 700 4295 volo’
723 4234 836 4293 Probus
850 4253 880 4307 p.
900 4241 1001 4304 149,17
1079 4253 1146 4308 prae
1166 4237 1211 4311 ut]
1234 4238 1342 4294 Terent.
1362 4237 1494 4292 Esmueb.
1514 4234 1559 4290 II
1575 4237 1640 4302 3‚10

384 4327 400 4376 8
421 4336 505 4392 super
522 4319 579 4392 ipsi
599 4317 718 4377 amdam
738 4363 744 4376 .
765 4337 786 4376 a.
806 4318 841 4374 de
860 4317 963 4374 infensi
980 4317 1028 4374 B:
1043 4317 1122 4390 Verp.
1141 4320 1212 4377 Aca.
1228 4319 1272 4374 ΙΙ
1284 4325 1318 4375 71
1395 4322 1428 4373 10
1447 4317 1580 4386 separato
1599 4331 1711 4370 securas

382 4400 505 4474 seduxit]
525 4399 610 4458 sedeo
629 4399 710 4456 senui
729 4415 831 4470 aequor
849 4398 877 4453 B
891 4419 899 4452 .·
915 4399 950 4466 cs.
964 4399 1045 4467 infra
1059 4405 1098 4456 12
1173 4406 1204 4456 11
1226 4399 1292 4472 hoo]
1312 4399 1358 4455 hic
1372 4398 1400 4453 Β
1474 4401 1508 4451 lt
1528 4395 1613 4452 sedeo
1633 4396 1710 4452 aenor'

382 4483 496 4556 aequor]
516 4485 648 4554 separato
668 4499 781 4538 securus
800 4481 913 4538 seduxit
926 4479 954 4535 B
969 4502 978 4534 :
991 4481 1027 4549 σι’.
1042 4496 1131 4552 supro
1144 4487 1180 4538 10
1253 4479 1283 4536 in
1302 4477 1403 4536 ceteris
1422 4475 1488 4534 aliia
1506 4477 1534 4532 Β
1608 4483 1644 4532 ιι
1662 4495 1711 4549 per

290 4631 292 4636 ,
382 4567 530 4622 accentum
549 4562 674 4622 sonoaB
749 4569 899 4620 licturus
917 4560 1391 4635 benuB:Verg.peorp.11153
1467 4564 1500 4615 18
1519 4557 1598 4615 inter
1618 4575 1711 4616 coram

382 4645 480 4717 palam
498 4642 718 4717 praepositionis
736 4645 811 4700 bano
830 4644 932 4702 nolunt
951 4644 1041 4716 aliqui
1060 4661 1120 4700 esve
1139 4643 1364 4717 praepositiones
1383 4644 1416 4697 ιιι
1428 4641 1458 4696 Β
1531 4645 1566 4696 20
1585 4639 1710 4714 tantam]

383 4730 480 4782 sulem
498 4726 526 4782 Β
590 4734 625 4784 2³
645 4731 740 4784 cetera
758 4725 816 4782 alia
829 4727 858 4781 Β
922 4732 957 4782 25
978 4744 1008 4782 aa
1026 4727 1079 4799 ire]
1101 4743 1131 4782 se
1146 4727 1217 4782 scire
1230 4726 1260 4783 Β
1324 4729 1358 4780 27
1377 4721 1543 4793 inprobauit
1560 4722 1711 4780 inuectiuis

381 4806 513 4948 fimella,3
521 4810 554 4865 in
573 4809 657 4867 catat.
677 4809 699 4864 I
716 4814 781 4878 8,19
800 4831 809 4863 .·
828 4809 863 4876 cf.
888 4807 967 4880 Scep.
986 4809 1097 4879 capiam
1121 4809 1154 4864 ιιι
1177 4809 1251 4865 Don.
1279 4825 1307 4879 p.
1338 4809 1444 4876 orme
1537 4809 1572 4860 28
1601 4805 1711 4879 dixisti]
