3610 5482
593 281 643 338 DE
663 281 960 341 onnnounarffln
1008 298 1011 306 ’
1402 269 1447 352 Ι41

105 471 231 556 largyrii
254 471 507 534 commentarium
529 473 562 536 iu
580 469 705 554 Vergilii
727 469 865 535 bucolica
890 479 921 534 et
943 473 1084 552 georgica
1103 491 1174 536 eum
1193 492 1229 536 ex
1255 491 1311 536 suo
1335 473 1449 557 codice,

106 583 161 664 qui
183 591 267 644 nunc
291 587 339 642 est
358 578 519 644 Vaticanus
543 577 642 664 3402,
665 580 777 644 Romae
802 599 827 642 a.
854 575 940 644 1587
966 575 1110 666 edidit*)
1149 581 1185 645 de
1205 600 1297 664 opera
1316 583 1348 646 in
1363 581 1446 646 Velio

106 690 212 772 Longo
236 686 382 751 collocata
405 687 481 752 haec
505 688 620 773 scribit,
643 691 775 773 primum
799 690 831 752 in
856 687 984 771 epistula
1003 689 1040 752 ad
1060 689 1249 752 cardinalem
1274 689 1446 784 Corneliam,

107 795 255 862 ‘Etcum
278 800 378 860 omnis
400 796 487 861 loeus
511 795 636 860 edendis
659 799 712 881 iis,
735 815 813 878 quae
837 797 982 861 studiosis
1006 798 1151 880 prodesse
1175 805 1315 889 possunt,
1338 817 1446 881 oppor-

74 935 79 940 ·
107 918 202 971 tnnus
225 905 388 993 habeatur,
415 905 612 970 inserendum
642 909 741 970 ctiam
756 905 829 970 duxi
853 907 1055 990 fragmentum
1080 905 1231 990 quoddam
1254 904 1329 970 Velii
1353 905 1449 990 Longi

105 1016 145 1079 de
170 1015 405 1100 orthographia,
428 1015 545 1078 mendis
569 1035 587 1077 a
609 1033 658 1078 me
685 1017 938 1100 quamplurimis
963 1025 1178 1100 expurgatum:
1201 1013 1293 1078 habet
1317 1017 1399 1079 enim
1421 1017 1448 1078 is

106 1126 185 1190 liber
210 1125 333 1208 multos,
357 1133 388 1188 et
411 1122 534 1206 quidem
553 1123 672 1188 erudite
697 1128 827 1208 scriptos
851 1125 943 1208 locos,
968 1127 1021 1205 qni
1045 1141 1107 1186 non
1126 1141 1233 1204 parum
1252 1123 1290 1186 ad
1310 1131 1446 1187 veterum

108 1237 306 1318 scriptorum,
329 1241 360 1296 et
382 1235 477 1296 totius
496 1231 649 1298 Romanae
673 1237 861 1318 antiquitatis
884 1233 1114 1314 intelligentiam
1138 1232 1280 1294 conterre
1303 1228 1448 1314 possint'3

107 1342 218 1408 deinde
246 1345 281 1406 in
311 1343 498 1426 praelatione
532 1342 568 1405 ad
602 1341 761 1428 lectorem,
796 1339 896 1417 ‘Quae
926 1360 998 1404 vero
1031 1339 1182 1402 habentur
1215 1341 1247 1402 in
1280 1341 1448 1422 fragmento

107 1451 193 1516 Velii·
212 1451 310 1534 Longi
338 1451 375 1514 de
397 1451 632 1536 orthographia,
662 1471 727 1536 cas,
760 1455 832 1535 quia
860 1454 902 1514 lta
930 1460 1002 1514 sunt
1029 1469 1046 1512 a
1075 1448 1163 1512 nobis
1191 1444 1449 1532 repraesentatae,

98 1561 262 1644 'quomodo
286 1563 318 1624 in
341 1560 514 1644 archetypis
537 1559 759 1643 exemplaribus
788 1561 997 1644 reperiuntur,
1025 1551 1196 1640 unicuique
1215 1556 1365 1645 arbitratu
1397 1576 1453 1620 suo
1481 1587 1485 1592 ·

108 1669 354 1752 interpretandas
378 1668 588 1750 relinquimus.
635 1669 714 1732 Sunt
738 1678 839 1732 autern
863 1668 1024 1733 nonnullae
1049 1688 1086 1732 ex
1108 1670 1146 1731 iis
1170 1666 1342 1730 mendosae.
1394 1685 1452 1730 nec
1488 1735 1490 1741 ,

108 1782 191 1842 enim
214 1779 283 1840 tleri
305 1779 414 1861 potuit,
437 1779 511 1858 quin
536 1797 573 1841 ex
596 1779 724 1840 infinitis
747 1797 842 1860 prope
867 1777 985 1841 mendis
1007 1795 1063 1860 per
1087 1795 1143 1840 nos
1166 1779 1198 1838 in
1223 1794 1259 1838 eo
1279 1775 1450 1856 fragmento

108 1886 249 1968 sublatis,
272 1870 372 1968 aliqua
395 1889 607 1970 remanserint,
632 1887 826 1968 expurganda
849 1886 887 1948 ab
911 1887 987 1970 aliis,
1010 1889 1063 1968 qui
1087 1895 1140 1949 aut
1163 1884 1305 1948 meliores
1329 1883 1450 1947 codices

108 1997 203 2078 nacti,
233 2005 286 2057 aut
314 1997 449 2058 acutiore
478 1996 600 2074 ingenio
624 1995 753 2076 praediti
777 1990 893 2058 erunt'.
938 1995 989 2056 sed
1021 1995 1156 2074 quamn's
1181 1991 1308 2056 Vrsinus
1333 1991 1450 2056 mendis

10 2119 13 2128 ·
108 2121 199 2186 quarn
224 2102 363 2184 plurimis
387 2121 404 2163 a
428 2121 460 2164 se
485 2110 685 2184 expurgatum
715 2121 782 2166 esse
812 2101 924 2165 librum
952 2101 1121 2186 praedicet,
1150 2110 1250 2164 tamen
1279 2101 1317 2164 ad
1348 2119 1449 2164 emen·

111 2212 264 2276 dationem
294 2229 356 2273 non
384 2213 425 2273 ita
454 2210 584 2274 multum
609 2210 739 2274 eontulit
762 2221 793 2274 ct
816 2229 854 2274 na
879 2209 1015 2272 codicem
1039 2210 1163 2292 quidem
1187 2229 1278 2274 manu
1303 2213 1450 2293 scriptum

111 2323 185 2383 satis
215 2327 358 2382 accurate
394 2320 554 2402 expressit.
603 2337 673 2381 nam
704 2337 793 2401 saepe
829 2327 1004 2400 corruptam
1038 2319 1120 2382 illius
1154 2319 1317 2382 lectionem
1349 2317 1451 2382 verbis

111 2429 233 2490 omissis
252 2426 299 2489 uel
318 2426 528 2508 neglegentius
548 2429 710 2512 exscriptis
730 2431 821 2492 etiam
840 2430 935 2510 magis
954 2431 1092 2509 corrupit
1112 2427 1157 2490 vel
1176 2437 1292 2491 temere
1314 2430 1448 2492 mutarit.

111 2536 342 2600 emendationes
365 2546 466 2600 tamen
497 2555 574 2618 quas
603 2538 635 2600 in
666 2536 853 2619 marginibus
885 2536 998 2599 codicis
1028 2534 1200 2618 adscriptas
1231 2538 1359 2620 invenit,
1393 2539 1451 2600 nisi

110 2647 212 2727 potius
241 2647 308 2727 ipse
335 2643 551 2728 adscripscrat,
580 2645 644 2707 lere
668 2663 774 2708 omnes
797 2647 828 2708 in
854 2653 970 2708 textum
994 2646 1110 2726 recepit
1134 2653 1165 2706 et
1188 2663 1281 2708 noras
1304 2645 1450 2726 quasdam

110 2753 233 2816 addida
275 2761 434 2835 practerea
456 2755 488 2816 iu
513 2756 636 2837 erratis,
664 2757 796 2836 quaein
827 2755 886 2816 line
915 2753 985 2818 libri
1015 2761 1116 2816 notata
1146 2761 1231 2836 sunt,
1262 2772 1323 2816 non
1352 2753 1450 2817 solnm

111 2879 170 2924 non
198 2862 301 2925 nullos
325 2860 582 2944 typographorum
606 2880 728 2925 errores
752 2864 899 2940 correxit,
932 2861 984 2924 sed
1010 2841 1100 2924 ctiam
1123 2880 1235 2945 paucas
1259 2864 1450 2926 coniecturas

112 2969 257 3033 exhibuit.
295 2969 395 3032 Vrsini
418 2969 582 3034 editionem
606 2970 726 3033 duobus
746 2973 832 3034 annis
851 2980 921 3053 post
940 2969 1183 3052 Hieronymus
1203 2969 1451 3035 Commelinus

112 3080 252 3161 repetivit
275 3079 307 3140 in
331 3077 496 3159 appendice
520 3079 663 3141 editionis
682 3079 806 3161 Vergilii
829 3077 1045 3161 Heidelbergae
1070 3097 1094 3142 a.
1117 3075 1204 3144 1589
1229 3079 1333 3142 iactae.
1373 3099 1450 3161 quae
1568 3110 1573 3120 ·

111 3186 260 3269 appendix
284 3185 392 3249 deinde
417 3187 506 3250 etiam
531 3205 601 3249 eum
625 3205 700 3250 nora
725 3187 858 3251 editione
882 3186 1004 3268 Vergilii
1028 3185 1276 3268 heidelbergensi
1300 3207 1325 3250 a.
1349 3184 1447 3272 1599,

113 3313 171 3358 non
194 3302 313 3358 mutato
337 3301 439 3357 tamen
458 3313 536 3358 anno
557 3293 708 3378 editionis,
732 3294 832 3358 denuo
857 3299 1019 3359 coniuncta
1042 3303 1098 3359 est.
1137 3313 1207 3358 nam
1226 3298 1368 3377 quoniam
1387 3315 1447 3360 una

10 3391 11 3434 ³
113 3422 180 3466 cum
199 3402 382 3486 Philargyrii
404 3405 620 3467 commentario
645 3401 741 3485 Longi
764 3402 842 3466 liber
864 3405 998 3486 primum
1022 3404 1121 3468 editus
1141 3412 1214 3487 erat,
1233 3403 1308 3467 haee
1327 3403 1448 3467 videtur

10 3575 11 3600 ,
113 3531 202 3576 cansa
235 3513 343 3596 luisse,
371 3531 427 3575 cur
454 3520 560 3594 postea
589 3495 659 3576 curn
685 3489 745 3575 hoc
769 3520 970 3595 repeteretur.
1015 3515 1046 3576 in
1075 3511 1324 3594 heidelbergensi
1355 3515 1448 3595 igitur

112 3619 250 3703 exemplo
278 3620 369 3684 lectio
397 3622 544 3703 principis
573 3620 716 3683 editionis
743 3624 784 3684 ita
813 3639 956 3703 expressa
988 3631 1047 3704 est,
1074 3631 1110 3685 ut
1141 3631 1263 3704 praeter
1293 3640 1388 3702 pauca
1420 3629 1451 3684 et

111 3729 270 3792 manifesta
299 3731 385 3812 uitia,
412 3747 543 3810 quorum
570 3747 642 3812 pars
671 3729 708 3792 ab
736 3732 802 3812 ipso
832 3729 940 3792 Vrsino
968 3733 1000 3792 in
1028 3730 1216 3811 corrigendis
1245 3738 1346 3792 notata
1377 3739 1450 3806 erat,

10 3849 11 3852 ’
112 3837 342 3900 nihilomnino
374 3845 553 3900 mutaretur.
602 3839 655 3902 sed
687 3838 796 3903 additis
827 3841 859 3900 in
888 3839 946 3902 tine
982 3839 1229 3921 castigationibus
1260 3838 1449 3902 nonnullae

115 3944 342 4010 emendationes
371 3953 402 4010 et
424 3947 520 4028 ipsius
545 3945 671 4010 editoris
699 3957 730 4010 et
758 3947 912 4032 Francisci
940 3946 1019 4011 lunii
1048 3949 1220 4030 propositae
1245 3955 1325 4010 sunt.
1371 3945 1449 4024 hane

110 4054 277 4118 editionem
305 4053 413 4118 deinde
429 4053 640 4118 'Putsohius
664 4058 829 4150 expressit
879 4074 940 4137 quo
975 4055 1088 4120 iactum
1117 4065 1165 4118 est
1197 4063 1231 4118 ut
1264 4054 1342 4137 apud
1376 4072 1447 4116 eum

111 4164 220 4226 eodem
243 4163 309 4226 iere
333 4163 422 4224 modo
446 4162 537 4226 uerba
559 4167 748 4246 grammatici
771 4164 919 4246 legantur,
944 4183 1005 4246 qno
1027 4167 1161 4248 primum
1185 4165 1221 4227 ah
1241 4162 1348 4226 Vrsino
1369 4160 1449 4226 edita
1481 4215 1483 4222 .

205 4409 232 4482 ⁸)
252 4409 399 4468 Romanas
419 4409 552 4469 editionis
570 4410 672 4466 titulus
692 4409 740 4468 hic
759 4415 818 4469 eat:
846 4411 940 4467 Notae
959 4411 996 4468 ed
1015 4411 1052 4468 hi.
1074 4408 1212 4468 Catonem
1231 4409 1268 4466 hi.
1293 4408 1450 4465 Varronem
1516 4405 1518 4410 ’

113 4495 144 4551 L.
170 4491 360 4550 Columellam
391 4491 427 4548 de
452 4510 482 4550 ra
510 4491 624 4548 metica.
663 4492 850 4548 thalend.
874 4492 1024 4548 Rusticum
1051 4490 1256 4548 Farnesiannm
1284 4493 1314 4548 et
1338 4497 1450 4551 veteres

112 4573 314 4646 inscriptiones
338 4573 471 4630 Vmbram
493 4571 651 4629 bruelium.
689 4571 785 4629 Iuniae
810 4572 1007 4645 Philargyriua
1033 4573 1063 4628 in
1091 4571 1226 4628 Bucolica
1254 4573 1284 4628 ei
1310 4571 1451 4648 Georgica

113 4653 238 4728 Virgilii.
276 4654 371 4710 Notae
396 4653 433 4710 ad
452 4653 583 4710 Sennium
606 4649 637 4706 in
660 4651 757 4709 Bocol.
782 4653 885 4728 Georg.
910 4661 940 4711 et
959 4652 1076 4710 Aeneid.
1090 4649 1175 4724 'Virg
1209 4651 1308 4709 Velius
1333 4653 1449 4727 Longus

114 4737 150 4792 ds
175 4733 391 4808 orthographia.
429 4733 472 4790 Ex
495 4731 676 4790 Bibliotheca
703 4734 800 4792 Fuluii
826 4736 921 4793 Ursini
945 4737 1053 4792 Romae
1076 4732 1107 4788 in
1130 4734 1222 4790 nadib.
1250 4733 1277 4792 S.
1303 4735 1334 4793 Ρ.
1364 4735 1396 4806 Q.
1415 4737 1449 4796 R.

114 4815 337 4898 animuin
371 4813 457 4886 Apud
475 4814 631 4892 Georgium
649 4813 819 4872 Ferrarium.
