3590 5486
603 259 652 317 na
672 258 773 341 tarn
792 241 960 316 marmot

113 373 134 412 p.
147 362 209 404 taba.
224 363 252 405 ιι
266 361 292 404 P.

277 447 448 510 consiliis
472 465 602 530 parcre
626 449 745 530 prius,
769 464 812 508 ne
838 445 949 508 litora
971 443 1100 517 Cretae

276 555 468 637 linqueres
493 557 613 620 insani
637 555 774 618 rabiem
798 571 950 637 passura
974 552 1158 635 prolnndl.

113 667 261 748 septimus
286 642 393 727 modtls
417 673 477 747 cst,
503 683 573 727 cum
597 683 763 748 pronomen
784 684 801 728 c
826 664 925 727 littera
950 663 1144 724 terminatum
1169 664 1279 726 vocalis
1303 664 1403 725 statim

118 775 270 854 seqnitur:
295 775 446 836 ostentm
471 771 559 855 longa
582 773 613 835 in
637 772 708 855 boc,
956 855 960 860 Ι

75 907 88 946 ε
278 899 349 944 non
373 883 456 963 quia
481 883 542 962 qui
567 899 726 943 summus
750 888 856 963 pater
879 886 949 962 est,
973 887 1008 940 et
1032 878 1135 941 lilius
1159 878 1217 942 bio
1241 889 1310 964 est,

277 991 339 1053 sed
365 993 448 1071 qnia
473 973 565 1072 ry'uod
585 985 750 1052 ‘summus
773 996 878 1071 pater
902 998 971 1071 est,
995 997 1030 1051 ει
1055 973 1159 1051 lilius
1183 986 1248 1050 lroo
1274 999 1342 1071 est,

113 1098 213 1162 brevis
239 1101 270 1162 in
294 1098 367 1181 boc,
817 1175 819 1180 ι

155 1238 183 1304 ·,
276 1207 334 1270 bio
359 1208 426 1290 tir,
451 1206 510 1269 bic
534 1213 603 1282 est,
628 1204 697 1268 tibi
721 1223 828 1286 qtrem
853 1206 1022 1288 promitti
1046 1205 1196 1287 saepius
1220 1203 1334 1267 autlis.

113 1315 164 1378 sed
189 1325 221 1378 ει
245 1315 421 1379 adverbium
440 1329 458 1378 c
477 1314 576 1377 littera
601 1315 795 1377 terminatum
815 1330 1006 1376 communem
1026 1311 1169 1396 syllabam
1190 1313 1273 1376 lacit:
1297 1323 1344 1374 est
1368 1317 1448 1376 enim

77 1423 201 1506 rolonga
226 1426 257 1487 in
281 1424 339 1488 boc
362 1423 497 1506 Paulini,

275 1532 392 1595 donoc
416 1532 630 1615 adspirante
655 1531 721 1600 deo
745 1529 940 1594 conatibus
964 1532 1101 1614 aegris,

113 1639 270 1705 brerisdn
295 1641 352 1704 boc
376 1640 534 1724 Prosperi,

276 1758 316 1812 nt
339 1749 464 1813 morbo
489 1749 654 1812 obsessis
677 1748 897 1831 praestanda
921 1757 978 1811 εει
1000 1767 1089 1811 cura
1113 1748 1295 1832 medendi,

209 1859 211 1862 ’
331 1857 446 1921 (ιεεεε
469 1859 505 1920 ln
529 1865 680 1940 aegroto
705 1875 861 1940 corpore
885 1859 958 1920 rita
983 1866 1110 1920 manet.

77 1989 101 2030 ιε
115 1971 237 2026 octavus
257 1964 366 2028 modus
385 1974 446 2049 est,
468 1984 537 2029 cum
557 1976 729 2049 correptam
749 1965 882 2028 vocalem
901 1967 931 2028 in
952 1964 1056 2028 eadem
1076 1975 1163 2048 par-te
1183 1967 1329 2028 orationis
1349 1967 1447 2046 seqtti·
1511 2015 1538 2041 .,

115 2081 164 2134 tur
187 2093 203 2136 z
228 2091 400 2137 consonans
423 2092 530 2156 graeca
555 2072 680 2158 duplex:
705 2083 751 2138 εει
775 2075 855 2136 enim
879 2073 967 2154 longa
990 2075 1022 2136 ln
1046 2072 1104 2136 ltoc
1128 2074 1264 2157 lurenci,

277 2181 441 2246 dliiiolle
466 2179 522 2246 est
546 2185 659 2247 terris
683 2182 826 2245 adlisos
851 2183 967 2246 divite
992 2202 1089 2266 gaza,
1363 2161 1368 2170 ¹

114 2301 161 2354 εει
184 2289 287 2354 brevis
312 2293 342 2354 in
367 2292 425 2354 boo
450 2291 601 2376 eiusdem,

277 2410 312 2463 et
335 2418 418 2482 gaza
442 2400 605 2464 distabat
628 2420 749 2465 rerum
773 2402 963 2484 possessio
988 2400 1144 2483 fulgens.

76 2531 101 2572 ao
114 2527 212 2582 nonus
232 2508 341 2572 modus
361 2517 420 2592 est,
446 2529 506 2592 quo
526 2513 624 2573 ontnis
648 2510 759 2594 syllaba
778 2511 940 2573 novissima
963 2528 1069 2572 versus
1086 2513 1118 2572 in
1139 2528 1330 2592 quartumque
1352 2519 1448 2572 metro

113 2617 277 2700 adialnros,
296 2617 325 2680 id
345 2629 393 2682 εει
412 2619 602 2703 indiliercns,
622 2629 668 2683 ost
682 2629 713 2684 ει
728 2620 763 2682 ad
785 2619 969 2682 voluntatem
988 2627 1145 2700 poetarum
1163 2618 1208 2682 vel
1223 2627 1362 2701 correpta
1378 2637 1447 2700 pro·

112 2727 235 2790 ducitur
245 2724 289 2790 rel
301 2729 467 2810 corripitur
481 2728 637 2812 producta,
648 2727 727 2811 qnod
744 2730 934 2811 frequentius
946 2736 991 2790 εει
1006 2747 1096 2810 urrant
1108 2741 1139 2792 ut
1151 2727 1297 2811 exemplis
1307 2726 1447 2809 indigeat.

205 2835 368 2900 Sciendum
393 2847 439 2900 eat
464 2846 564 2900 antem
589 2837 670 2920 quod
690 2856 706 2900 x
730 2836 816 2899 litera
836 2833 947 2916 duplex
973 2853 1137 2916 numquam
1161 2836 1233 2898 iacit
1256 2853 1448 2899 communem

113 2941 270 3027 syllabam,
295 2944 348 3007 sod
373 2963 443 3008 ειιει
471 2947 502 3007 iu
528 2944 635 3008 endem
659 2944 751 3008 verbo
776 2945 916 3026 seqnitur
941 2945 1086 3027 vocalem,
1116 2963 1237 3027 semper
1260 2963 1325 3007 eam
1358 2941 1448 3005 babet

76 3072 99 3112 rs
112 3051 232 3134 longam
252 3061 304 3116 ant
327 3043 449 3137 natura,
474 3062 509 3116 ιιι
531 3072 587 3136 pax
612 3053 658 3117 lex
683 3053 734 3117 lux
759 3071 812 3115 rex
833 3071 902 3135 vot,
926 3061 978 3115 ant
1001 3053 1167 3137 positione,
1191 3060 1225 3115 nt
1249 3053 1296 3114 lat
1317 3071 1374 3114 nor
1396 3053 1446 3114 nix

113 3180 172 3224 nox
194 3181 253 3224 nur
279 3171 309 3224 et
333 3160 402 3225 exul
426 3163 526 3225 exitus
546 3163 680 3225 exitium.
718 3181 788 3224 cum
808 3179 879 3224 vero
903 3163 934 3223 ln
959 3160 1125 3242 primordio
1149 3162 1242 3223 luerit
1265 3159 1363 3244 vorbi,
1387 3178 1446 3222 non

112 3278 214 3352 potest
237 3270 407 3356 producere
433 3272 522 3333 linem
547 3273 658 3353 prioris
678 3269 762 3333 rerbl
786 3269 866 3350 qnod
891 3269 922 3331 in
946 3268 1069 3331 brevem
1093 3268 1225 3331 desierat
1244 3267 1390 3350 vocalem,
1414 3278 1447 3331 nt

277 3378 452 3461 pontibus
476 3381 647 3442 instratis
672 3376 848 3442 conduxit
872 3377 981 3441 litora
1004 3377 1152 3442 Xerxes,

113 3506 134 3549 n
161 3506 283 3569 quoque
312 3487 412 3550 littera
440 3489 506 3570 pari
534 3490 664 3570 ratione,
694 3490 724 3549 ni
754 3487 849 3570 lallor,
873 3506 942 3550 cum
974 3491 1006 3550 in
1031 3486 1129 3549 medio
1155 3485 1245 3549 serbo
1270 3489 1448 3548 consonanti

77 3595 201 3660 aoalteri
230 3595 323 3659 inerit
350 3595 500 3680 subiecta,
533 3596 766 3680 praecedentem
795 3594 937 3677 syllabam
966 3589 1182 3679 sarcinatum
1211 3614 1266 3658 εεε
1296 3569 1446 3677 positione

113 3724 235 3787 semper
263 3705 381 3786 longam
400 3704 514 3788 'ltabet,
543 3713 576 3768 ιιι
605 3723 697 3786 regna
722 3703 878 3765 caltrmnia.
917 3723 986 3765 curn
1012 3723 1082 3766 sero
1113 3705 1144 3766 in
1172 3705 1339 3786 primordio
1364 3701 1447 3764 verbi

114 3813 207 3876 luerit
230 3811 280 3874 alii
304 3811 439 3876 subiecta
463 3815 655 3896 consonanti,
684 3820 717 3874 ut
743 3810 863 3872 Gnaeus
885 3829 1013 3894 gnarus,
1036 3812 1174 3892 prolecto
1200 3811 1334 3874 nltimam
1359 3810 1445 3892 sylla-

113 3921 181 3983 bam
202 3919 286 3982 rerbi
309 3923 434 4006 prioris,
458 3924 484 3984 si
503 3923 534 3984 in
556 3919 678 3984 brevem
698 3921 830 3983 desierat
850 3919 996 4002 vocalem,
1020 3919 1141 3984 brevem
1166 3920 1257 4004 bane,
1282 3927 1316 3982 nt
1339 3921 1447 4002 luerat,

206 4156 220 4205 t
242 4149 369 4207 consiliis
386 4167 488 4223 parere
507 4149 587 4220 LPf
601 4148 713 4206 consilii
731 4165 846 4221 sperare
866 4149 897 4205 F
968 4155 984 4205 ι
1002 4149 1095 4206 insani
1116 4148 1180 4206 FP
1196 4147 1328 4204 mannam
1346 4147 1373 4202 L

114 4239 129 4288 't
150 4232 245 4290 bravia
263 4231 293 4288 in
311 4230 366 4289 hoo
384 4247 436 4290 εεε.
456 4231 483 4286 L
565 4236 582 4287 8
602 4231 649 4288 bio
669 4231 724 4304 vir]
750 4229 829 4302 Vera.
849 4233 920 4288 Aera.
946 4229 993 4285 VI
1010 4236 1068 4287 792
1152 4237 1183 4286 to
1203 4228 1328 4285 iuuenali
1347 4229 1374 4284 L

113 4322 149 4370 ιε
167 4313 198 4372 in
217 4330 397 4386 quocumque
416 4317 506 4371 metro
526 4313 670 4370 adinioros
689 4315 733 4369 εει
756 4311 785 4368 id
809 4315 853 4369 εει
876 4310 1041 4369 indifferens
1060 4313 1103 4368 eat
1123 4311 1155 4366 F
1171 4309 1335 4367 indifferens
1354 4313 1399 4366 εει
1416 4310 1446 4366 in

114 4412 294 4467 quocumque
312 4399 404 4453 metro
423 4413 497 4468 quac
516 4412 617 4467 graece
637 4393 779 4451 adioioroa
796 4392 902 4452 dicitnr
920 4393 947 4448 L
1025 4400 1058 4449 at
1079 4397 1181 4464 poetae
1200 4393 1228 4448 L
1305 4400 1339 4450 ιι
1360 4411 1446 4464 qoam

115 4475 252 4550 exemplis
272 4475 300 4532 L
363 4483 398 4534 ιι
417 4495 473 4536 εεε
492 4495 549 4533 max
568 4477 598 4532 et
616 4475 682 4532 exul
702 4475 766 4530 FP
783 4494 840 4532 nux
860 4492 915 4531 nox
934 4473 1002 4530 exul
1019 4473 1047 4528 L
1115 4479 1148 4530 ιι
1168 4473 1254 4530 finam
1274 4473 1359 4533 FPs
1378 4473 1446 4530 nlti-

115 4575 191 4614 mam
209 4557 350 4629 syllabam
370 4557 397 4613 L
470 4557 594 4615 desierat
612 4556 674 4613 LP
688 4555 833 4614 desiderat
851 4557 881 4612 F
898 4555 1050 4616 desierits
1123 4561 1158 4611 28
1176 4553 1323 4627 pontibus]
1346 4554 1456 4611 Tarm-¹

115 4640 184 4696 ιείεεε.
204 4643 294 4696 1160.-
317 4640 352 4708 εί.
372 4639 450 4710 aera.
473 4639 508 4695 de
529 4639 591 4710 ayll.
612 4656 643 4708 p.
664 4641 728 4706 479,
752 4643 791 4695 29
883 4637 1011 4696 instratis
1038 4637 1101 4692 FP
1123 4635 1245 4694 inantia
1268 4653 1328 4692 εεεεε
1352 4637 1447 4694 littera

116 4719 203 4776 deleta
222 4720 249 4775 L
267 4719 450 4779 instructior
524 4735 618 4775 rorans
638 4718 664 4772 L
738 4725 772 4775 ιι
792 4719 822 4774 in
841 4719 937 4778 medio
955 4721 1042 4776 uerbo
1062 4718 1125 4774 FP
1139 4717 1169 4774 in
1187 4717 1282 4775 medio
1301 4719 1382 4774 nerbi
1401 4719 1452 4790 Ls

169 4804 205 4855 33
223 4797 348 4856 desierat
366 4798 465 4864 FLP
482 4799 598 4856 desierit
614 4815 658 4872 ps
731 4799 805 4856 hano
825 4805 854 4858 et
872 4806 904 4858 ut
923 4801 1016 4857 luerat
1037 4799 1068 4858 F
