3610 5482
342 314 387 380 22
846 285 1179 372 sensumscsvnr

275 445 282 456 .
342 428 364 466 p.
379 415 440 458 ml.
454 415 481 459 bi
495 417 521 458 P.

343 521 474 585 sequens
508 503 652 585 incipere.
700 501 753 564 sed
777 500 850 566 illud
875 503 973 566 secuti
996 499 1150 585 videntur,
1180 503 1259 584 quod
1286 505 1400 566 cavisse
1423 503 1503 566 dicta
1526 505 1566 568 sit
1589 522 1606 566 a
1630 519 1682 566 ca-

345 609 549 674 vlllationlbos
575 609 620 674 vel
643 629 660 674 a
685 609 832 696 cavendo,
859 610 968 674 deinde
997 629 1054 694 per
1082 603 1257 694 συγκοπήν
1286 631 1399 676 caussa.
1446 615 1486 676 ita
1510 622 1541 675 et
1564 615 1595 676 in
1619 611 1683 676 hoc

345 728 472 802 propter
495 711 672 804 συγκοπήν
695 719 914 802 geminandum·
934 739 948 784 s
971 727 1165 824 putaverunt,
1187 729 1224 784 ut
1246 723 1406 804 origluatlo
1430 731 1597 805 appareret.

437 873 551 938 Deinde
575 893 632 957 per
653 874 874 940 detractionem
897 875 955 937 boc
978 876 1069 939 modo
1093 873 1246 938 scribendi
1270 876 1347 936 ratio
1370 885 1513 958 corrupta
1532 883 1588 960 est,
1611 879 1680 958 qui-

347 981 474 1045 busdam
499 999 561 1044 uno
584 985 595 1046 l
618 980 823 1046 scribentibus
851 986 1024 1066 genetivum
1052 1001 1159 1046 eorum
1188 967 1355 1047 nominum
1371 1001 1448 1065 quae
1472 987 1520 1048 ius
1544 987 1713 1048 nomina-⁵

344 1077 406 1154 tivo
430 1088 576 1171 singulari
600 1089 763 1174 liniuntur,
787 1098 821 1154 ut
844 1093 992 1158 Antonius
1016 1092 1140 1168 Antoni,
1170 1091 1341 1156 Tremelius
1365 1091 1510 1176 Tremeli,
1539 1094 1679 1174 exigente

344 1197 448 1280 regula
469 1207 503 1262 ut
522 1201 553 1260 in
574 1197 684 1261 borum
702 1199 851 1279 genetivis
870 1201 880 1260 i
899 1197 1000 1262 littera
1023 1201 1204 1284 geminetur,
1228 1202 1369 1282 quoniam
1393 1203 1552 1282 genetivus
1576 1203 1680 1282 singu·

345 1305 417 1369 laris
441 1325 502 1369 non
526 1305 616 1370 debet
640 1309 788 1370 minorem
813 1323 974 1370 numerum
1003 1306 1114 1370 habere
1144 1307 1325 1390 syllabarum
1355 1327 1444 1390 quom
1468 1311 1681 1392 nominativus,

130 1419 135 1432 '
228 1425 233 1440 “
347 1416 541 1498 quinimmo
571 1408 725 1478 interdum
754 1417 844 1477 etlam
875 1416 1035 1476 maiorirt.
1082 1425 1324 1498 propterquam
1355 1435 1475 1480 causam
1504 1435 1559 1498 ego
1588 1419 1680 1480 etiam

347 1527 499 1588 vocatiros
522 1523 632 1586 borum
656 1522 795 1606 perduc
820 1525 844 1607 i,
867 1541 938 1607 non,
962 1533 997 1587 ut
1019 1523 1207 1586 consuetudo
1232 1527 1402 1610 usurpavit,
1425 1544 1481 1608 per
1506 1542 1599 1588 unum
1622 1545 1678 1608 pu·
1697 1539 1730 1578 1⁰

347 1642 409 1697 tem
435 1651 502 1696 esse
526 1631 718 1714 scribendos,
743 1633 819 1725 quia
836 1649 898 1694 uon
917 1629 1024 1694 debcst
1048 1650 1144 1713 acque
1168 1635 1322 1696 vocativus
1346 1635 1494 1697 minorem
1519 1651 1681 1712 numerum

348 1739 530 1824 syllabarum
552 1739 665 1803 babere
685 1758 775 1821 quam
799 1742 1009 1804 nominativus.
1048 1741 1089 1803 ita
1112 1758 1130 1801 o
1150 1742 1272 1804 Antonii
1292 1749 1322 1804 et
1341 1761 1360 1804 o
1379 1742 1497 1805 Aemilii
1520 1742 1551 1804 ln
1575 1743 1682 1824 singu-

290 1917 295 1924 ,
348 1843 404 1915 lari
432 1853 567 1914 vocativo
592 1858 622 1912 ot
645 1849 808 1912 dicendum
833 1849 839 1928 Ι
865 1859 896 1912 et
924 1847 1120 1912 scribendum
1149 1867 1216 1912 esse
1244 1850 1462 1914 contenderim.
1509 1851 1580 1912 item
1610 1869 1681 1914 cum

349 1959 419 2022 exul
442 1969 473 2022 et
497 1967 673 2041 expectatus
702 1961 768 2022 sine
792 1977 807 2021 s
831 1957 931 2020 littera
961 1956 1152 2043 scribuntur,
1185 1977 1255 2022 cum
1284 1959 1396 2040 alioqui
1423 1959 1537 2023 adiecta
1566 1979 1602 2024 ea
1630 1952 1681 2023 de-

348 2068 440 2132 bcant
464 2066 566 2151 scribi,
590 2069 732 2150 quonism
751 2067 892 2130 similiter
911 2066 1008 2130 solum
1033 2075 1248 2149 spectatusque
1273 2067 1391 2132 dicatur
1410 2078 1442 2132 et
1460 2068 1575 2143 adiecta
1594 2088 1680 2152 prae·
1700 2082 1732 2122 ιδ

353 2179 503 2260 positione
528 2175 642 2238 salvum
657 2175 733 2238 'esse
758 2175 817 2240 illis
841 2161 1102 2238 inicium'debeac.

463 2285 639 2349 Detrahitur
666 2303 682 2347 a
713 2285 892 2368 quibusdem
921 2286 966 2346 cis
994 2284 1167 2347 nominibus
1196 2304 1284 2367 quac.
1303 2283 1339 2347 ab
1364 2305 1382 2370 p
1405 2285 1504 2348 littera
1533 2287 1685 2368 incipiunt

349 2398 370 2460 b
404 2391 658 2460 contendentibus
695 2411 795 2475 neque
832 2392 963 2456 litteram
997 2410 1062 2454 earn
1095 2412 1162 2456 esse
1195 2403 1226 2457 et
1263 2413 1352 2477 posse
1389 2393 1436 2456 vel
1471 2371 1535 2456 non
1568 2393 1684 2456 adiecta

351 2506 400 2570 illa
429 2503 643 2586 aspirationem
671 2503 703 2564 in
732 2521 750 2584 p
780 2501 880 2604 littera
913 2500 1081 2564 secuudum
1107 2499 1182 2564 baec
1210 2507 1331 2568 nomina
1360 2502 1508 2586 intellegi,
1541 2504 1685 2584 quoniam

442 2673 734 2747 mmmmm

347 2881 349 2886 -
443 2849 457 2898 1
478 2839 551 2896 illud
570 2855 621 2894 orn.
640 2837 683 2906 Β,
702 2839 766 2896 odd.
787 2840 841 2895 Pov
941 2837 1018 2909 quod
1038 2855 1125 2894 cause
1144 2839 1222 2896 dicis
1240 2841 1278 2897 sii
1297 2843 1352 2898 Bo
1373 2845 1449 2915 quod
1469 2859 1555 2900 cuuss
1573 2839 1688 2896 adiectu

352 2927 390 2983 sii
409 2925 438 2980 P
527 2927 543 2976 i
563 2937 615 2991 per
634 2919 825 2976 (ΥΝΚΟΠΗΝ
844 2919 873 2974 Β
965 2935 1052 2975 causa
1069 2919 1160 2976 BPm
1252 2923 1294 2979 its
1313 2927 1343 2980 et
1360 2924 1473 2980 initiam
1492 2923 1686 2980 (ΥΝΚΟΠΗΝ

352 3003 556 3080 geminandum
573 3001 749 3071 putruerunt
766 2999 796 3054 Β
813 2999 856 3054 its
875 3001 904 3055 ei
922 2998 1005 3055 initis
1024 2999 1191 3057 (ΥΝΚΠΗΝ
1211 3003 1414 3073 geminandum
1433 3022 1447 3059 s
1465 3006 1640 3074 putauerunt
1662 3002 1690 3057 P

352 3089 394 3144 iis
412 3089 442 3142 ei
460 3082 544 3140 initis
561 3075 709 3150 coenosis
727 3079 931 3152 geminandum
947 3099 978 3156 ‘ss
997 3087 1169 3153 putauerunt
1196 3102 1232 3150 ov,
1255 3084 1298 3139 its
1317 3087 1347 3139 ei
1365 3086 1394 3140 in
1413 3084 1443 3139 id
1461 3085 1520 3140 iam
1539 3079 1688 3152 συγκοπὴν

356 3165 558 3240 geminandam
582 3165 757 3234 putruerunt
781 3161 946 3234 Poscitur,
969 3163 1012 3218 iia
1035 3164 1110 3220 euim
1133 3169 1252 3236 propter
1275 3162 1422 3235 oopsouiv
1446 3163 1648 3235 geminandum
1675 3185 1688 3218 s

353 3249 527 3320 putaverunt
546 3245 730 3300 Sclrneidemts
747 3258 863 3314 prorum.
883 3243 931 3302 lot.
951 3259 975 3302 c.
996 3245 1018 3299 I
1031 3261 1061 3314 p.
1081 3250 1139 3301 432
1233 3253 1249 3300 t
1268 3247 1422 3315 fortassee
1441 3244 1613 3316 quibusdem

354 3336 370 3386 b
389 3327 433 3384 ius
453 3325 630 3384 nominetiuo
651 3323 740 3380 Pius
759 3323 938 3380 nominatius
957 3325 985 3380 Β
1004 3324 1048 3381 ius
1068 3326 1198 3399 genitiuo
1217 3347 1239 3382 ω
1332 3334 1348 3382 6
1368 3326 1488 3400 Antoni]
1508 3327 1584 3381 Anto
1603 3325 1631 3380 Β

355 3463 545 3537 vgenetivis]
565 3459 710 3534 genitibus
728 3459 757 3514 B
831 3419 953 3516 ddebzi
970 3461 999 3516 Β
1018 3465 1047 3530 (a
1065 3478 1202 3532 superem.
1222 3463 1263 3532 b),
1283 3462 1386 3518 debeat
1407 3462 1463 3518 Po
1537 3479 1732 3518 numerum·

354 3609 461 3666 babere
485 3551 657 3664 sillubarurir⁸
658 3553 761 3675 upapam
784 3605 812 3660 Β
841 3605 957 3678 (bebere
980 3621 1115 3676 superior.
1141 3606 1181 3674 b),
1207 3622 1354 3661 nnmerum
1382 3606 1558 3679 syllabarum
1582 3606 1689 3662 hebere

360 3759 446 3815 quam
467 3742 521 3797 Po
596 3748 612 3797 9
632 3699 689 3812 qui
700 3741 788 3796 immo
807 3741 835 3796 Β
854 3740 993 3814 quiniimo
1014 3738 1042 3794 P
1104 3739 1195 3795 maior
1213 3741 1246 3794 fit
1261 3725 1417 3796 'Puteoliius
1435 3747 1460 3796 et
1479 3747 1510 3794 ut
1528 3741 1639 3796 ridetur
1652 3741 1690 3809 Β,

357 3825 449 3881 maior
468 3823 506 3878 sit
527 3823 581 3878 Po
690 3830 723 3878 10
742 3839 794 3894 per
812 3823 868 3879 duo
887 3821 908 3878 ii
927 3821 1017 3877 BPor
1118 3825 1216 3894 putem
1237 3839 1296 3878 esse
1315 3822 1495 3878 scribendum
1515 3842 1537 3876 m
1556 3825 1690 3893 putemus

358 3923 419 3963 esse
439 3904 590 3961 scribendo
610 3904 639 3959 P
656 3907 788 3974 putemus
807 3920 868 3960 esse
887 3903 1068 3959 scribendum
1086 3904 1123 3959 Β.
1148 3905 1260 3960 condem
1275 3905 1433 3959 doctrinam
1448 3903 1571 3960 Varroni
1590 3907 1692 3960 imbuit

358 3987 656 4055 clamememus
679 3984 713 4041 de
735 3988 857 4058 genetivo
880 3986 990 4056 duplici
1013 3987 1025 4040 i
1047 3986 1128 4053 finito
1149 3987 1339 4055 prorupisses,
1358 3985 1446 4057 idque
1466 3986 1555 4042 Verro
1573 3986 1692 4041 tradens

358 4067 448 4126 sdieii
465 4065 629 4123 vocativum
649 4082 761 4137 quoque
779 4066 953 4139 singularem
971 4066 1072 4122 tellum
1086 4066 1234 4122 nominum
1254 4083 1304 4138 per
1319 4067 1426 4138 duplex
1443 4067 1455 4122 i
1473 4066 1559 4122 scribi
1578 4067 1690 4134 debere,

318 4211 323 4222 .
358 4149 410 4208 sed
428 4150 548 4221 propter
566 4145 755 4203 differentium
775 4165 891 4204 casuum
911 4147 1055 4219 corrumpi
1139 4155 1172 4203 12
1193 4147 1298 4204 babere
1317 4164 1368 4204 om.
1388 4147 1425 4214 Β,
1445 4163 1580 4217 superscr.
1600 4146 1616 4201 b

360 4235 389 4288 ei
408 4248 424 4288 o
443 4229 517 4286 milii
535 4229 563 4284 Β
583 4231 612 4284 ei
630 4245 648 4284 o
667 4227 782 4284 Aemilii
804 4227 858 4283 Por
878 4245 894 4283 o
914 4227 1030 4284 Aemilii
1050 4229 1208 4286 Putscbiue.
1234 4249 1274 4286 un
1297 4234 1327 4286 ei
1348 4246 1364 4284 o
1385 4226 1538 4284 Tremelli?
1575 4227 1692 4281 Aemilii

359 4329 471 4380 mmm,
489 4327 543 4382 quo
561 4325 630 4366 usus
648 4315 687 4364 cst
705 4308 785 4366 Bedo
804 4311 837 4366 dc
856 4316 932 4369 metr.
943 4328 973 4381 p.
987 4315 1074 4378 2373,
1094 4313 1172 4382 apim
1193 4311 1352 4368 Clrurisium
1372 4313 1389 4368 l.
1410 4327 1431 4365 c.
1451 4309 1572 4364 restituit
1591 4305 1692 4361 Dousu

1228 4395 1236 4434 r

434 4453 467 4502 ta
487 4449 517 4502 et
535 4443 726 4518 scribendum]
746 4451 762 4502 e
782 4445 961 4502 scribendum
980 4445 1008 4500 Β
1083 4453 1116 4500 tt
1136 4445 1198 4502 sine
1219 4467 1247 4506 .s.
1267 4447 1365 4502 litters
1382 4445 1409 4500 B
1483 4443 1644 4500 scribentur
1665 4442 1695 4496 P

434 4533 467 4582 tc
487 4527 689 4598 speciebusque
711 4526 768 4582 Por
788 4530 1008 4598 spectemusque
1027 4526 1055 4582 B
1171 4535 1204 4584 17
1224 4545 1242 4584 s
1260 4526 1443 4599 quibusdem]
1464 4543 1482 4581 a
1500 4523 1631 4594 quisdam
1652 4523 1692 4578 P:

361 4609 405 4678 off
417 4607 524 4665 Coimut
552 4605 675 4672 Cossiod.
692 4625 721 4678 p.
737 4613 819 4666 2286
843 4607 899 4663 Vel.
920 4607 1006 4678 Loop.
1024 4625 1054 4678 p.
1072 4614 1162 4666 2238.
1184 4611 1203 4664 b
1223 4611 1343 4664 litterum
1361 4623 1416 4662 esse
1434 4610 1580 4676 neporcrat
1601 4601 1694 4660 Varro

360 4697 424 4746 leste
446 4691 595 4746 Prisciano
614 4690 632 4748 l.
652 4691 717 4761 Ip.
737 4695 781 4758 13,
802 4695 821 4748 8
840 4696 865 4747 et
883 4691 994 4760 ceptae.
1014 4691 1046 4745 in
1066 4690 1139 4746 Deo.
1155 4707 1187 4759 p.
1208 4693 1274 4754 520,
1293 4693 1330 4742 18
1348 4703 1404 4758 sqq.
1516 4684 1556 4739 eis
1577 4683 1694 4752 Peius,
1729 4677 1735 4690 '

360 4773 408 4829 sed
426 4773 513 4827 deleto
532 4789 550 4826 u
571 4773 664 4828 littero
682 4773 720 4841 Β,
739 4789 789 4830 om.
811 4792 832 4827 o
905 4770 937 4844 y]
957 4773 967 4826 i
989 4769 1017 4826 P
1090 4778 1123 4830 19
1143 4769 1316 4848 aspiratione
1330 4767 1428 4822 BPo.
1447 4768 1565 4838 sortasse
1584 4767 1694 4844 aspiro·

269 4925 274 4944 Ι
361 4855 468 4912 bouem
485 4871 505 4926 y
524 4853 637 4914 litterae
