<?xml version="1.0" encoding="UTF-8"?>
<!DOCTYPE html PUBLIC "-//W3C//DTD XHTML 1.0 Transitional//EN"
    "http://www.w3.org/TR/xhtml1/DTD/xhtml1-transitional.dtd">
<html xmlns="http://www.w3.org/1999/xhtml" xml:lang="en" lang="en">
 <head>
  <title>
</title>
<meta http-equiv="Content-Type" content="text/html;charset=utf-8" />
  <meta name='ocr-system' content='tesseract 3.04.00' />
  <meta name='ocr-capabilities' content='ocr_page ocr_carea ocr_par ocr_line ocrx_word'/>
</head>
<body>
  <div class='ocr_page' id='page_1' title='image "./grammaticilatin00unkngoog/grammaticilatin00unkngoog_0200.png"; bbox 0 0 3590 5486; ppageno 0'>
   <div class='ocr_carea' id='block_1_1' title="bbox 607 282 1459 402">
    <p class='ocr_par' dir='ltr' id='par_1_1' title="bbox 607 282 1459 402">
     <span class='ocr_line' id='line_1_1' title="bbox 607 282 1459 402; baseline 0 -13"><span class='ocrx_word' id='word_1_1' title='bbox 607 331 657 389; x_wconf 78' lang='lat' dir='ltr'><strong>DE</strong></span> <span class='ocrx_word' id='word_1_2' title='bbox 678 331 974 390; x_wconf 77' lang='lat' dir='ltr'><strong>ont&#39;floonupfltu</strong></span> <span class='ocrx_word' id='word_1_3' title='bbox 1111 282 1116 286; x_wconf 21' lang='grc' dir='ltr'>ι</span> <span class='ocrx_word' id='word_1_4' title='bbox 1394 335 1459 402; x_wconf 83' lang='lat'><strong>185</strong></span> 
     </span>
    </p>
   </div>
   <div class='ocr_carea' id='block_1_2' title="bbox 35 434 1461 914">
    <p class='ocr_par' dir='ltr' id='par_1_2' title="bbox 35 434 1461 714">
     <span class='ocr_line' id='line_1_2' title="bbox 120 434 288 484; baseline -0.006 -7"><span class='ocrx_word' id='word_1_5' title='bbox 120 446 144 484; x_wconf 75' lang='lat' dir='ltr'><strong>p.</strong></span> <span class='ocrx_word' id='word_1_6' title='bbox 159 434 221 477; x_wconf 71' lang='lat'><strong>28⁰8.</strong></span> <span class='ocrx_word' id='word_1_7' title='bbox 236 435 288 477; x_wconf 71' lang='lat'><strong>41³.</strong></span> 
     </span>
     <span class='ocr_line' id='line_1_3' title="bbox 122 517 1461 606; baseline 0.004 -24"><span class='ocrx_word' id='word_1_8' title='bbox 122 530 155 583; x_wconf 82' lang='grc' dir='ltr'><strong>ιιι</strong></span> <span class='ocrx_word' id='word_1_9' title='bbox 179 520 341 584; x_wconf 88' lang='lat' dir='ltr'><strong>advocatus</strong></span> <span class='ocrx_word' id='word_1_10' title='bbox 365 518 506 583; x_wconf 82' lang='lat' dir='ltr'><strong>frivolum</strong></span> <span class='ocrx_word' id='word_1_11' title='bbox 530 517 657 584; x_wconf 88' lang='lat' dir='ltr'><strong>devotus</strong></span> <span class='ocrx_word' id='word_1_12' title='bbox 681 521 819 584; x_wconf 76' lang='lat' dir='ltr'><strong>favonius</strong></span> <span class='ocrx_word' id='word_1_13' title='bbox 842 519 1022 604; x_wconf 87' lang='lat' dir='ltr'><strong>divortium,</strong></span> <span class='ocrx_word' id='word_1_14' title='bbox 1050 519 1159 586; x_wconf 79' lang='lat' dir='ltr'><strong>abuma</strong></span> <span class='ocrx_word' id='word_1_15' title='bbox 1184 532 1215 587; x_wconf 86' lang='lat' dir='ltr'><strong>et</strong></span> <span class='ocrx_word' id='word_1_16' title='bbox 1243 523 1348 588; x_wconf 87' lang='lat' dir='ltr'><strong>subole</strong></span> <span class='ocrx_word' id='word_1_17' title='bbox 1372 543 1461 606; x_wconf 85' lang='lat' dir='ltr'><strong>regu·</strong></span> 
     </span>
     <span class='ocr_line' id='line_1_4' title="bbox 35 627 995 714; baseline 0.002 -24"><span class='ocrx_word' id='word_1_18' title='bbox 35 657 37 662; x_wconf 34' lang='lat' dir='ltr'><strong>v</strong></span> <span class='ocrx_word' id='word_1_19' title='bbox 61 653 72 663; x_wconf 91' lang='lat'>·</span> <span class='ocrx_word' id='word_1_20' title='bbox 121 627 179 692; x_wconf 90' lang='lat' dir='ltr'><strong>lam</strong></span> <span class='ocrx_word' id='word_1_21' title='bbox 204 637 331 712; x_wconf 84' lang='lat' dir='ltr'><strong>propter</strong></span> <span class='ocrx_word' id='word_1_22' title='bbox 352 631 610 713; x_wconf 60' lang='lat' dir='ltr'>praepositiones,</span> <span class='ocrx_word' id='word_1_23' title='bbox 634 638 669 692; x_wconf 93' lang='lat' dir='ltr'><strong>ut</strong></span> <span class='ocrx_word' id='word_1_24' title='bbox 690 639 781 712; x_wconf 90' lang='lat' dir='ltr'><strong>puto,</strong></span> <span class='ocrx_word' id='word_1_25' title='bbox 806 627 995 714; x_wconf 75' lang='lat' dir='ltr'><strong>negantibus.</strong></span> 
     </span>
    </p>

    <p class='ocr_par' dir='ltr' id='par_1_3' title="bbox 122 736 1461 914">
     <span class='ocr_line' id='line_1_5' title="bbox 212 736 1461 823; baseline 0.004 -24"><span class='ocrx_word' id='word_1_26' title='bbox 212 736 258 801; x_wconf 89' lang='lat' dir='ltr'><strong>Bu</strong></span> <span class='ocrx_word' id='word_1_27' title='bbox 289 736 400 820; x_wconf 76' lang='lat' dir='ltr'>syllaba</span> <span class='ocrx_word' id='word_1_28' title='bbox 429 755 485 820; x_wconf 89' lang='lat' dir='ltr'><strong>per</strong></span> <span class='ocrx_word' id='word_1_29' title='bbox 515 736 535 799; x_wconf 91' lang='lat' dir='ltr'><strong>b</strong></span> <span class='ocrx_word' id='word_1_30' title='bbox 566 745 680 802; x_wconf 86' lang='lat' dir='ltr'><strong>mutarn</strong></span> <span class='ocrx_word' id='word_1_31' title='bbox 710 747 834 802; x_wconf 82' lang='lat' dir='ltr'><strong>notetur</strong></span> <span class='ocrx_word' id='word_1_32' title='bbox 865 739 1049 823; x_wconf 79' lang='lat' dir='ltr'><strong>certissime,</strong></span> <span class='ocrx_word' id='word_1_33' title='bbox 1087 749 1123 803; x_wconf 91' lang='lat' dir='ltr'><strong>ut</strong></span> <span class='ocrx_word' id='word_1_34' title='bbox 1152 741 1285 804; x_wconf 86' lang='lat' dir='ltr'><strong>tribunal</strong></span> <span class='ocrx_word' id='word_1_35' title='bbox 1315 739 1461 805; x_wconf 84' lang='lat' dir='ltr'><strong>robustus</strong></span> 
     </span>
     <span class='ocr_line' id='line_1_6' title="bbox 122 843 1461 914; baseline 0.005 -8"><span class='ocrx_word' id='word_1_36' title='bbox 122 844 301 909; x_wconf 84' lang='lat' dir='ltr'><strong>vocabulum</strong></span> <span class='ocrx_word' id='word_1_37' title='bbox 324 845 477 909; x_wconf 85' lang='lat' dir='ltr'><strong>stnbrdum</strong></span> <span class='ocrx_word' id='word_1_38' title='bbox 501 843 625 908; x_wconf 91' lang='lat' dir='ltr'><strong>ebulum</strong></span> <span class='ocrx_word' id='word_1_39' title='bbox 648 847 832 911; x_wconf 88' lang='lat' dir='ltr'><strong>vestibulum</strong></span> <span class='ocrx_word' id='word_1_40' title='bbox 852 847 1037 911; x_wconf 80' lang='lat' dir='ltr'><strong>cunabulum</strong></span> <span class='ocrx_word' id='word_1_41' title='bbox 1057 848 1258 913; x_wconf 88' lang='lat' dir='ltr'><strong>moribundus</strong></span> <span class='ocrx_word' id='word_1_42' title='bbox 1276 849 1461 914; x_wconf 82' lang='lat' dir='ltr'><strong>turbandus</strong></span> 
     </span>
    </p>
   </div>
   <div class='ocr_carea' id='block_1_3' title="bbox 95 953 1570 1043">
    <p class='ocr_par' dir='ltr' id='par_1_4' title="bbox 95 953 1570 1043">
     <span class='ocr_line' id='line_1_7' title="bbox 95 953 1570 1043; baseline 0.003 -25"><span class='ocrx_word' id='word_1_43' title='bbox 95 963 212 1038; x_wconf 67' lang='lat' dir='ltr'><strong>ratque</strong></span> <span class='ocrx_word' id='word_1_44' title='bbox 232 956 333 1018; x_wconf 86' lang='lat' dir='ltr'><strong>omnia</strong></span> <span class='ocrx_word' id='word_1_45' title='bbox 354 955 436 1039; x_wconf 85' lang='lat' dir='ltr'><strong>talla,</strong></span> <span class='ocrx_word' id='word_1_46' title='bbox 460 953 608 1018; x_wconf 87' lang='lat' dir='ltr'><strong>avunculo</strong></span> <span class='ocrx_word' id='word_1_47' title='bbox 628 962 746 1018; x_wconf 71' lang='lat' dir='ltr'><strong>mutuam</strong></span> <span class='ocrx_word' id='word_1_48' title='bbox 765 958 866 1020; x_wconf 88' lang='lat' dir='ltr'><strong>minus</strong></span> <span class='ocrx_word' id='word_1_49' title='bbox 885 955 1008 1039; x_wconf 90' lang='lat' dir='ltr'><strong>regulae</strong></span> <span class='ocrx_word' id='word_1_50' title='bbox 1033 968 1266 1043; x_wconf 87' lang='lat' dir='ltr'><strong>connumerato,</strong></span> <span class='ocrx_word' id='word_1_51' title='bbox 1290 959 1358 1023; x_wconf 89' lang='lat' dir='ltr'><strong>ideo</strong></span> <span class='ocrx_word' id='word_1_52' title='bbox 1379 959 1459 1041; x_wconf 89' lang='lat' dir='ltr'><strong>quod</strong></span> <span class='ocrx_word' id='word_1_53' title='bbox 1505 955 1508 960; x_wconf 76' lang='grc'><strong>’</strong></span> <span class='ocrx_word' id='word_1_54' title='bbox 1568 1039 1570 1042; x_wconf 17' lang='lat'>¹</span> 
     </span>
    </p>
   </div>
   <div class='ocr_carea' id='block_1_4' title="bbox 121 1048 1538 1366">
    <p class='ocr_par' dir='ltr' id='par_1_5' title="bbox 121 1048 1538 1366">
     <span class='ocr_line' id='line_1_8' title="bbox 121 1048 1458 1150; baseline 0.004 -24"><span class='ocrx_word' id='word_1_55' title='bbox 121 1065 250 1126; x_wconf 81' lang='lat' dir='ltr'><strong>formam</strong></span> <span class='ocrx_word' id='word_1_56' title='bbox 264 1048 451 1128; x_wconf 73' lang='lat' dir='ltr'><strong>&#39;dambrutlvi</strong></span> <span class='ocrx_word' id='word_1_57' title='bbox 474 1063 521 1127; x_wconf 84' lang='lat' dir='ltr'><strong>vel</strong></span> <span class='ocrx_word' id='word_1_58' title='bbox 544 1063 701 1134; x_wconf 78' lang='lat' dir='ltr'><strong>derivativi</strong></span> <span class='ocrx_word' id='word_1_59' title='bbox 725 1083 846 1128; x_wconf 81' lang='lat' dir='ltr'><strong>servare</strong></span> <span class='ocrx_word' id='word_1_60' title='bbox 867 1067 991 1129; x_wconf 91' lang='lat' dir='ltr'><strong>minime</strong></span> <span class='ocrx_word' id='word_1_61' title='bbox 1015 1064 1171 1130; x_wconf 88' lang='lat' dir='ltr'><strong>dubitatur</strong></span> <span class='ocrx_word' id='word_1_62' title='bbox 1190 1075 1222 1130; x_wconf 89' lang='lat' dir='ltr'><strong>et</strong></span> <span class='ocrx_word' id='word_1_63' title='bbox 1244 1070 1331 1150; x_wconf 87' lang='lat' dir='ltr'><strong>quasi</strong></span> <span class='ocrx_word' id='word_1_64' title='bbox 1354 1071 1458 1132; x_wconf 78' lang='lat' dir='ltr'><strong>uenire</strong></span> 
     </span>
     <span class='ocr_line' id='line_1_9' title="bbox 121 1171 1538 1257; baseline 0 -23"><span class='ocrx_word' id='word_1_65' title='bbox 121 1172 157 1235; x_wconf 85' lang='lat' dir='ltr'><strong>ab</strong></span> <span class='ocrx_word' id='word_1_66' title='bbox 172 1191 228 1234; x_wconf 90' lang='lat' dir='ltr'><strong>avo</strong></span> <span class='ocrx_word' id='word_1_67' title='bbox 243 1171 478 1237; x_wconf 80' lang='lat' dir='ltr'><strong>demonstratur.</strong></span> <span class='ocrx_word' id='word_1_68' title='bbox 502 1191 590 1238; x_wconf 89' lang='lat' dir='ltr'><strong>avum</strong></span> <span class='ocrx_word' id='word_1_69' title='bbox 604 1192 676 1238; x_wconf 91' lang='lat' dir='ltr'><strong>vero</strong></span> <span class='ocrx_word' id='word_1_70' title='bbox 691 1193 774 1257; x_wconf 86' lang='lat' dir='ltr'><strong>perv</strong></span> <span class='ocrx_word' id='word_1_71' title='bbox 788 1173 961 1256; x_wconf 78' lang='lat' dir='ltr'><strong>digammon</strong></span> <span class='ocrx_word' id='word_1_72' title='bbox 976 1173 1069 1238; x_wconf 89' lang='lat' dir='ltr'><strong>scribi</strong></span> <span class='ocrx_word' id='word_1_73' title='bbox 1083 1193 1158 1238; x_wconf 92' lang='lat' dir='ltr'><strong>suus</strong></span> <span class='ocrx_word' id='word_1_74' title='bbox 1172 1175 1257 1240; x_wconf 81' lang='lat' dir='ltr'><strong>locrus</strong></span> <span class='ocrx_word' id='word_1_75' title='bbox 1268 1177 1460 1242; x_wconf 86' lang='lat' dir='ltr'><strong>monstrabit.</strong></span> <span class='ocrx_word' id='word_1_76' title='bbox 1536 1227 1538 1234; x_wconf 32' lang='grc' dir='ltr'>ι</span> 
     </span>
     <span class='ocr_line' id='line_1_10' title="bbox 202 1280 668 1366; baseline 0.004 -22"><span class='ocrx_word' id='word_1_77' title='bbox 202 1280 294 1354; x_wconf 78' lang='lat' dir='ltr'><strong>‚lieoc</strong></span> <span class='ocrx_word' id='word_1_78' title='bbox 317 1281 354 1344; x_wconf 89' lang='lat' dir='ltr'><strong>de</strong></span> <span class='ocrx_word' id='word_1_79' title='bbox 379 1281 487 1346; x_wconf 89' lang='lat' dir='ltr'><strong>mediis</strong></span> <span class='ocrx_word' id='word_1_80' title='bbox 510 1282 668 1366; x_wconf 76' lang='lat' dir='ltr'><strong>syllabis!</strong></span> 
     </span>
    </p>
   </div>
   <div class='ocr_carea' id='block_1_5' title="bbox 168 1415 1615 1522">
    <p class='ocr_par' dir='ltr' id='par_1_6' title="bbox 168 1415 1615 1522">
     <span class='ocr_line' id='line_1_11' title="bbox 168 1415 1615 1522; baseline 0.005 -16"><span class='ocrx_word' id='word_1_81' title='bbox 168 1439 251 1522; x_wconf 79' lang='lat' dir='ltr'><strong>vu</strong></span> <span class='ocrx_word' id='word_1_82' title='bbox 281 1439 392 1508; x_wconf 83' lang='lat' dir='ltr'><strong>mun</strong></span> <span class='ocrx_word' id='word_1_83' title='bbox 415 1439 617 1510; x_wconf 83' lang='lat' dir='ltr'><strong>nrvsnuu</strong></span> <span class='ocrx_word' id='word_1_84' title='bbox 640 1441 866 1510; x_wconf 76' lang='lat' dir='ltr'><strong>mauron</strong></span> <span class='ocrx_word' id='word_1_85' title='bbox 890 1442 950 1511; x_wconf 85' lang='lat' dir='ltr'><strong>nn</strong></span> <span class='ocrx_word' id='word_1_86' title='bbox 975 1441 1156 1511; x_wconf 76' lang='lat' dir='ltr'><strong>mamus</strong></span> <span class='ocrx_word' id='word_1_87' title='bbox 1182 1442 1396 1514; x_wconf 80' lang='lat' dir='ltr'><strong>svnnlnus</strong></span> <span class='ocrx_word' id='word_1_88' title='bbox 1514 1415 1555 1513; x_wconf 72' lang='grc' dir='ltr'>ᾖ</span> <span class='ocrx_word' id='word_1_89' title='bbox 1609 1460 1615 1472; x_wconf 92' lang='grc'><em>·</em></span> 
     </span>
    </p>
   </div>
   <div class='ocr_carea' id='block_1_6' title="bbox 87 1567 1462 1985">
    <p class='ocr_par' dir='ltr' id='par_1_7' title="bbox 87 1567 1462 1985">
     <span class='ocr_line' id='line_1_12' title="bbox 87 1567 1260 1658; baseline 0.004 -25"><span class='ocrx_word' id='word_1_90' title='bbox 87 1601 111 1641; x_wconf 72' lang='grc' dir='ltr'><strong>ιο</strong></span> <span class='ocrx_word' id='word_1_91' title='bbox 214 1570 377 1654; x_wconf 85' lang='lat' dir='ltr'><strong>Reliquum</strong></span> <span class='ocrx_word' id='word_1_92' title='bbox 401 1581 448 1634; x_wconf 89' lang='lat' dir='ltr'><strong>est</strong></span> <span class='ocrx_word' id='word_1_93' title='bbox 472 1572 586 1637; x_wconf 88' lang='lat' dir='ltr'><strong>ultimis</strong></span> <span class='ocrx_word' id='word_1_94' title='bbox 610 1577 767 1636; x_wconf 90' lang='lat' dir='ltr'><strong>nominum</strong></span> <span class='ocrx_word' id='word_1_95' title='bbox 791 1574 912 1656; x_wconf 76' lang='lat' dir='ltr'><strong>syllabis</strong></span> <span class='ocrx_word' id='word_1_96' title='bbox 936 1567 1096 1658; x_wconf 84' lang='lat' dir='ltr'><strong>imponere</strong></span> <span class='ocrx_word' id='word_1_97' title='bbox 1117 1576 1260 1639; x_wconf 88' lang='lat' dir='ltr'><strong>studium.</strong></span> 
     </span>
     <span class='ocr_line' id='line_1_13' title="bbox 212 1679 1460 1766; baseline 0.005 -25"><span class='ocrx_word' id='word_1_98' title='bbox 212 1680 254 1743; x_wconf 88' lang='lat' dir='ltr'><strong>Va</strong></span> <span class='ocrx_word' id='word_1_99' title='bbox 277 1679 389 1763; x_wconf 75' lang='lat' dir='ltr'><strong>syllaba</strong></span> <span class='ocrx_word' id='word_1_100' title='bbox 413 1685 543 1746; x_wconf 90' lang='lat' dir='ltr'><strong>nominis</strong></span> <span class='ocrx_word' id='word_1_101' title='bbox 569 1685 744 1766; x_wconf 87' lang='lat' dir='ltr'><strong>terminata,</strong></span> <span class='ocrx_word' id='word_1_102' title='bbox 772 1683 922 1764; x_wconf 87' lang='lat' dir='ltr'><strong>siquidem</strong></span> <span class='ocrx_word' id='word_1_103' title='bbox 950 1684 960 1745; x_wconf 98' lang='lat' dir='ltr'><strong>l</strong></span> <span class='ocrx_word' id='word_1_104' title='bbox 983 1683 1113 1747; x_wconf 89' lang='lat' dir='ltr'><strong>antelata</strong></span> <span class='ocrx_word' id='word_1_105' title='bbox 1142 1683 1242 1747; x_wconf 90' lang='lat' dir='ltr'><strong>littera</strong></span> <span class='ocrx_word' id='word_1_106' title='bbox 1272 1683 1318 1746; x_wconf 75' lang='grc' dir='ltr'><strong>ιιΙ</strong></span> <span class='ocrx_word' id='word_1_107' title='bbox 1349 1685 1460 1747; x_wconf 86' lang='lat' dir='ltr'><strong>vocalis</strong></span> 
     </span>
     <span class='ocr_line' id='line_1_14' title="bbox 122 1785 1462 1876; baseline 0.001 -25"><span class='ocrx_word' id='word_1_108' title='bbox 122 1797 229 1852; x_wconf 87' lang='lat' dir='ltr'><strong>natura</strong></span> <span class='ocrx_word' id='word_1_109' title='bbox 260 1785 347 1872; x_wconf 85' lang='lat' dir='ltr'><strong>longa</strong></span> <span class='ocrx_word' id='word_1_110' title='bbox 375 1792 405 1852; x_wconf 91' lang='lat' dir='ltr'><strong>in</strong></span> <span class='ocrx_word' id='word_1_111' title='bbox 434 1790 617 1873; x_wconf 81' lang='lat' dir='ltr'><strong>paenultima</strong></span> <span class='ocrx_word' id='word_1_112' title='bbox 647 1792 754 1876; x_wconf 81' lang='lat' dir='ltr'><strong>iurarit,</strong></span> <span class='ocrx_word' id='word_1_113' title='bbox 782 1809 879 1873; x_wconf 83' lang='lat' dir='ltr'><strong>perv</strong></span> <span class='ocrx_word' id='word_1_114' title='bbox 908 1791 1076 1874; x_wconf 90' lang='lat' dir='ltr'><strong>scribetur,</strong></span> <span class='ocrx_word' id='word_1_115' title='bbox 1105 1799 1139 1855; x_wconf 92' lang='lat' dir='ltr'><strong>ut</strong></span> <span class='ocrx_word' id='word_1_116' title='bbox 1167 1790 1239 1854; x_wconf 87' lang='lat' dir='ltr'><strong>silva</strong></span> <span class='ocrx_word' id='word_1_117' title='bbox 1269 1792 1462 1856; x_wconf 84' lang='lat' dir='ltr'><strong>malvaulva</strong></span> 
     </span>
     <span class='ocr_line' id='line_1_15' title="bbox 122 1896 1461 1985; baseline 0.004 -27"><span class='ocrx_word' id='word_1_118' title='bbox 122 1896 208 1959; x_wconf 89' lang='lat' dir='ltr'><strong>vulva</strong></span> <span class='ocrx_word' id='word_1_119' title='bbox 232 1897 314 1960; x_wconf 77' lang='lat' dir='ltr'><strong>caica</strong></span> <span class='ocrx_word' id='word_1_120' title='bbox 339 1917 394 1961; x_wconf 89' lang='lat' dir='ltr'><strong>uva</strong></span> <span class='ocrx_word' id='word_1_121' title='bbox 418 1901 494 1963; x_wconf 88' lang='lat' dir='ltr'><strong>stiva</strong></span> <span class='ocrx_word' id='word_1_122' title='bbox 518 1900 594 1963; x_wconf 92' lang='lat' dir='ltr'><strong>oliva</strong></span> <span class='ocrx_word' id='word_1_123' title='bbox 622 1899 727 1983; x_wconf 86' lang='lat' dir='ltr'><strong>saliva,</strong></span> <span class='ocrx_word' id='word_1_124' title='bbox 754 1908 877 1982; x_wconf 89' lang='lat' dir='ltr'><strong>praeter</strong></span> <span class='ocrx_word' id='word_1_125' title='bbox 905 1899 1021 1985; x_wconf 84' lang='lat' dir='ltr'><strong>balbas,</strong></span> <span class='ocrx_word' id='word_1_126' title='bbox 1051 1901 1077 1963; x_wconf 89' lang='lat' dir='ltr'><strong>sl</strong></span> <span class='ocrx_word' id='word_1_127' title='bbox 1106 1910 1206 1962; x_wconf 89' lang='lat' dir='ltr'><strong>tamen</strong></span> <span class='ocrx_word' id='word_1_128' title='bbox 1235 1903 1321 1983; x_wconf 88' lang='lat' dir='ltr'><strong>prior</strong></span> <span class='ocrx_word' id='word_1_129' title='bbox 1349 1900 1461 1983; x_wconf 76' lang='lat' dir='ltr'><strong>syllaba</strong></span> 
     </span>
    </p>
   </div>
   <div class='ocr_carea' id='block_1_7' title="bbox 123 2071 1462 2216">
    <p class='ocr_par' dir='ltr' id='par_1_8' title="bbox 123 2071 1462 2216">
     <span class='ocr_line' id='line_1_16' title="bbox 214 2071 1461 2132; baseline 0.004 -5"><span class='ocrx_word' id='word_1_130' title='bbox 214 2078 228 2127; x_wconf 90' lang='lat'>1</span> <span class='ocrx_word' id='word_1_131' title='bbox 250 2071 384 2131; x_wconf 85' lang='lat' dir='ltr'><strong>iriuolruu</strong></span> <span class='ocrx_word' id='word_1_132' title='bbox 402 2073 431 2128; x_wconf 96' lang='grc' dir='ltr'><strong><em>Β</em></strong></span> <span class='ocrx_word' id='word_1_133' title='bbox 449 2073 568 2131; x_wconf 78' lang='lat' dir='ltr'><strong>friuolus</strong></span> <span class='ocrx_word' id='word_1_134' title='bbox 589 2073 614 2132; x_wconf 83' lang='lat'><em>0</em></span> <span class='ocrx_word' id='word_1_135' title='bbox 629 2072 735 2130; x_wconf 82' lang='lat' dir='ltr'><strong>friuola</strong></span> <span class='ocrx_word' id='word_1_136' title='bbox 753 2075 782 2130; x_wconf 99' lang='lat' dir='ltr'><strong><em>A</em></strong></span> <span class='ocrx_word' id='word_1_137' title='bbox 845 2075 977 2131; x_wconf 80' lang='lat' dir='ltr'><strong>leuonius</strong></span> <span class='ocrx_word' id='word_1_138' title='bbox 996 2075 1153 2132; x_wconf 77' lang='lat' dir='ltr'><strong>diuortium</strong></span> <span class='ocrx_word' id='word_1_139' title='bbox 1166 2075 1330 2132; x_wconf 74' lang='lat' dir='ltr'><strong>abortiuum</strong></span> <span class='ocrx_word' id='word_1_140' title='bbox 1347 2076 1379 2132; x_wconf 81' lang='lat' dir='ltr'><strong>eb</strong></span> <span class='ocrx_word' id='word_1_141' title='bbox 1397 2076 1461 2132; x_wconf 82' lang='lat' dir='ltr'><strong>sub</strong></span> 
     </span>
     <span class='ocr_line' id='line_1_17' title="bbox 123 2154 1462 2216; baseline 0 -4"><span class='ocrx_word' id='word_1_142' title='bbox 123 2154 198 2214; x_wconf 85' lang='lat' dir='ltr'><strong>olem</strong></span> <span class='ocrx_word' id='word_1_143' title='bbox 217 2157 246 2212; x_wconf 99' lang='lat' dir='ltr'><strong><em>A</em></strong></span> <span class='ocrx_word' id='word_1_144' title='bbox 263 2154 383 2214; x_wconf 79' lang='lat' dir='ltr'><strong>inueniri</strong></span> <span class='ocrx_word' id='word_1_145' title='bbox 402 2155 529 2214; x_wconf 78' lang='lat' dir='ltr'><strong>diuortii</strong></span> <span class='ocrx_word' id='word_1_146' title='bbox 548 2156 682 2214; x_wconf 72' lang='lat' dir='ltr'><strong>eborum</strong></span> <span class='ocrx_word' id='word_1_147' title='bbox 702 2160 732 2216; x_wconf 79' lang='lat' dir='ltr'><strong>eb</strong></span> <span class='ocrx_word' id='word_1_148' title='bbox 750 2157 850 2215; x_wconf 74' lang='lat' dir='ltr'><strong>subole</strong></span> <span class='ocrx_word' id='word_1_149' title='bbox 871 2156 1058 2214; x_wconf 81' lang='lat' dir='ltr'><strong>Gieuouium</strong></span> <span class='ocrx_word' id='word_1_150' title='bbox 1077 2158 1210 2215; x_wconf 79' lang='lat' dir='ltr'><strong>abortum</strong></span> <span class='ocrx_word' id='word_1_151' title='bbox 1229 2160 1260 2213; x_wconf 81' lang='lat' dir='ltr'><strong>el</strong></span> <span class='ocrx_word' id='word_1_152' title='bbox 1284 2154 1414 2213; x_wconf 82' lang='lat' dir='ltr'><strong>subolem</strong></span> <span class='ocrx_word' id='word_1_153' title='bbox 1433 2156 1462 2212; x_wconf 98' lang='grc' dir='ltr'><strong><em>Β</em></strong></span> 
     </span>
    </p>
   </div>
   <div class='ocr_carea' id='block_1_8' title="bbox 176 2235 1554 2324">
    <p class='ocr_par' dir='ltr' id='par_1_9' title="bbox 176 2235 1554 2324">
     <span class='ocr_line' id='line_1_18' title="bbox 176 2235 1554 2324; baseline 0.002 -31"><span class='ocrx_word' id='word_1_154' title='bbox 176 2243 193 2292; x_wconf 77' lang='lat'>2</span> <span class='ocrx_word' id='word_1_155' title='bbox 218 2239 338 2310; x_wconf 80' lang='lat' dir='ltr'><strong>propter</strong></span> <span class='ocrx_word' id='word_1_156' title='bbox 360 2235 564 2324; x_wconf 62' lang='lat' dir='ltr'><strong>propositionis</strong></span> <span class='ocrx_word' id='word_1_157' title='bbox 581 2237 611 2294; x_wconf 93' lang='grc' dir='ltr'><strong><em>Β</em></strong></span> <span class='ocrx_word' id='word_1_158' title='bbox 703 2237 896 2296; x_wconf 82' lang='lat' dir='ltr'><strong>t&#39;auumcnlo</strong></span> <span class='ocrx_word' id='word_1_159' title='bbox 920 2241 982 2296; x_wconf 73' lang='lat' dir='ltr'><strong>baffi</strong></span> <span class='ocrx_word' id='word_1_160' title='bbox 1006 2239 1101 2296; x_wconf 87' lang='lat' dir='ltr'><strong>miuus</strong></span> <span class='ocrx_word' id='word_1_161' title='bbox 1119 2243 1148 2296; x_wconf 90' lang='lat' dir='ltr'><strong><em>A</em></strong></span> <span class='ocrx_word' id='word_1_162' title='bbox 1171 2241 1329 2298; x_wconf 81' lang='lat' dir='ltr'><strong>auunculus</strong></span> <span class='ocrx_word' id='word_1_163' title='bbox 1347 2241 1462 2296; x_wconf 69' lang='lat' dir='ltr'><strong>mulum</strong></span> <span class='ocrx_word' id='word_1_164' title='bbox 1543 2293 1554 2306; x_wconf 84' lang='grc'><em>,</em></span> 
     </span>
    </p>
   </div>
   <div class='ocr_carea' id='block_1_9' title="bbox 123 2326 1463 2468">
    <p class='ocr_par' dir='ltr' id='par_1_10' title="bbox 123 2326 1463 2468">
     <span class='ocr_line' id='line_1_19' title="bbox 123 2326 1462 2404; baseline 0.003 -22"><span class='ocrx_word' id='word_1_165' title='bbox 123 2326 215 2384; x_wconf 83' lang='lat' dir='ltr'><strong>minus</strong></span> <span class='ocrx_word' id='word_1_166' title='bbox 235 2326 260 2383; x_wconf 84' lang='lat'><em>0</em></span> <span class='ocrx_word' id='word_1_167' title='bbox 281 2327 423 2384; x_wconf 84' lang='lat' dir='ltr'><strong>auunculo</strong></span> <span class='ocrx_word' id='word_1_168' title='bbox 442 2331 468 2384; x_wconf 83' lang='lat' dir='ltr'><strong>tt</strong></span> <span class='ocrx_word' id='word_1_169' title='bbox 486 2327 602 2384; x_wconf 89' lang='lat' dir='ltr'><strong>nomine</strong></span> <span class='ocrx_word' id='word_1_170' title='bbox 625 2328 719 2386; x_wconf 81' lang='lat' dir='ltr'><strong>miuus</strong></span> <span class='ocrx_word' id='word_1_171' title='bbox 738 2330 766 2386; x_wconf 96' lang='grc' dir='ltr'><strong><em>Β</em></strong></span> <span class='ocrx_word' id='word_1_172' title='bbox 845 2329 909 2386; x_wconf 86' lang='lat' dir='ltr'><strong>ideo</strong></span> <span class='ocrx_word' id='word_1_173' title='bbox 928 2330 1016 2404; x_wconf 88' lang='lat' dir='ltr'><strong>quod]</strong></span> <span class='ocrx_word' id='word_1_174' title='bbox 1041 2330 1164 2402; x_wconf 88' lang='lat' dir='ltr'><strong>ideoque</strong></span> <span class='ocrx_word' id='word_1_175' title='bbox 1183 2330 1277 2388; x_wconf 81' lang='lat' dir='ltr'><strong>ABG</strong></span> <span class='ocrx_word' id='word_1_176' title='bbox 1347 2336 1462 2387; x_wconf 74' lang='lat' dir='ltr'><strong>imon·</strong></span> 
     </span>
     <span class='ocr_line' id='line_1_20' title="bbox 123 2405 1463 2468; baseline 0.001 -4"><span class='ocrx_word' id='word_1_177' title='bbox 123 2407 227 2464; x_wconf 71' lang='lat' dir='ltr'><strong>amnuit</strong></span> <span class='ocrx_word' id='word_1_178' title='bbox 249 2405 342 2464; x_wconf 77' lang='lat' dir='ltr'><strong>Ano</strong></span> <span class='ocrx_word' id='word_1_179' title='bbox 413 2407 626 2466; x_wconf 74' lang='lat' dir='ltr'><strong>omunmnss</strong></span> <span class='ocrx_word' id='word_1_180' title='bbox 650 2411 708 2468; x_wconf 79' lang='lat' dir='ltr'><strong>AO</strong></span> <span class='ocrx_word' id='word_1_181' title='bbox 779 2410 829 2468; x_wconf 83' lang='lat' dir='ltr'><strong>DE</strong></span> <span class='ocrx_word' id='word_1_182' title='bbox 853 2411 999 2468; x_wconf 82' lang='lat' dir='ltr'><strong>ULTlldA</strong></span> <span class='ocrx_word' id='word_1_183' title='bbox 1023 2411 1193 2468; x_wconf 80' lang='lat' dir='ltr'><strong><em>SYLLABA</em></strong></span> <span class='ocrx_word' id='word_1_184' title='bbox 1215 2413 1245 2468; x_wconf 94' lang='lat' dir='ltr'><strong><em>A</em></strong></span> <span class='ocrx_word' id='word_1_185' title='bbox 1320 2417 1352 2467; x_wconf 82' lang='lat' dir='ltr'><strong>tt</strong></span> <span class='ocrx_word' id='word_1_186' title='bbox 1379 2410 1463 2467; x_wconf 82' lang='lat' dir='ltr'><strong>uulua</strong></span> 
     </span>
    </p>
   </div>
   <div class='ocr_carea' id='block_1_10' title="bbox 123 2477 1581 2572">
    <p class='ocr_par' dir='ltr' id='par_1_11' title="bbox 123 2477 1581 2572">
     <span class='ocr_line' id='line_1_21' title="bbox 123 2477 1581 2572; baseline 0.001 -26"><span class='ocrx_word' id='word_1_187' title='bbox 123 2506 180 2546; x_wconf 74' lang='lat' dir='ltr'><strong>uus</strong></span> <span class='ocrx_word' id='word_1_188' title='bbox 205 2489 284 2548; x_wconf 72' lang='lat' dir='ltr'><strong>adua</strong></span> <span class='ocrx_word' id='word_1_189' title='bbox 305 2489 334 2544; x_wconf 97' lang='lat' dir='ltr'><strong><em>A</em></strong></span> <span class='ocrx_word' id='word_1_190' title='bbox 356 2488 440 2546; x_wconf 82' lang='lat' dir='ltr'><strong>colun</strong></span> <span class='ocrx_word' id='word_1_191' title='bbox 463 2488 578 2546; x_wconf 75' lang='lat' dir='ltr'><strong>uastius</strong></span> <span class='ocrx_word' id='word_1_192' title='bbox 596 2489 621 2546; x_wconf 80' lang='lat'><em>0</em></span> <span class='ocrx_word' id='word_1_193' title='bbox 641 2491 727 2550; x_wconf 83' lang='lat' dir='ltr'><strong>elsua</strong></span> <span class='ocrx_word' id='word_1_194' title='bbox 748 2509 806 2549; x_wconf 82' lang='lat' dir='ltr'><strong>uun</strong></span> <span class='ocrx_word' id='word_1_195' title='bbox 829 2493 906 2550; x_wconf 80' lang='lat' dir='ltr'><strong>stine</strong></span> <span class='ocrx_word' id='word_1_196' title='bbox 922 2493 951 2548; x_wconf 93' lang='grc' dir='ltr'><strong><em>Β</em></strong></span> <span class='ocrx_word' id='word_1_197' title='bbox 1025 2477 1120 2550; x_wconf 79' lang='lat' dir='ltr'><strong>soiius</strong></span> <span class='ocrx_word' id='word_1_198' title='bbox 1141 2496 1256 2566; x_wconf 78' lang='lat' dir='ltr'><strong>prosim</strong></span> <span class='ocrx_word' id='word_1_199' title='bbox 1281 2490 1461 2548; x_wconf 82' lang='lat' dir='ltr'><strong>discretionis</strong></span> <span class='ocrx_word' id='word_1_200' title='bbox 1578 2566 1581 2572; x_wconf 25' lang='grc' dir='ltr'>Ι</span> 
     </span>
    </p>
   </div>
   <div class='ocr_carea' id='block_1_11' title="bbox 123 2569 869 2644">
    <p class='ocr_par' dir='ltr' id='par_1_12' title="bbox 123 2569 869 2644">
     <span class='ocr_line' id='line_1_22' title="bbox 123 2569 869 2644; baseline 0 -14"><span class='ocrx_word' id='word_1_201' title='bbox 123 2570 219 2644; x_wconf 69' lang='lat' dir='ltr'><strong>grem</strong></span> <span class='ocrx_word' id='word_1_202' title='bbox 236 2569 336 2642; x_wconf 77' lang='lat' dir='ltr'><strong>(baim</strong></span> <span class='ocrx_word' id='word_1_203' title='bbox 354 2571 419 2629; x_wconf 78' lang='lat' dir='ltr'><strong>odd.</strong></span> <span class='ocrx_word' id='word_1_204' title='bbox 438 2572 479 2642; x_wconf 88' lang='lat' dir='ltr'><strong>A)</strong></span> <span class='ocrx_word' id='word_1_205' title='bbox 496 2572 562 2630; x_wconf 87' lang='lat' dir='ltr'><strong>ideo</strong></span> <span class='ocrx_word' id='word_1_206' title='bbox 581 2591 617 2632; x_wconf 87' lang='lat' dir='ltr'><strong>ue</strong></span> <span class='ocrx_word' id='word_1_207' title='bbox 637 2592 694 2631; x_wconf 87' lang='lat' dir='ltr'><strong>nou</strong></span> <span class='ocrx_word' id='word_1_208' title='bbox 712 2573 789 2633; x_wconf 81' lang='lat' dir='ltr'><strong>lorea</strong></span> <span class='ocrx_word' id='word_1_209' title='bbox 809 2573 869 2630; x_wconf 85' lang='lat' dir='ltr'><strong>AO</strong></span> 
     </span>
    </p>
   </div>
   <div class='ocr_carea' id='block_1_12' title="bbox 586 2855 997 2914">
    <p class='ocr_par' dir='ltr' id='par_1_13' title="bbox 586 2813 1131 2933">
     <span class='ocr_line' id='line_1_23' title="bbox 586 2855 997 2914; baseline 0.004 -2"><span class='ocrx_word' id='word_1_210' title='bbox 586 2855 997 2914; x_wconf 83' lang='lat' dir='ltr'><strong>uuuuvnuonnnnv</strong></span> 
     </span>
    </p>
   </div>
   <div class='ocr_carea' id='block_1_13' title="bbox 76 3023 1463 3876">
    <p class='ocr_par' dir='ltr' id='par_1_14' title="bbox 76 3023 1463 3876">
     <span class='ocr_line' id='line_1_24' title="bbox 214 3023 1461 3109; baseline 0.001 -24"><span class='ocrx_word' id='word_1_211' title='bbox 214 3026 258 3087; x_wconf 84' lang='lat' dir='ltr'><strong>llo</strong></span> <span class='ocrx_word' id='word_1_212' title='bbox 282 3023 393 3108; x_wconf 90' lang='lat' dir='ltr'><strong>syllaba</strong></span> <span class='ocrx_word' id='word_1_213' title='bbox 417 3024 506 3108; x_wconf 90' lang='lat' dir='ltr'><strong>lunga</strong></span> <span class='ocrx_word' id='word_1_214' title='bbox 529 3026 575 3088; x_wconf 87' lang='lat' dir='ltr'><strong>vel</strong></span> <span class='ocrx_word' id='word_1_215' title='bbox 599 3025 700 3090; x_wconf 89' lang='lat' dir='ltr'><strong>brevis</strong></span> <span class='ocrx_word' id='word_1_216' title='bbox 718 3023 754 3090; x_wconf 82' lang='lat' dir='ltr'><strong>in</strong></span> <span class='ocrx_word' id='word_1_217' title='bbox 780 3027 879 3090; x_wconf 91' lang='lat' dir='ltr'><strong>medlo</strong></span> <span class='ocrx_word' id='word_1_218' title='bbox 899 3029 1029 3090; x_wconf 91' lang='lat' dir='ltr'><strong>nominis</strong></span> <span class='ocrx_word' id='word_1_219' title='bbox 1054 3029 1151 3109; x_wconf 88' lang='lat' dir='ltr'><strong>posita</strong></span> <span class='ocrx_word' id='word_1_220' title='bbox 1174 3045 1230 3109; x_wconf 87' lang='lat' dir='ltr'><strong>per</strong></span> <span class='ocrx_word' id='word_1_221' title='bbox 1250 3045 1267 3086; x_wconf 85' lang='lat' dir='ltr'><strong>v</strong></span> <span class='ocrx_word' id='word_1_222' title='bbox 1291 3025 1461 3107; x_wconf 80' lang='lat' dir='ltr'><strong>digammon</strong></span> 
     </span>
     <span class='ocr_line' id='line_1_25' title="bbox 125 3134 1463 3219; baseline -0.001 -21"><span class='ocrx_word' id='word_1_223' title='bbox 125 3135 291 3217; x_wconf 85' lang='lat' dir='ltr'><strong>scribetur,</strong></span> <span class='ocrx_word' id='word_1_224' title='bbox 324 3143 358 3197; x_wconf 91' lang='lat' dir='ltr'><strong>ut</strong></span> <span class='ocrx_word' id='word_1_225' title='bbox 388 3135 549 3198; x_wconf 86' lang='lat' dir='ltr'><strong>advocatus</strong></span> <span class='ocrx_word' id='word_1_226' title='bbox 578 3135 722 3199; x_wconf 69' lang='lat' dir='ltr'><strong>‘imrolum</strong></span> <span class='ocrx_word' id='word_1_227' title='bbox 754 3135 917 3198; x_wconf 89' lang='lat' dir='ltr'><strong>divortium</strong></span> <span class='ocrx_word' id='word_1_228' title='bbox 948 3135 1075 3199; x_wconf 88' lang='lat' dir='ltr'><strong>devotus</strong></span> <span class='ocrx_word' id='word_1_229' title='bbox 1095 3135 1260 3219; x_wconf 79' lang='lat' dir='ltr'><strong>latonius,</strong></span> <span class='ocrx_word' id='word_1_230' title='bbox 1292 3134 1400 3197; x_wconf 88' lang='lat' dir='ltr'><strong>abortu</strong></span> <span class='ocrx_word' id='word_1_231' title='bbox 1432 3144 1463 3197; x_wconf 85' lang='lat' dir='ltr'><strong>et</strong></span> 
     </span>
     <span class='ocr_line' id='line_1_26' title="bbox 125 3227 1460 3329; baseline -0.001 -23"><span class='ocrx_word' id='word_1_232' title='bbox 125 3243 227 3307; x_wconf 91' lang='lat' dir='ltr'><strong>sobole</strong></span> <span class='ocrx_word' id='word_1_233' title='bbox 257 3242 392 3325; x_wconf 90' lang='lat' dir='ltr'><strong>reguiam</strong></span> <span class='ocrx_word' id='word_1_234' title='bbox 420 3227 828 3327; x_wconf 82' lang='lat' dir='ltr'><strong>propterpraepositloues&#39;,</strong></span> <span class='ocrx_word' id='word_1_235' title='bbox 856 3252 891 3307; x_wconf 91' lang='lat' dir='ltr'><strong>ut</strong></span> <span class='ocrx_word' id='word_1_236' title='bbox 918 3253 1007 3329; x_wconf 82' lang='lat' dir='ltr'><strong>puto,</strong></span> <span class='ocrx_word' id='word_1_237' title='bbox 1041 3239 1229 3326; x_wconf 83' lang='lat' dir='ltr'><strong>negantibus.</strong></span> <span class='ocrx_word' id='word_1_238' title='bbox 1272 3243 1314 3306; x_wconf 90' lang='lat' dir='ltr'><strong>bu</strong></span> <span class='ocrx_word' id='word_1_239' title='bbox 1347 3243 1460 3326; x_wconf 88' lang='lat' dir='ltr'><strong>syllaba</strong></span> 
     </span>
     <span class='ocr_line' id='line_1_27' title="bbox 125 3350 1461 3438; baseline -0.001 -23"><span class='ocrx_word' id='word_1_240' title='bbox 125 3372 180 3436; x_wconf 88' lang='lat' dir='ltr'><strong>per</strong></span> <span class='ocrx_word' id='word_1_241' title='bbox 203 3352 222 3416; x_wconf 94' lang='lat' dir='ltr'><strong>b</strong></span> <span class='ocrx_word' id='word_1_242' title='bbox 247 3361 360 3415; x_wconf 89' lang='lat' dir='ltr'><strong>mutam</strong></span> <span class='ocrx_word' id='word_1_243' title='bbox 384 3359 508 3415; x_wconf 87' lang='lat' dir='ltr'><strong>notetur</strong></span> <span class='ocrx_word' id='word_1_244' title='bbox 532 3355 716 3438; x_wconf 87' lang='lat' dir='ltr'><strong>certissime,</strong></span> <span class='ocrx_word' id='word_1_245' title='bbox 746 3362 779 3415; x_wconf 93' lang='lat' dir='ltr'><strong>ut</strong></span> <span class='ocrx_word' id='word_1_246' title='bbox 808 3352 940 3416; x_wconf 89' lang='lat' dir='ltr'><strong>tribunal</strong></span> <span class='ocrx_word' id='word_1_247' title='bbox 965 3350 1111 3416; x_wconf 90' lang='lat' dir='ltr'><strong>robustus</strong></span> <span class='ocrx_word' id='word_1_248' title='bbox 1135 3350 1314 3416; x_wconf 89' lang='lat' dir='ltr'><strong>vocabulum</strong></span> <span class='ocrx_word' id='word_1_249' title='bbox 1338 3351 1461 3415; x_wconf 86' lang='lat' dir='ltr'><strong>ebulum</strong></span> 
     </span>
     <span class='ocr_line' id='line_1_28' title="bbox 99 3445 1461 3545; baseline 0.002 -26"><span class='ocrx_word' id='word_1_250' title='bbox 99 3445 309 3526; x_wconf 83' lang='lat' dir='ltr'><strong>acuuabulum</strong></span> <span class='ocrx_word' id='word_1_251' title='bbox 343 3460 543 3523; x_wconf 88' lang='lat' dir='ltr'><strong>moribundus</strong></span> <span class='ocrx_word' id='word_1_252' title='bbox 577 3455 883 3541; x_wconf 74' lang='lat' dir='ltr'><strong>furibundus&#39;atque</strong></span> <span class='ocrx_word' id='word_1_253' title='bbox 911 3461 1012 3523; x_wconf 91' lang='lat' dir='ltr'><strong>omnia</strong></span> <span class='ocrx_word' id='word_1_254' title='bbox 1046 3460 1129 3545; x_wconf 86' lang='lat' dir='ltr'><strong>talia,</strong></span> <span class='ocrx_word' id='word_1_255' title='bbox 1162 3460 1311 3524; x_wconf 88' lang='lat' dir='ltr'><strong>avunculo</strong></span> <span class='ocrx_word' id='word_1_256' title='bbox 1344 3469 1461 3522; x_wconf 83' lang='lat' dir='ltr'><strong>tantum</strong></span> 
     </span>
     <span class='ocr_line' id='line_1_29' title="bbox 76 3547 1460 3658; baseline -0.001 -26"><span class='ocrx_word' id='word_1_257' title='bbox 76 3649 80 3658; x_wconf 35' lang='grc' dir='ltr'>Ι</span> <span class='ocrx_word' id='word_1_258' title='bbox 126 3573 226 3633; x_wconf 84' lang='grc' dir='ltr'>ιιιίιιιιιι</span> <span class='ocrx_word' id='word_1_259' title='bbox 257 3547 378 3651; x_wconf 71' lang='lat' dir='ltr'><strong>iegulae</strong></span> <span class='ocrx_word' id='word_1_260' title='bbox 406 3576 639 3652; x_wconf 86' lang='lat' dir='ltr'><strong>connumerato,</strong></span> <span class='ocrx_word' id='word_1_261' title='bbox 667 3569 736 3632; x_wconf 91' lang='lat' dir='ltr'><strong>ideo</strong></span> <span class='ocrx_word' id='word_1_262' title='bbox 765 3571 846 3650; x_wconf 80' lang='lat' dir='ltr'><strong>qvvod</strong></span> <span class='ocrx_word' id='word_1_263' title='bbox 876 3569 1000 3631; x_wconf 80' lang='lat' dir='ltr'><strong>sormam</strong></span> <span class='ocrx_word' id='word_1_264' title='bbox 1030 3569 1210 3650; x_wconf 72' lang='lat' dir='ltr'><strong>diminutivi</strong></span> <span class='ocrx_word' id='word_1_265' title='bbox 1230 3569 1276 3633; x_wconf 87' lang='lat' dir='ltr'><strong>vel</strong></span> <span class='ocrx_word' id='word_1_266' title='bbox 1291 3569 1460 3632; x_wconf 78' lang='lat' dir='ltr'><strong>derivativi</strong></span> 
     </span>
     <span class='ocr_line' id='line_1_30' title="bbox 125 3676 1463 3760; baseline -0.002 -18"><span class='ocrx_word' id='word_1_267' title='bbox 125 3697 247 3742; x_wconf 88' lang='lat' dir='ltr'><strong>servare</strong></span> <span class='ocrx_word' id='word_1_268' title='bbox 276 3679 398 3742; x_wconf 87' lang='lat' dir='ltr'><strong>minime</strong></span> <span class='ocrx_word' id='word_1_269' title='bbox 428 3676 584 3741; x_wconf 87' lang='lat' dir='ltr'><strong>dubitatur</strong></span> <span class='ocrx_word' id='word_1_270' title='bbox 608 3689 639 3740; x_wconf 90' lang='lat' dir='ltr'><strong>et</strong></span> <span class='ocrx_word' id='word_1_271' title='bbox 667 3680 753 3760; x_wconf 90' lang='lat' dir='ltr'><strong>quasi</strong></span> <span class='ocrx_word' id='word_1_272' title='bbox 782 3679 884 3740; x_wconf 91' lang='lat' dir='ltr'><strong>venire</strong></span> <span class='ocrx_word' id='word_1_273' title='bbox 914 3677 950 3739; x_wconf 92' lang='lat' dir='ltr'><strong>ab</strong></span> <span class='ocrx_word' id='word_1_274' title='bbox 980 3697 1034 3741; x_wconf 90' lang='lat' dir='ltr'><strong>avo</strong></span> <span class='ocrx_word' id='word_1_275' title='bbox 1059 3679 1298 3755; x_wconf 88' lang='lat' dir='ltr'><strong>demonstratur,</strong></span> <span class='ocrx_word' id='word_1_276' title='bbox 1328 3688 1362 3741; x_wconf 90' lang='lat' dir='ltr'><strong>ut</strong></span> <span class='ocrx_word' id='word_1_277' title='bbox 1390 3680 1463 3740; x_wconf 80' lang='lat' dir='ltr'><strong>avias</strong></span> 
     </span>
     <span class='ocr_line' id='line_1_31' title="bbox 125 3764 1379 3876; baseline -0.002 -28"><span class='ocrx_word' id='word_1_278' title='bbox 125 3785 302 3849; x_wconf 87' lang='lat' dir='ltr'><strong>avunculus.</strong></span> <span class='ocrx_word' id='word_1_279' title='bbox 340 3806 427 3849; x_wconf 90' lang='lat' dir='ltr'><strong>avum</strong></span> <span class='ocrx_word' id='word_1_280' title='bbox 452 3805 523 3849; x_wconf 90' lang='lat' dir='ltr'><strong>vero</strong></span> <span class='ocrx_word' id='word_1_281' title='bbox 547 3806 602 3869; x_wconf 88' lang='lat' dir='ltr'><strong>per</strong></span> <span class='ocrx_word' id='word_1_282' title='bbox 626 3807 643 3847; x_wconf 89' lang='lat' dir='ltr'><strong>v</strong></span> <span class='ocrx_word' id='word_1_283' title='bbox 667 3764 837 3869; x_wconf 87' lang='lat' dir='ltr'><strong>digammon</strong></span> <span class='ocrx_word' id='word_1_284' title='bbox 862 3785 954 3848; x_wconf 92' lang='lat' dir='ltr'><strong>soribi</strong></span> <span class='ocrx_word' id='word_1_285' title='bbox 980 3775 1054 3848; x_wconf 83' lang='lat' dir='ltr'><strong>suus</strong></span> <span class='ocrx_word' id='word_1_286' title='bbox 1079 3786 1164 3848; x_wconf 89' lang='lat' dir='ltr'><strong>locus</strong></span> <span class='ocrx_word' id='word_1_287' title='bbox 1189 3785 1379 3876; x_wconf 71' lang='lat' dir='ltr'><strong>monstrabit.</strong></span> 
     </span>
    </p>
   </div>
   <div class='ocr_carea' id='block_1_14' title="bbox 88 3921 1395 4120">
    <p class='ocr_par' dir='ltr' id='par_1_15' title="bbox 88 3921 1395 4120">
     <span class='ocr_line' id='line_1_32' title="bbox 199 3921 1395 4013; baseline -0.001 -1"><span class='ocrx_word' id='word_1_288' title='bbox 199 3921 272 4012; x_wconf 84' lang='lat' dir='ltr'><strong>nu</strong></span> <span class='ocrx_word' id='word_1_289' title='bbox 285 3943 441 4012; x_wconf 81' lang='lat' dir='ltr'><strong>uanus</strong></span> <span class='ocrx_word' id='word_1_290' title='bbox 457 3929 679 4012; x_wconf 72' lang='lat' dir='ltr'><strong>suesanus</strong></span> <span class='ocrx_word' id='word_1_291' title='bbox 703 3943 912 4012; x_wconf 81' lang='lat' dir='ltr'><strong>nxrnrmn</strong></span> <span class='ocrx_word' id='word_1_292' title='bbox 935 3943 1104 4013; x_wconf 76' lang='lat' dir='ltr'><strong>uuonan</strong></span> <span class='ocrx_word' id='word_1_293' title='bbox 1128 3943 1189 4012; x_wconf 84' lang='lat' dir='ltr'><strong>nn</strong></span> <span class='ocrx_word' id='word_1_294' title='bbox 1213 3943 1395 4011; x_wconf 78' lang='lat' dir='ltr'><strong>vannus</strong></span> 
     </span>
     <span class='ocr_line' id='line_1_33' title="bbox 88 4050 914 4120; baseline 0.002 -4"><span class='ocrx_word' id='word_1_295' title='bbox 88 4077 112 4116; x_wconf 85' lang='lat' dir='ltr'><strong>ru</strong></span> <span class='ocrx_word' id='word_1_296' title='bbox 677 4050 914 4120; x_wconf 77' lang='lat' dir='ltr'>FELICITER</span> 
     </span>
    </p>
   </div>
   <div class='ocr_carea' id='block_1_15' title="bbox 217 4146 1662 4246">
    <p class='ocr_par' dir='ltr' id='par_1_16' title="bbox 217 4146 1662 4246">
     <span class='ocr_line' id='line_1_34' title="bbox 217 4146 1662 4246; baseline -0.006 -16"><span class='ocrx_word' id='word_1_297' title='bbox 217 4166 298 4230; x_wconf 82' lang='lat' dir='ltr'><strong>Haeo</strong></span> <span class='ocrx_word' id='word_1_298' title='bbox 326 4165 363 4227; x_wconf 92' lang='lat' dir='ltr'><strong>de</strong></span> <span class='ocrx_word' id='word_1_299' title='bbox 392 4163 500 4227; x_wconf 90' lang='lat' dir='ltr'><strong>mediis</strong></span> <span class='ocrx_word' id='word_1_300' title='bbox 529 4161 658 4246; x_wconf 88' lang='lat' dir='ltr'><strong>syllabis.</strong></span> <span class='ocrx_word' id='word_1_301' title='bbox 698 4163 849 4246; x_wconf 88' lang='lat' dir='ltr'><strong>reliquum</strong></span> <span class='ocrx_word' id='word_1_302' title='bbox 874 4172 923 4227; x_wconf 89' lang='lat' dir='ltr'><strong>est</strong></span> <span class='ocrx_word' id='word_1_303' title='bbox 946 4164 1061 4229; x_wconf 90' lang='lat' dir='ltr'><strong>ultimis</strong></span> <span class='ocrx_word' id='word_1_304' title='bbox 1085 4169 1241 4230; x_wconf 90' lang='lat' dir='ltr'><strong>nominum</strong></span> <span class='ocrx_word' id='word_1_305' title='bbox 1265 4162 1386 4246; x_wconf 87' lang='lat' dir='ltr'><strong>syllabis</strong></span> <span class='ocrx_word' id='word_1_306' title='bbox 1410 4167 1464 4226; x_wconf 89' lang='lat' dir='ltr'><strong>im·</strong></span> <span class='ocrx_word' id='word_1_307' title='bbox 1569 4146 1578 4161; x_wconf 55' lang='lat'>⁸</span> <span class='ocrx_word' id='word_1_308' title='bbox 1657 4187 1662 4194; x_wconf 93' lang='lat'>·</span> 
     </span>
    </p>
   </div>
   <div class='ocr_carea' id='block_1_16' title="bbox 124 4273 1466 4465">
    <p class='ocr_par' dir='ltr' id='par_1_17' title="bbox 124 4273 1466 4465">
     <span class='ocr_line' id='line_1_35' title="bbox 124 4273 1113 4362; baseline -0.007 -21"><span class='ocrx_word' id='word_1_309' title='bbox 124 4295 240 4362; x_wconf 86' lang='lat' dir='ltr'><strong>ponere</strong></span> <span class='ocrx_word' id='word_1_310' title='bbox 266 4273 410 4339; x_wconf 89' lang='lat' dir='ltr'><strong>studium.</strong></span> <span class='ocrx_word' id='word_1_311' title='bbox 1106 4325 1113 4342; x_wconf 87' lang='grc'><em>,</em></span> 
     </span>
     <span class='ocr_line' id='line_1_36' title="bbox 216 4371 1466 4465; baseline 0.001 -22"><span class='ocrx_word' id='word_1_312' title='bbox 216 4384 259 4446; x_wconf 83' lang='lat' dir='ltr'><strong>lla</strong></span> <span class='ocrx_word' id='word_1_313' title='bbox 281 4383 393 4465; x_wconf 84' lang='lat' dir='ltr'><strong>syllaba</strong></span> <span class='ocrx_word' id='word_1_314' title='bbox 417 4384 547 4447; x_wconf 87' lang='lat' dir='ltr'><strong>nominis</strong></span> <span class='ocrx_word' id='word_1_315' title='bbox 572 4383 744 4463; x_wconf 89' lang='lat' dir='ltr'><strong>terminata,</strong></span> <span class='ocrx_word' id='word_1_316' title='bbox 772 4382 922 4464; x_wconf 88' lang='lat' dir='ltr'><strong>siquidem</strong></span> <span class='ocrx_word' id='word_1_317' title='bbox 950 4381 960 4444; x_wconf 98' lang='lat' dir='ltr'><strong>l</strong></span> <span class='ocrx_word' id='word_1_318' title='bbox 989 4371 1118 4445; x_wconf 80' lang='lat' dir='ltr'><strong>antelata</strong></span> <span class='ocrx_word' id='word_1_319' title='bbox 1147 4383 1247 4444; x_wconf 88' lang='lat' dir='ltr'><strong>littera</strong></span> <span class='ocrx_word' id='word_1_320' title='bbox 1275 4381 1323 4444; x_wconf 87' lang='lat' dir='ltr'><strong>vel</strong></span> <span class='ocrx_word' id='word_1_321' title='bbox 1353 4383 1466 4446; x_wconf 87' lang='lat' dir='ltr'><strong>vocalis</strong></span> 
     </span>
    </p>
   </div>
   <div class='ocr_carea' id='block_1_17' title="bbox 125 4509 344 4522">
    <p class='ocr_par' dir='ltr' id='par_1_18' title="bbox 125 4509 344 4522">
     <span class='ocr_line' id='line_1_37' title="bbox 125 4509 344 4522; baseline -0.005 -2"><span class='ocrx_word' id='word_1_322' title='bbox 125 4509 344 4522; x_wconf 82' lang='lat'><em>--——-</em></span> 
     </span>
    </p>
   </div>
   <div class='ocr_carea' id='block_1_18' title="bbox 126 4555 1474 4952">
    <p class='ocr_par' dir='ltr' id='par_1_19' title="bbox 126 4555 1474 4952">
     <span class='ocr_line' id='line_1_38' title="bbox 220 4555 1474 4632; baseline -0.003 -14"><span class='ocrx_word' id='word_1_323' title='bbox 220 4570 232 4618; x_wconf 88' lang='lat' dir='ltr'><strong>t</strong></span> <span class='ocrx_word' id='word_1_324' title='bbox 260 4578 296 4618; x_wconf 81' lang='lat' dir='ltr'><strong>ro</strong></span> <span class='ocrx_word' id='word_1_325' title='bbox 320 4559 433 4632; x_wconf 79' lang='lat' dir='ltr'><strong>syllaba</strong></span> <span class='ocrx_word' id='word_1_326' title='bbox 455 4557 543 4630; x_wconf 85' lang='lat' dir='ltr'><strong>longo</strong></span> <span class='ocrx_word' id='word_1_327' title='bbox 566 4555 613 4612; x_wconf 86' lang='lat' dir='ltr'><strong>vel</strong></span> <span class='ocrx_word' id='word_1_328' title='bbox 635 4555 730 4612; x_wconf 83' lang='lat' dir='ltr'><strong>brevia</strong></span> <span class='ocrx_word' id='word_1_329' title='bbox 752 4557 780 4611; x_wconf 95' lang='lat' dir='ltr'><strong><em>P</em></strong></span> <span class='ocrx_word' id='word_1_330' title='bbox 802 4573 839 4613; x_wconf 85' lang='lat' dir='ltr'><strong>vo</strong></span> <span class='ocrx_word' id='word_1_331' title='bbox 863 4556 951 4628; x_wconf 83' lang='lat' dir='ltr'><strong>longa</strong></span> <span class='ocrx_word' id='word_1_332' title='bbox 969 4575 1006 4614; x_wconf 85' lang='lat' dir='ltr'><strong>nu</strong></span> <span class='ocrx_word' id='word_1_333' title='bbox 1024 4557 1118 4614; x_wconf 82' lang='lat' dir='ltr'><strong>brevis</strong></span> <span class='ocrx_word' id='word_1_334' title='bbox 1136 4555 1171 4612; x_wconf 90' lang='lat' dir='ltr'><strong><em>N</em></strong></span> <span class='ocrx_word' id='word_1_335' title='bbox 1259 4563 1275 4612; x_wconf 77' lang='lat'>2</span> <span class='ocrx_word' id='word_1_336' title='bbox 1299 4557 1418 4614; x_wconf 81' lang='lat' dir='ltr'><strong>abortus</strong></span> <span class='ocrx_word' id='word_1_337' title='bbox 1437 4561 1474 4615; x_wconf 78' lang='lat' dir='ltr'><strong>eb·</strong></span> 
     </span>
     <span class='ocr_line' id='line_1_39' title="bbox 127 4638 1466 4712; baseline -0.002 -12"><span class='ocrx_word' id='word_1_338' title='bbox 127 4643 240 4701; x_wconf 81' lang='lat' dir='ltr'><strong>soboles</strong></span> <span class='ocrx_word' id='word_1_339' title='bbox 260 4641 294 4698; x_wconf 87' lang='lat' dir='ltr'><strong><em>N</em></strong></span> <span class='ocrx_word' id='word_1_340' title='bbox 309 4644 410 4698; x_wconf 82' lang='lat' dir='ltr'><strong>ovorio</strong></span> <span class='ocrx_word' id='word_1_341' title='bbox 427 4643 458 4697; x_wconf 81' lang='lat' dir='ltr'><strong>el</strong></span> <span class='ocrx_word' id='word_1_342' title='bbox 475 4638 574 4697; x_wconf 88' lang='lat' dir='ltr'><strong>subole</strong></span> <span class='ocrx_word' id='word_1_343' title='bbox 595 4638 625 4693; x_wconf 92' lang='lat' dir='ltr'><strong><em>P</em></strong></span> <span class='ocrx_word' id='word_1_344' title='bbox 690 4645 705 4692; x_wconf 85' lang='grc'>3</span> <span class='ocrx_word' id='word_1_345' title='bbox 725 4639 759 4694; x_wconf 82' lang='lat' dir='ltr'><strong>ut</strong></span> <span class='ocrx_word' id='word_1_346' title='bbox 776 4642 847 4710; x_wconf 83' lang='lat' dir='ltr'><strong>puto</strong></span> <span class='ocrx_word' id='word_1_347' title='bbox 868 4639 897 4693; x_wconf 93' lang='lat' dir='ltr'><strong><em>P</em></strong></span> <span class='ocrx_word' id='word_1_348' title='bbox 913 4641 946 4694; x_wconf 82' lang='lat' dir='ltr'><strong>ut</strong></span> <span class='ocrx_word' id='word_1_349' title='bbox 963 4641 1031 4710; x_wconf 86' lang='lat' dir='ltr'><strong>pote</strong></span> <span class='ocrx_word' id='word_1_350' title='bbox 1050 4639 1084 4694; x_wconf 91' lang='lat' dir='ltr'><em>N</em></span> <span class='ocrx_word' id='word_1_351' title='bbox 1150 4645 1167 4694; x_wconf 78' lang='lat'>4</span> <span class='ocrx_word' id='word_1_352' title='bbox 1187 4639 1357 4696; x_wconf 85' lang='lat' dir='ltr'><strong>vocabulum</strong></span> <span class='ocrx_word' id='word_1_353' title='bbox 1377 4642 1466 4712; x_wconf 80' lang='lat' dir='ltr'><strong>pabu-</strong></span> 
     </span>
     <span class='ocr_line' id='line_1_40' title="bbox 126 4717 1466 4793; baseline 0 -15"><span class='ocrx_word' id='word_1_354' title='bbox 126 4723 185 4780; x_wconf 91' lang='lat' dir='ltr'><strong>lum</strong></span> <span class='ocrx_word' id='word_1_355' title='bbox 206 4723 324 4788; x_wconf 76' lang='lat' dir='ltr'><strong>ebulum</strong></span> <span class='ocrx_word' id='word_1_356' title='bbox 342 4721 518 4779; x_wconf 77' lang='lat' dir='ltr'><strong>vestibulum</strong></span> <span class='ocrx_word' id='word_1_357' title='bbox 537 4717 710 4778; x_wconf 84' lang='lat' dir='ltr'><strong>cunabulum</strong></span> <span class='ocrx_word' id='word_1_358' title='bbox 728 4719 757 4774; x_wconf 96' lang='grc' dir='ltr'><strong><em>Β</em></strong></span> <span class='ocrx_word' id='word_1_359' title='bbox 827 4726 843 4776; x_wconf 79' lang='lat' dir='ltr'><strong>b</strong></span> <span class='ocrx_word' id='word_1_360' title='bbox 863 4718 1050 4793; x_wconf 84' lang='lat' dir='ltr'><strong>cunabulum]</strong></span> <span class='ocrx_word' id='word_1_361' title='bbox 1070 4718 1241 4776; x_wconf 79' lang='lat' dir='ltr'><strong>cunabulum</strong></span> <span class='ocrx_word' id='word_1_362' title='bbox 1259 4720 1293 4775; x_wconf 91' lang='lat' dir='ltr'><em>N</em></span> <span class='ocrx_word' id='word_1_363' title='bbox 1363 4722 1466 4779; x_wconf 76' lang='lat' dir='ltr'><strong>uideo</strong></span> 
     </span>
     <span class='ocr_line' id='line_1_41' title="bbox 127 4792 1465 4870; baseline 0 -10"><span class='ocrx_word' id='word_1_364' title='bbox 127 4821 178 4860; x_wconf 82' lang='lat' dir='ltr'><strong>om.</strong></span> <span class='ocrx_word' id='word_1_365' title='bbox 203 4804 242 4870; x_wconf 88' lang='lat' dir='ltr'><strong>N,</strong></span> <span class='ocrx_word' id='word_1_366' title='bbox 265 4805 332 4861; x_wconf 83' lang='lat' dir='ltr'><strong>odd.</strong></span> <span class='ocrx_word' id='word_1_367' title='bbox 358 4803 387 4860; x_wconf 89' lang='lat' dir='ltr'><strong><em>P</em></strong></span> <span class='ocrx_word' id='word_1_368' title='bbox 473 4809 488 4858; x_wconf 81' lang='lat' dir='ltr'><strong>l</strong></span> <span class='ocrx_word' id='word_1_369' title='bbox 514 4800 630 4858; x_wconf 84' lang='lat' dir='ltr'><strong>minime</strong></span> <span class='ocrx_word' id='word_1_370' title='bbox 653 4799 682 4855; x_wconf 94' lang='lat' dir='ltr'><strong><em>P</em></strong></span> <span class='ocrx_word' id='word_1_371' title='bbox 701 4801 818 4858; x_wconf 88' lang='lat' dir='ltr'><strong>memini</strong></span> <span class='ocrx_word' id='word_1_372' title='bbox 842 4818 888 4857; x_wconf 88' lang='lat' dir='ltr'><strong>me</strong></span> <span class='ocrx_word' id='word_1_373' title='bbox 912 4792 963 4857; x_wconf 90' lang='lat' dir='ltr'><strong>N&#39;</strong></span> <span class='ocrx_word' id='word_1_374' title='bbox 1029 4807 1046 4858; x_wconf 89' lang='lat'>8</span> <span class='ocrx_word' id='word_1_375' title='bbox 1069 4799 1293 4858; x_wconf 69' lang='lat' dir='ltr'><strong>messuerunt</strong></span> <span class='ocrx_word' id='word_1_376' title='bbox 1375 4810 1391 4860; x_wconf 87' lang='lat' dir='ltr'><strong>u</strong></span> <span class='ocrx_word' id='word_1_377' title='bbox 1417 4803 1465 4861; x_wconf 80' lang='lat' dir='ltr'><strong>DE</strong></span> 
     </span>
     <span class='ocr_line' id='line_1_42' title="bbox 128 4881 793 4952; baseline -0.011 -8"><span class='ocrx_word' id='word_1_378' title='bbox 128 4884 258 4944; x_wconf 76' lang='lat' dir='ltr'><strong>uanus</strong></span> <span class='ocrx_word' id='word_1_379' title='bbox 275 4915 313 4928; x_wconf 93' lang='lat'><em>-</em></span> <span class='ocrx_word' id='word_1_380' title='bbox 330 4883 529 4942; x_wconf 78' lang='lat' dir='ltr'>FELICITER</span> <span class='ocrx_word' id='word_1_381' title='bbox 547 4899 599 4941; x_wconf 86' lang='lat' dir='ltr'><strong>om.</strong></span> <span class='ocrx_word' id='word_1_382' title='bbox 618 4883 658 4952; x_wconf 91' lang='lat' dir='ltr'><strong>N,</strong></span> <span class='ocrx_word' id='word_1_383' title='bbox 677 4881 743 4938; x_wconf 82' lang='lat' dir='ltr'><strong>odd.</strong></span> <span class='ocrx_word' id='word_1_384' title='bbox 764 4881 793 4937; x_wconf 93' lang='lat' dir='ltr'><strong><em>P</em></strong></span> 
     </span>
    </p>
   </div>
   <div class='ocr_carea' id='block_1_19' title="bbox 0 0 1810 5486">
    <p class='ocr_par' dir='ltr' id='par_1_20' title="bbox 0 0 1810 5486">
     <span class='ocr_line' id='line_1_43' title="bbox 0 0 1810 5486; baseline 0 0"><span class='ocrx_word' id='word_1_385' title='bbox 0 0 1810 5486; x_wconf 95' lang='lat' dir='ltr'><strong> </strong></span> 
     </span>
    </p>
   </div>
  </div>
 </body>
</html>
