3590 5486
350 323 416 392 192
712 409 716 420 ι
902 323 1136 384 CASSIODORII

348 435 369 476 p.
385 426 439 468 asoa
454 426 479 468 r.

347 510 417 574 liter
445 509 660 593 paenultimam
695 515 806 598 tenuit,
839 521 871 576 et
903 512 1060 577 sciendum
1088 512 1184 596 quod,
1217 516 1280 578 sive
1311 524 1402 579 entnt
1432 513 1590 597 disyllaba,
1624 516 1686 576 sive

347 615 431 682 hunc
457 619 666 704 ampliaverint
694 640 870 706 normarum,
906 625 968 684 sive
998 623 1090 685 unius
1118 641 1172 687 seu
1200 625 1295 686 trium
1323 642 1470 705 generum
1499 624 1629 706 luerint,
1662 625 1687 687 si

329 727 512 812 ,secundam
532 728 569 792 ab
589 729 694 793 ultima
717 729 835 812 longam
860 729 1009 825 babeant,
1028 733 1128 794 omnia
1150 749 1208 814 per
1226 752 1244 793 v
1267 732 1400 796 vocalem
1424 751 1481 814 pro
1500 741 1686 798 consonante

348 835 538 922 scribentur,
561 847 595 902 ut
619 841 702 902 rivus
726 839 822 902 clivus
845 839 941 904 ssavus
963 841 1111 922 positivus
1131 843 1352 923 comparativus
1371 851 1402 905 et
1426 841 1504 905 talia.
1541 843 1686 931 memine-

349 947 445 1008 rimus
468 954 569 1010 tameu
594 947 674 1029 quod
701 948 856 1012 mobilium
878 951 1035 1012 nominum
1059 949 1202 1013 lemiuina
1227 961 1397 1032 neutraque
1421 969 1532 1032 genera
1556 951 1687 1014 similem
1714 967 1726 1006 ⁵

352 1053 588 1120 masculinorum
612 1075 741 1138 suorum
762 1059 944 1140 scripturam
969 1059 1213 1142 suscipione-nt
1236 1057 1331 1122 llavus
1354 1057 1428 1120 dave
1453 1058 1577 1143 davum,
1600 1058 1687 1122 albus

347 1161 413 1226 alba
435 1162 536 1227 album
556 1182 590 1228 ac
610 1165 687 1230 talia.
721 1165 774 1229 sed
795 1169 863 1248 quia
884 1184 945 1229 non
965 1168 1065 1229 omnia
1084 1169 1114 1230 ln
1136 1166 1194 1230 bus
1214 1165 1382 1230 desinentia
1402 1170 1537 1230 existunt
1557 1167 1687 1261 mobilia,

348 1273 430 1335 sicut
453 1274 484 1335 in
507 1275 658 1356 principio
682 1274 772 1338 buius
797 1274 918 1357 regulae
943 1293 1054 1356 genera
1078 1274 1247 1338 dividentes
1266 1293 1322 1338 nos
1347 1275 1529 1340 disseruisse
1549 1277 1685 1338 memini·

341 1398 416 1443 mus
444 1373 606 1466 (quaedam
634 1385 715 1446 enirn
746 1384 902 1448 masculini
931 1387 1052 1466 generis
1081 1387 1277 1448 inveniuntur
1306 1383 1508 1468 solummodo,
1537 1393 1572 1448 ut
1600 1384 1687 1448 cibus

350 1488 494 1574 nimbus,
508 1491 655 1574 quaedam
675 1492 832 1556 masculini
856 1501 888 1556 et
912 1492 1065 1576 seminini,
1089 1503 1123 1558 ut
1146 1511 1254 1557 cervus
1274 1512 1376 1578 cerva,
1400 1492 1546 1577 quaedam
1569 1503 1687 1577 neutra,
1703 1513 1726 1549 ιο

347 1606 383 1662 ut
405 1591 526 1684 nevum)
559 1600 716 1664 sciendum
745 1599 825 1682 quod
855 1603 945 1665 etiam
974 1609 1096 1686 neutra,
1125 1620 1202 1684 quae
1226 1621 1242 1664 a
1266 1603 1444 1684 posteritate
1475 1601 1533 1664 bus
1556 1600 1686 1682 syllabae

347 1723 409 1768 uon
430 1709 569 1792 veniunt,
591 1727 647 1791 per
667 1729 684 1768 v
703 1709 876 1791 digammon
896 1709 1088 1795 scribuntur,
1106 1721 1141 1775 ut
1159 1729 1249 1776 ovum
1269 1729 1374 1775 arvum
1393 1710 1536 1793 hervum,
1559 1719 1686 1792 excepto

347 1812 424 1899 libo,
451 1814 482 1878 id
511 1827 558 1880 est
586 1809 739 1906 ποπάνῳ.
782 1819 865 1882 verbi
894 1821 975 1882 euim
1002 1818 1107 1882 ultima
1136 1818 1247 1900 syllaba
1275 1838 1331 1902 per
1355 1819 1374 1881 b
1403 1828 1518 1883 mutam
1542 1817 1688 1910 scribitur

348 1920 403 1986 lrac
432 1922 470 1987 de
495 1943 599 2009 causa,
627 1927 707 2009 quod
737 1927 904 1991 averbere
932 1927 1047 1992 dictum
1071 1947 1139 1990 esse
1169 1937 1287 1992 veteres
1312 1929 1574 2010 existimaverunt,
1597 1927 1687 1988 cuius

345 2035 495 2097 rationem
519 2037 643 2099 inante
668 2035 735 2099 latis
760 2035 922 2099 tradidisse
945 2037 1166 2118 cognoscimus.
1701 2053 1726 2092 1⁵

438 2214 526 2281 apro
546 2212 666 2268 sonante
685 2210 714 2265 Β
741 2271 748 2286 ,
768 2217 786 2267 1
804 2210 894 2283 mans]
914 2210 1007 2267 trium
1026 2211 1053 2266 A
1108 2209 1322 2282 comparatione
1341 2213 1372 2268 at
1388 2211 1461 2268 talis
1481 2209 1590 2278 Carrio,
1609 2223 1686 2264 com-

349 2288 492 2360 posiiinne
508 2293 538 2346 eb
550 2290 609 2348 alio
623 2289 717 2347 ABG
769 2295 838 2348 eut
855 2291 956 2350 lisoius
975 2291 1061 2348 dunin
1078 2291 1196 2348 fluuium
1217 2290 1241 2346 0
1294 2297 1309 2347 i
1330 2289 1380 2348 aed
1394 2292 1534 2365 quianon
1548 2290 1645 2348 omnia
1658 2290 1687 2346 Β

348 2369 398 2426 aed
412 2387 486 2442 qnae
501 2372 598 2428 omnin
612 2370 670 2427 AO
731 2378 762 2428 11
779 2372 983 2444 sciendumque
997 2373 1084 2430 etiem
1099 2375 1201 2430 neutra
1218 2373 1247 2452 Β
1264 2371 1468 2443 sciendumque
1483 2379 1499 2428 e
1514 2377 1615 2430 neuma
1630 2374 1690 2430 AC

347 2451 494 2509 sciendum
513 2456 558 2511 esi
576 2453 653 2525 qnod
671 2457 774 2510 neuun
794 2453 894 2513 Carrio
958 2454 1068 2530 epllnbp
1088 2471 1158 2512 corr.
1176 2453 1225 2511 ·bo
1242 2453 1272 2509 Β
1319 2460 1371 2522 Ι11
1390 2454 1553 2511 scribuntur
1571 2453 1599 2509 Β
1618 2455 1686 2510 scri-

346 2533 452 2590 bantur
470 2531 531 2589 AG
604 2539 636 2590 to
657 2535 857 2609 cognoscimus
875 2535 905 2606 G,
924 2552 996 2594 coer.
1015 2537 1062 2592 -dr
1080 2535 1109 2591 Β
1129 2535 1326 2610 cognoscimur
1344 2537 1373 2591 A

813 2845 1002 2904 maevium
1020 2845 1070 2902 DE
1090 2844 1113 2901 B
1131 2843 1179 2902 ΕΤ
1197 2844 1224 2902 V

349 3014 526 3078 naturaliter
546 3015 761 3098 paenultimam
780 3018 893 3095 tenuit,
918 3025 948 3079 et
968 3015 1124 3079 sciendum
1145 3014 1240 3096 quod,
1260 3017 1322 3078 sive
1343 3024 1433 3078 eruut
1451 3013 1604 3098 disyllaba,
1624 3015 1687 3078 sive

348 3121 429 3185 buno
459 3124 666 3207 ampliaverint
695 3141 871 3206 numerum,
899 3126 962 3186 sive
992 3126 1083 3186 tinius
1115 3142 1168 3185 seu
1206 3125 1297 3186 trium
1325 3141 1472 3205 generum
1501 3124 1629 3206 iuverint,
1661 3125 1688 3184 si

349 3231 513 3297 secundam
543 3231 580 3294 ab
609 3232 713 3296 ultima
747 3232 866 3315 longam
885 3232 1038 3315 ,lralreant,
1068 3233 1167 3294 omnia
1200 3248 1255 3311 per
1284 3249 1301 3289 v
1334 3229 1466 3292 vocalem
1495 3248 1552 3312 pro
1579 3249 1688 3293 conso·

350 3349 439 3419 naute
471 3340 655 3424 scribentur,
685 3350 729 3404 ut·
749 3343 832 3404 rivvvs
863 3339 958 3432 clivus
988 3341 1082 3402 ilavus
1113 3340 1261 3421 positivus
1293 3341 1516 3420 comparativus
1546 3348 1578 3402 et
1609 3338 1688 3402 talia.

290 3481 294 3490 ·
350 3449 578 3512 meminerimus
606 3460 706 3512 tamen
737 3449 816 3532 quod
846 3448 1001 3511 mobilium
1027 3450 1183 3510 nominum
1216 3445 1550 3527 feminina-neutraque
1574 3463 1717 3529 generas

351 3555 480 3620 similem
499 3557 736 3622 masculinorum
757 3577 882 3620 suorum
902 3559 1084 3638 scripturam
1104 3555 1289 3636 svvscipiunt,
1308 3563 1342 3616 ut
1360 3553 1455 3617 ssavus
1474 3555 1548 3617 llava
1566 3555 1688 3638 ilavunr,

350 3663 436 3729 albus
459 3666 525 3729 alba
549 3667 650 3730 album
674 3685 708 3730 ac
732 3647 809 3729 talia.
848 3665 901 3729 sed
926 3667 996 3746 quia
1021 3683 1081 3727 uon
1101 3665 1201 3726 omnia
1224 3665 1256 3725 in
1276 3661 1333 3725 bus
1357 3661 1525 3726 desinentia
1550 3666 1687 3726 existunt

349 3773 484 3859 mobilia,
519 3778 598 3838 sicut
632 3778 662 3839 in
695 3777 843 3857 principio
879 3773 970 3835 buius
1002 3773 1122 3854 regulae
1161 3789 1272 3853 genera
1305 3771 1474 3836 dividentes
1504 3771 1687 3836 disseruisse

349 3885 542 3948 meminimus
572 3877 734 3968 (quaedam
762 3883 843 3944 euim
868 3879 1026 3942 masculini
1055 3880 1176 3961 generis
1200 3879 1396 3942 inveniuntur
1420 3879 1624 3963 solummodo,
1654 3891 1687 3943 ut

349 3989 437 4053 cibus
461 3991 597 4076 nimbus,
621 3990 766 4072 quaedam
791 3987 950 4051 masculini
974 3996 1005 4050 et
1035 3988 1186 4071 seminini,
1214 3997 1248 4050 ut
1276 4006 1384 4051 eervvvs
1408 4008 1510 4073 cerva,
1539 3989 1685 4071 quaedam
1703 4004 1729 4043 1⁰

235 4129 236 4133 ¹
350 4108 472 4184 neutra,
500 4109 535 4164 ut
563 4093 699 4185 aevum),
729 4097 885 4161 sciendum
915 4094 995 4177 quod
1025 4096 1115 4158 etiam
1144 4103 1251 4160 neutra
1281 4115 1398 4179 quaes
1427 4100 1603 4180 posteritate
1628 4097 1686 4160 bus

349 4207 478 4289 syllabae
504 4227 563 4272 non
588 4209 713 4271 veniunt
736 4225 791 4288 per
814 4226 831 4264 v
856 4205 1026 4286 digammon
1050 4201 1243 4287 scribuntur,
1269 4213 1304 4268 ut
1327 4224 1417 4268 ovum
1441 4223 1546 4268 arvum
1569 4224 1686 4287 ervum,

349 4327 476 4400 excepto
505 4318 566 4380 libo
590 4309 742 4402 ποπάνῳ.
781 4313 864 4376 verbi
892 4315 974 4407 enim
1004 4311 1108 4374 ultima
1136 4311 1248 4395 syllaba
1276 4313 1373 4395 per-b
1404 4322 1516 4376 mutam
1540 4313 1686 4377 scribitur

350 4424 406 4488 bac
436 4425 473 4488 de
498 4443 602 4508 causa,
631 4424 711 4506 quod
740 4441 756 4485 a
781 4420 907 4484 verbere
931 4420 1047 4482 dictum
1070 4439 1137 4483 esse
1163 4431 1283 4484 veteres
1307 4424 1569 4505 existimaverunt,
1597 4424 1685 4484 cuius

352 4534 499 4621 rationem
523 4535 554 4596 ln
579 4541 648 4596 aute
672 4532 740 4595 latis
765 4529 924 4593 tradidisse
949 4532 1169 4611 cognoscimus.
1702 4545 1729 4587 rs

354 4653 571 4673 --—..„„

426 4714 440 4763 1
459 4708 621 4779 penultima
636 4707 665 4762 P
718 4701 1073 4777 somnie1nomina1t'P
1125 4713 1143 4763 1
1161 4709 1194 4763 ni
1207 4665 1298 4762 brivus
1313 4702 1342 4759 P
1393 4689 1498 4761 et‘nlis
1514 4703 1549 4760 N
1601 4704 1686 4760 tsed

351 4791 390 4858 q'n
408 4791 429 4842 r‘r
447 4787 543 4844 omnin
562 4788 590 4843 P
605 4789 655 4845 secl
673 4787 743 4860 quin
761 4786 879 4844 nomine
896 4783 930 4840 N
1009 4793 1160 4844 taetrum
1179 4803 1279 4844 mom
1297 4785 1331 4840 Ν
1401 4791 1434 4841 13
1456 4785 1516 4842 libo
1534 4803 1649 4841 zenoso
1669 4801 1688 4840 n

351 4868 432 4925 verbi
442 4867 484 4926 Ν
499 4868 572 4925 libro
592 4888 732 4924 zonarae
752 4867 833 4924 verbi
852 4867 881 4923 P
943 4873 977 4923 11
996 4883 1014 4924 a
1033 4871 1150 4926 verbere
1170 4869 1277 4926 dictum
1298 4867 1327 4921 P
1341 4883 1360 4922 n
1377 4867 1465 4924 verbo
1482 4866 1636 4924 deductum
1656 4867 1691 4921 N
