3616 5482
338 335 404 404 160
889 333 1125 396 casslououn

336 450 358 490 p.
373 441 434 481 asar.
449 439 476 482 es
489 439 515 482 r.

337 541 406 588 cum
430 531 457 600 ψ
481 523 580 588 littera
609 542 717 608 graece
740 525 822 589 nullo
850 525 939 590 motio
963 524 1123 589 transferri
1146 527 1281 608 potuerit
1308 527 1340 590 ln
1363 545 1454 590 usum
1479 535 1616 590 nostrum
1642 536 1674 590 et

337 635 382 697 ris
407 635 473 696 eius
496 651 552 716 per
575 653 595 718 p
619 641 650 697 et
674 653 688 698 s
711 633 827 698 litteras
847 632 1011 718 scribatur,
1034 635 1240 698 necessarlum
1260 643 1308 698 est
1330 643 1378 720 ut,
1403 635 1456 700 ubi
1479 643 1506 712 ψ
1528 653 1674 718 graecum

337 749 438 818 sonat,
461 741 540 825 apud
565 761 621 806 nos
645 743 726 826 quoti
746 745 836 806 utari
860 760 920 806 nou
944 749 1045 825 potest
1072 760 1128 824 per
1155 741 1209 805 bas
1241 741 1358 806 litteras
1382 743 1548 828 scribatur,
1571 743 1600 807 id
1625 752 1674 806 est

335 868 392 932 per
414 869 434 934 p
458 860 491 915 et
513 870 541 934 s,
564 849 636 914 lieet
658 853 690 914 11
715 849 845 933 obliquis
869 849 990 915 casibus
1013 851 1033 914 b
1057 849 1201 935 habeant,
1229 859 1264 915 ut
1287 851 1407 933 caeleps
1430 852 1568 937 caelibis,
1596 871 1673 934 urps
1741 835 1744 840 ⁸

335 958 436 1043 urbis,
460 959 534 1022 item
556 960 588 1022 in
611 941 797 1041 aliis'ipsaua
822 960 987 1042 retineant,
1010 967 1046 1022 ut
1068 976 1181 1041 auceps
1204 961 1339 1042 aucupis.
1377 959 1458 1022 unde
1487 967 1612 1042 apparet
1640 963 1672 1024 in
1701 977 1715 1019 s

335 1063 383 1128 bis
412 1065 533 1130 ensibus
561 1075 680 1131 mutare
708 1085 765 1131 uos
794 1065 904 1130 debere
928 1085 948 1148 p
972 1069 1003 1129 iu
1026 1064 1061 1150 b,
1089 1068 1120 1129 in
1145 1065 1256 1148 quibus
1279 1064 1303 1151 †
1326 1086 1358 1130 se
1385 1085 1447 1130 non
1471 1067 1575 1132 ambae
1599 1087 1671 1132 con·

336 1184 483 1238 secuntur
511 1177 690 1258 interposita
719 1175 822 1239 vocali.
864 1175 941 1240 banc
966 1177 1057 1239 etiam
1080 1174 1216 1258 regulam
1240 1179 1380 1258 sequitur
1409 1179 1439 1240 iu
1464 1198 1506 1262 ap,
1533 1187 1672 1260 quaest

334 1284 400 1365 ipsa
423 1303 478 1366 per
501 1304 522 1367 p
541 1284 610 1348 etb
634 1293 765 1368 constat,
789 1291 824 1347 ut
842 1282 954 1366 Cinyps
974 1282 1130 1366 Cinppbis,
1156 1283 1237 1365 quod
1261 1284 1292 1346 in
1313 1286 1495 1347 nominativo
1515 1303 1587 1349 casu
1611 1305 1668 1368 per

336 1411 356 1474 p
380 1401 411 1455 et
435 1411 465 1474 s,
488 1395 520 1456 in
544 1393 610 1478 aliis
633 1393 754 1457 casibus
776 1411 833 1476 per
855 1411 875 1474 p
900 1400 930 1455 et
953 1390 973 1454 b
998 1389 1152 1454 scribitur.
1534 1375 1538 1379 ’

371 1585 373 1592 γ
426 1499 593 1582 Quicquam
617 1503 648 1565 iu
672 1501 771 1564 medio
795 1519 851 1584 per
874 1519 905 1583 c,
928 1517 989 1562 uon
1012 1517 1068 1581 per
1092 1498 1112 1561 d
1136 1498 1228 1562 scribi
1259 1497 1358 1561 elebat.
1395 1501 1714 1582 incompositionem

335 1610 416 1672 enlm
434 1609 614 1692 plerumque
633 1609 698 1673 din
713 1629 730 1673 c
745 1617 958 1694 commutatur,
972 1616 1008 1672 ut
1025 1609 1056 1670 in
1079 1605 1364 1692 praepositionibus,
1379 1606 1490 1697 accedo
1504 1607 1672 1672 accumulo.

424 1717 588 1782 Formosus
612 1719 677 1782 sine
702 1737 723 1780 u
747 1717 879 1782 secunda
908 1714 1020 1799 syllaba
1048 1715 1241 1780 scribendum
1266 1725 1326 1798 est,
1354 1724 1389 1779 ut
1417 1733 1564 1780 arenosus
1588 1719 1673 1781 iron-

337 1824 431 1888 dosus
450 1844 583 1909 aquosus
602 1824 760 1890 barbosus.
790 1827 950 1908 participia
966 1842 1038 1888 sero
1057 1822 1170 1887 babent
1188 1843 1218 1908 n,
1236 1832 1272 1888 ut
1291 1832 1397 1888 tonsus
1418 1835 1527 1888 tunsus
1546 1842 1672 1890 mensus

334 1953 456 2015 pensus.
494 1937 688 2016 antiquorum
718 1934 799 1999 nulla
823 1932 1015 1997 observantia
1046 1934 1116 2015 luit,
1144 1950 1214 1996 cum
1239 1951 1258 1996 u
1286 1950 1325 1994 au
1349 1935 1415 1996 siue
1439 1951 1459 1995 u
1483 1932 1671 1998 scriberent:

331 2041 379 2104 illi
405 2045 485 2105 euim
509 2050 595 2107 tusus
618 2053 706 2108 tusus
728 2059 838 2126 prasus
861 2041 1041 2124 plerumque
1065 2039 1248 2104 scribebant.
1687 2062 1713 2102 1⁵

424 2148 454 2214 Υ
477 2170 619 2234 graecum
642 2170 699 2215 uos
730 2153 761 2215 in
785 2148 965 2233 quibusdam
986 2142 991 2234 Ι
1016 2151 1047 2212 11
1072 2165 1091 2211 u
1116 2151 1334 2232 convertimus,
1362 2158 1397 2214 ut
1420 2149 1527 2232 Cymes
1550 2148 1671 2232 Cumas,

336 2259 488 2341 cyminum
517 2264 685 2345 cuminum3
713 2262 744 2324 iu
774 2259 953 2342 quibusdam
982 2276 1043 2320 non
1063 2260 1291 2342 convertimus,
1320 2268 1355 2322 ut
1383 2258 1469 2342 Syria
1501 2259 1669 2341 Syracusae

338 2366 506 2449 symbolum
530 2369 721 2452 sycophanta.

425 2478 562 2552 Forlices
586 2477 726 2556 forpices
754 2479 884 2559 forcipes
915 2474 1084 2539 secundum
1109 2473 1318 2558 etymologiam
1341 2475 1489 2539 debemus
1512 2475 1614 2539 dicere
1638 2486 1670 2540 et

335 2582 484 2648 scribere:
509 2583 572 2665 [ut]
597 2587 623 2649 si
643 2604 659 2648 a
677 2585 727 2649 llio
751 2584 900 2669 dicamus,
924 2585 938 2646 l
961 2583 1108 2647 debemus
1132 2601 1260 2666 ponere,
1283 2591 1318 2654 ut
1342 2583 1476 2669 loriices,
1500 2602 1576 2666 quae
1596 2593 1712 2647 sunteo

424 2799 460 2852 10
478 2794 636 2867 Quicquam
651 2812 707 2853 ecc.
722 2795 861 2853 Rosciam.
876 2799 953 2854 2319
990 2749 991 2752 Β
1011 2799 1045 2851 16
1058 2793 1086 2850 Y
1100 2807 1234 2866 graecum
1249 2791 1363 2850 coeat
1379 2797 1491 2864 153,11
1548 2799 1583 2850 te
1597 2793 1669 2851 1111-
1687 2752 1689 2756 Ι

334 2876 399 2934 licea
419 2875 530 2936 Oloris.
549 2881 595 2946 94,
613 2881 651 2935 21
677 2874 733 2934 Vel.
754 2875 843 2949 Lmap.
863 2880 965 2946 71,12

426 3074 440 3122 1
465 3067 611 3124 11ὶί11111
630 3065 674 3126 Os
691 3083 711 3138 y
729 3064 829 3122 littere
846 3066 875 3121 A
893 3063 905 3120 i
922 3063 1021 3121 littera
1038 3063 1067 3120 Β
1131 3064 1278 3135 potuerint
1297 3082 1367 3122 corr.
1388 3065 1482 3123 1110
1543 3071 1670 3138 11111

332 3150 363 3205 11
381 3166 394 3203 s
413 3148 512 3206 littera
531 3148 708 3206 scribebatur
725 3148 754 3203 B
834 3144 886 3202 ubi
907 3148 939 3200 Ψ
953 3163 1089 3218 graecum
1108 3149 1191 3204 acuat
1212 3147 1256 3208 Os
1275 3150 1324 3206 ubi
1343 3148 1355 3204 i
1373 3151 1520 3220 (sarperser.
1539 3151 1568 3220 p)
1587 3163 1670 3220 grae·

332 3246 396 3286 cum
421 3233 505 3287 sonat
526 3229 555 3285 Β
579 3229 628 3287 ubi
650 3248 670 3300 y
695 3244 828 3302 graecum
852 3228 934 3282 sonet
957 3227 985 3282 A
1059 3233 1075 3282 a
1102 3227 1178 3298 quod
1197 3229 1283 3286 uitari
1302 3245 1320 3290 ς
1338 3229 1416 3302 quod
1433 3229 1525 3286 uitare
1544 3228 1604 3284 AO
1620 3230 1671 3301 qui

332 3314 413 3382 (coar.
439 3312 518 3383 quia)
542 3309 630 3367 uitari
654 3309 682 3366 Β
755 3325 807 3381 per
826 3307 924 3379 priore
946 3307 1004 3364 loco
1027 3324 1079 3364 om.
1103 3309 1144 3378 A,
1163 3312 1318 3380 posteriore
1342 3309 1399 3366 loeo
1423 3326 1474 3366 one.
1493 3310 1522 3364 Β
1596 3316 1613 3366 t
1637 3315 1671 3368 ut

274 3431 276 3436 ,
333 3392 427 3448 celebs
447 3394 474 3447 A
549 3389 630 3464 urps]
649 3390 717 3446 urbs
736 3386 765 3443 Β
839 3393 855 3442 b
878 3387 1005 3444 retinent
1021 3390 1050 3444 A
1124 3393 1272 3447 emutare
1293 3408 1344 3448 nos
1363 3390 1467 3447 debere
1490 3408 1510 3462 p
1530 3393 1560 3448 ei
1580 3392 1596 3448 b
1616 3391 1645 3448 Β
1652 3408 1670 3453 s

333 3489 384 3528 uos
399 3477 509 3529 mutere
525 3471 628 3530 debere
649 3488 700 3543 per
713 3488 733 3543 p
747 3469 810 3526 etb
828 3467 887 3524 AO
950 3485 986 3538 ,aa
1000 3485 1058 3526 non
1071 3469 1174 3527 ambae
1193 3471 1277 3532 ABs
1297 3488 1347 3528 seu
1366 3471 1468 3527 ambse
1488 3470 1559 3529 Osa
1580 3474 1670 3530 eliam

332 3553 436 3609 ambae
456 3553 563 3615 Carrio.
592 3569 622 3608 se
639 3569 697 3610 nou
716 3549 817 3606 ambae
835 3549 862 3604 sa'
883 3550 997 3620 scripsit
1013 3554 1227 3621 prammattcus,
1249 3554 1300 3609 laco
1321 3551 1423 3620 coluit,
1442 3551 1670 3622 intumescas,

331 3635 480 3706 inquibus
494 3653 513 3706 p
529 3639 554 3691 et
568 3651 581 3688 s
596 3629 937 3705 interpositacocola'ncc
955 3646 1019 3686 coca
1040 3637 1064 3700 i,
1083 3651 1102 3705 p
1117 3633 1182 3690 inb
1200 3633 1306 3688 marcas
1325 3631 1427 3687 debers.
1455 3632 1558 3686 rectius
1577 3639 1671 3692 tamen

333 3721 392 3772 erat
415 3715 445 3772 11
469 3716 572 3787 quibus
597 3734 610 3772 s
635 3714 755 3772 eandem
778 3729 836 3768 non
860 3713 989 3782 sequitur
1012 3649 1095 3782 θεῖε
1119 3731 1176 3770 111
1201 3713 1299 3770 statim
1319 3711 1458 3781 sequitur)
1477 3711 1558 3768 nube
1581 3713 1669 3772 inter-

332 3795 427 3870 posita
450 3796 546 3853 vocali
638 3803 654 3852 'l
678 3794 808 3866 sequitur
830 3792 860 3848 11
884 3795 914 3881 (p
934 3795 998 3850 adal.
1019 3795 1053 3866 0)
1073 3798 1097 3852 Φ
1116 3795 1176 3854 AO
1192 3795 1321 3868 sequitur
1338 3791 1368 3847 in
1386 3791 1398 3847 i
1416 3791 1444 3846 B
1462 3793 1591 3863 sequitur
1610 3801 1640 3855 ei
1658 3799 1670 3855 i

332 3901 359 3952 et
376 3897 409 3951 in
426 3912 514 3967 scarp.
535 3898 559 3952 Φ
580 3895 660 3963 Pan,
679 3893 806 3965 sequitur
825 3893 898 3947 11Φ
918 3906 947 3960 s,
967 3894 1112 3964 sequimur
1130 3893 1160 3952 11
1179 3915 1201 3964 φ
1222 3891 1332 3949 Cra-raso.
1361 3889 1669 3966 1111111111φ11ᾱι.

331 3981 380 4032 tur
408 3976 586 4034 tribuendum
614 3993 669 4032 esse
691 3973 876 4046 neplepcntioe
904 3975 1081 4043 prommota‘ci
1103 3979 1197 4033 minus
1221 3977 1349 4030 commate
1374 3971 1519 4038 referentia
1543 3981 1669 4049 rapulam

338 4056 490 4126 Varronis,
509 4077 527 4115 o
546 4075 600 4129 quo
616 4060 647 4113 Ψ
659 4063 720 4127 etp
741 4056 847 4110 taceae
866 4056 1031 4124 compositae
1045 4063 1126 4114 mant
1143 4060 1176 4113 a'n
1189 4057 1324 4128 excerptis
1340 4052 1459 4110 0111111·
1472 4063 1585 4127 1.·153,
1599 4065 1618 4117 c·

332 4142 476 4210 seynyps
494 4137 633 4211 cynypbis
651 4137 680 4193 Β
708 4135 806 4207 cpuips
827 4133 945 4206 cynipya
964 4135 1023 4192 AO
1097 4140 1186 4214 quod]
1206 4155 1279 4210 quaa
1298 4129 1391 4193 ABG
1461 4143 1477 4193 9
1495 4155 1549 4210 per
1566 4147 1631 4197 ante
1649 4161 1669 4214 p

332 4220 448 4290 utroque
466 4220 524 4276 loco
543 4237 594 4278 cm.
616 4218 640 4275 0
693 4224 727 4275 10
747 4215 903 4286 Quicquam
922 4219 954 4274 11
971 4218 1108 4290 quicquid
1127 4221 1157 4276 in
1176 4219 1271 4276 medio
1290 4235 1340 4290 per
1355 4235 1381 4286 c,
1400 4234 1457 4273 uon
1476 4235 1527 4290 per
1544 4219 1565 4276 d
1582 4223 1669 4280 scribi

334 4301 439 4358 debeat
457 4303 491 4358 de
509 4303 630 4373 crtbopr.
642 4317 671 4372 p.
686 4303 764 4358 2343
830 4303 861 4352 11
883 4299 934 4354 aut
952 4315 1022 4357 corr.
1037 4302 1071 4357 11
1088 4301 1116 4356 Β
1182 4307 1216 4357 11
1237 4299 1386 4356 scribenda
1400 4297 1484 4355 1110
1547 4306 1580 4358 13
1599 4320 1669 4361 uero

333 4399 388 4453 qua
408 4383 515 4440 babent
534 4383 562 4439 A
636 4384 670 4439 ut
687 4397 789 4438 conaus
808 4381 907 4436 111111
927 4383 958 4450 qt
977 4398 1090 4438 mensus
1108 4399 1212 4454 peuaus
1233 4379 1267 4450 0,
1291 4383 1323 4435 11
1347 4383 1445 4436 tonsus
1464 4383 1565 4437 tunsus
1584 4399 1668 4454 preu-

332 4480 380 4518 sus
400 4479 503 4534 pensor
522 4465 556 4520 de
574 4465 694 4535 ortbopr.
710 4480 742 4534 p.
762 4465 839 4519 2335
933 4467 967 4516 tt
986 4464 1101 4533 pensus]
1120 4479 1241 4534 prensus
1262 4461 1361 4518 Carrio
1379 4467 1405 4518 et
1421 4477 1519 4532 scarpo
1537 4463 1669 4519 editionis

335 4545 487 4602 Parisinus
549 4543 682 4616 quamuis
702 4543 884 4614 antiquorum
904 4540 1005 4598 camo
1071 4551 1103 4599 lb
1123 4541 1235 4615 prasus]
1255 4543 1372 4610 fumasse
1390 4558 1474 4613 perus
1536 4549 1568 4600 tr
1589 4544 1668 4615 syria

333 4625 462 4696 cyriacus
486 4625 646 4697 symbolum
665 4622 725 4681 AC
746 4622 837 4694 syrias
861 4621 991 4694 cyriacus
1014 4623 1167 4681 simbolum
1185 4621 1227 4692 Β,
1252 4621 1333 4692 Syria
1351 4622 1483 4692 Syr-iacun
1505 4624 1668 4695 symbolum

335 4705 443 4763 Carrio.
473 4705 629 4777 Syracusae
647 4707 758 4762 restitui
776 4723 810 4760 ex
828 4703 963 4774 excerptio
982 4703 1101 4760 Cornuti
1166 4711 1200 4761 18
1221 4705 1379 4774 oyeopante
1398 4702 1423 4759 0
1493 4710 1525 4760 19
1544 4705 1669 4763 Fcrfices

332 4787 455 4860 forpices
469 4803 520 4844 om.
535 4785 631 4846 ABG.
655 4787 778 4844 Foriices
797 4785 953 4843 secuudum
972 4786 1177 4858 etymologiam
1196 4801 1213 4845 s
1282 4791 1317 4840 20
1337 4783 1362 4842 si
1380 4802 1400 4842 a
1416 4785 1465 4842 iilo
1483 4783 1498 4840 f
1513 4785 1624 4844 iorbcea
1644 4785 1670 4843 0
1708 4835 1713 4844 .

369 4867 523 4925 debeamus
542 4883 559 4926 ς
