3564 5482
578 301 649 360 aes
668 301 918 360 oeauutrrct
1304 388 1307 394 Ι
1372 303 1439 370 399

102 416 125 456 p.
141 406 176 448 28.
191 407 218 449 29
233 407 263 449 H.

103 490 275 554 collationis
299 489 406 554 modus
431 510 490 554 ιιοιι
516 502 574 575 est,
607 511 676 555 cum
706 491 865 557 absolutus
894 494 934 554 sit
962 502 993 556 et
1021 492 1095 556 uuili
1118 501 1319 576 comparetur.
1366 494 1439 554 item

104 599 224 664 doctior
242 619 303 662 nou
323 606 407 662 recte
426 598 538 663 dicitur
557 604 794 685 comparativus,
813 603 883 686 quia
902 620 962 664 nou
982 611 1152 686 comparet,
1170 603 1224 666 sed
1244 609 1438 685 superponat.

104 729 175 772 cum
201 713 280 772 enim
305 709 372 772 dico
402 703 531 772 ‘doctior
555 709 605 772 iilo
630 705 719 795 sum',
748 728 809 774 uou
839 728 981 794 comparo
1011 729 1059 772 mo
1087 710 1145 794 illi,
1173 710 1226 775 sed
1255 729 1438 794 superpono.

195 817 262 880 Non
287 819 387 882 omnia
411 827 511 882 autem
536 821 657 882 uomina
680 819 792 902 gradus
816 817 986 882 collationis
1007 822 1174 904 recipiunt,
1197 820 1251 883 sed
1274 819 1337 882 sola
1360 837 1438 902 quae

75 935 157 990 saut
181 926 356 1010 qualitatem
385 929 569 1012 significant,
597 937 631 992 ut
660 928 758 994 bonus
786 929 932 993 candidus
961 930 1056 1011 citus,
1084 937 1136 992 aut
1163 931 1377 1012 quantitatem,
1404 937 1439 992 ut

103 1033 213 1118 longus
237 1035 315 1099 altus
344 1055 487 1121 magnus3
515 1045 617 1101 cetera
645 1049 746 1102 autem
776 1057 835 1102 non
865 1037 976 1100 habent
1005 1035 1211 1123 collationem,
1238 1037 1332 1102 retorti
1360 1056 1436 1120 quae

102 1161 217 1227 corpus
250 1147 433 1232 sigridam,
465 1157 499 1212 ut
525 1143 615 1210 homo
645 1144 744 1210 arbor.
791 1147 938 1229 quaedam
969 1147 1103 1224 nomina,
1128 1165 1308 1231 quamquam
1343 1147 1437 1230 quali·

102 1261 199 1316 tatem
222 1254 407 1339 significent,
430 1254 541 1339 gradus
566 1264 666 1319 ιοιοοο
686 1249 691 1341 Ι
712 1253 882 1319 collationis
905 1273 966 1318 uon
991 1253 1118 1338 habent,
1146 1265 1180 1319 ιιι
1207 1256 1292 1320 mdis
1316 1255 1437 1320 sobrius

102 1363 269 1426 mediocris
296 1363 428 1446 grandis.
479 1362 625 1446 quaedam
655 1373 727 1427 sunt
755 1383 831 1445 quae
861 1381 956 1426 uuum
985 1372 1102 1426 tantum
1131 1363 1256 1444 gradum
1286 1367 1437 1448 rccipiunt

63 1491 87 1529 ιο
101 1473 356 1556 comparativum,
380 1481 414 1536 ut
437 1464 530 1538 se'oex
554 1475 671 1556 senior,
695 1474 812 1536 iuvenis
835 1474 973 1535 iuvenior
998 1471 1226 1552 [iuvenissimus
1245 1476 1327 1538 enim
1350 1493 1436 1537 num·

102 1581 225 1665 quam];
245 1583 390 1664 quaedam
410 1581 629 1665 superlativum
651 1588 775 1663 tantum,
796 1582 917 1664 ulpius
936 1581 1104 1666 piissimus,
1129 1581 1225 1644 bellus
1245 1580 1436 1646 bellissimus.

101 1701 176 1753 srrut
200 1693 273 1754 item
297 1690 478 1774 superlativa
502 1709 579 1772 quae
603 1688 789 1771 absolutum,
818 1688 875 1750 hoc
899 1681 1203 1772 calamitosos,
1232 1711 1292 1754 ooo
1316 1690 1437 1777 habeut,

103 1798 157 1862 sed
186 1797 223 1860 ab
248 1797 388 1861 adverbio
413 1801 553 1883 veniunt,
576 1806 610 1861 ιιι
635 1797 761 1861 ulterior
785 1796 910 1860 ultimus
933 1797 970 1860 ah
995 1797 1074 1862 ultra
1098 1799 1143 1863 rel
1168 1801 1292 1864 citerior
1315 1803 1436 1864 citimus

102 1941 323 1952 ———-———-

196 1989 984 2063 eomasaepattmuo.1aumsotutusaiteenurtir
1057 1991 1168 2064 iquia]
1184 1992 1234 2064 qui
1308 1997 1436 2052 deuiam

100 2079 245 2211 ffiimm⁷
266 2075 299 2130 ui
316 2073 403 2130 homo
422 2073 506 2130 orbor
519 2091 571 2130 om.
648 2079 680 2128 to
695 2071 892 2130 insanissimus
907 2072 984 2130 enim
997 2091 1153 2146 numqaum
1167 2091 1220 2132 om.
1295 2083 1327 2131 11
1343 2075 1435 2134 bellus

196 2335 209 2385 1
231 2326 393 2384 collationis
412 2327 518 2399 grados
535 2331 593 2384 noir
613 2331 656 2384 est
674 2345 730 2386 ττι.
752 2325 908 2398 01ιατίο.γ.
928 2331 1037 2395 536,20
1120 2334 1136 2384 ι
1156 2347 1221 2385 oum
1245 2328 1355 2401 alioqui
1378 2347 1435 2387 non

100 2412 251 2482 comparet
268 2427 324 2466 eac.
345 2409 454 2468 Oltam.
471 2427 501 2480 p.
521 2413 630 2476 53o,22
713 2407 897 2482 ooandidus]
926 2409 1008 2466 albus
1032 2409 1071 2465 Μ
1150 2430 1188 2475 ως
1210 2430 1244 2467 το
1271 2429 1380 2483 μαιιρος
1402 2414 1435 2467 ut

100 2491 206 2565 longus
222 2496 227 2558 Ι
243 2495 352 2560 υυηίος
371 2510 460 2563 μεγας
479 2490 553 2548 ottus
566 2505 685 2562 magnus
701 2493 706 2562 Ι
722 2509 757 2546 τα
771 2494 857 2548 torno
871 2492 904 2547 dr
919 2493 1015 2548 celero
1028 2493 1125 2548 aulem
1142 2491 1180 2546 M
1252 2495 1433 2564 ’ίαυθροαος

100 2573 188 2630 homo
205 2577 210 2642 Ι
227 2574 348 2645 δετδρον
367 2573 507 2629 arbordi
588 2576 701 2643 Sopor
723 2591 775 2628 του
798 2573 916 2645 βαθμου
936 2575 1033 2630 lamen
1055 2571 1160 2644 modus
1179 2573 1184 2642 Ι
1206 2593 1255 2644 της
1278 2581 1435 2646 τῦιιρισεως

101 2656 265 2715 collationis
281 2661 286 2726 l
303 2675 355 2712 ουιι
375 2673 435 2726 εχει
453 2674 492 2719 ως
510 2673 543 2710 το
561 2669 617 2710 noo
637 2651 745 2710 hebeni
763 2657 796 2710 oi
811 2657 815 2724 1
850 2673 934 2719 τινος
952 2673 1065 2724 ανηφσς
1083 2653 1161 2711 rodis
1180 2655 1291 2712 sobrius
1311 2656 1348 2713 Μ

100 2739 181 2795 rodis
207 2737 302 2794 ebrius
325 2743 350 2792 et
373 2739 406 2794 ιἰι
426 2737 535 2808 praecio
558 2729 677 2805 σκληρός
700 2729 815 2806 όυηφος
837 2737 953 2793 contecti
976 2737 1113 2809 Ηαμσιιιισ
1132 2779 1138 2792 .
1159 2736 1270 2795 sobrius
1293 2743 1333 2796 esi
1356 2743 1435 2813 apud

102 2820 264 2876 Clmrisium
281 2835 309 2890 p.
329 2823 435 2886 156‚27
453 2823 479 2874 τι
497 2819 530 2873 iu
547 2819 682 2889 excerptis
697 2835 728 2888 p.
747 2823 854 2885 53⁶·‚28

101 2997 313 3109 συγκρίσεως
334 3017 460 3107 τρόπος
484 3016 546 3088 οὖν
570 3019 680 3105 ἐστιν,
710 3014 810 3089 ὁπότε
839 3015 1008 3098 destitutos
1036 3025 1088 3106 είη
1116 3020 1172 3089 καὶ
1202 3021 1325 3109 μηδενὶ
1353 3042 1433 3111 συγ-

99 3135 264 3217 κρίνοιτο.
311 3124 436 3217 ὁμοίως
458 3126 502 3198 τὸ
526 3137 648 3198 doctior
672 3124 714 3197 οό
742 3130 853 3209 καλῶς
885 3128 1015 3215 λέγεται
1049 3127 1278 3217 συγκριτιαός,
1311 3127 1363 3199 ὄτι
1391 3129 1434 3201 οὐ

100 3242 292 3326 συγκρίνει,
315 3234 400 3306 ἀλλὰ
419 3233 604 3324 mamacas.
641 3234 726 3306 ὅταν
739 3235 804 3326 γὰρ
815 3237 906 3324 Ιλέγω
926 3235 1280 3326 ,διδασκαλικώτερος
1300 3240 1434 3309 ἐκείνου

100 3351 209 3436 είμί,“
234 3342 276 3416 οὐ
299 3350 472 3434 συγκρίνω
497 3343 645 3432 ἐμαυτὸν
669 3346 802 3438 ἐκείνω,
827 3341 901 3414 ἀλλ’
927 3341 1111 3431 ὑπερτιθῶ.

73 3489 86 3529 s
194 3453 245 3525 od
275 3453 385 3524 πάντα
415 3452 451 3522 dt
479 3450 520 3523 τὰ
550 3451 701 3542 ὀνόματα
731 3454 812 3536 τοὺς
839 3451 996 3542 βαθμοὺς
1025 3457 1083 3543 τῆς
1101 3460 1319 3543 συγκρίσεως
1350 3452 1433 3526 ἅνα-

101 3568 275 3654 όέχονται,
308 3561 394 3633 ἀλλὰ
427 3560 517 3651 μόνα
551 3559 635 3651 ὅπερ
668 3558 713 3632 ἂν
746 3562 908 3652 ποιότητα
942 3569 1116 3651 σημαίνει,
1153 3561 1199 3646 ὡς
1232 3563 1270 3634 τὸ
1301 3563 1434 3654 ἀγαθός

100 3673 221 3756 λευκός
243 3671 362 3763 ταχύς,
391 3667 412 3760 ἢ
437 3671 622 3760 ποσότητα,
651 3670 701 3753 ὡς
729 3671 771 3742 τὸ
796 3671 925 3761 μακρός
948 3667 1079 3759 ὑψηλός
1105 3674 1217 3761 μέγας.
1262 3671 1304 3743 τὰ
1333 3671 1434 3744 λοιπὰ

101 3785 139 3854 di
165 3781 227 3852 οὐκ
252 3787 317 3871 ἔχει
338 3781 530 3870 σύγκρισιν,
555 3777 631 3852 οἷον
650 3780 734 3870 ἅπερ
754 3777 797 3850 ἂν
817 3787 914 3872 σῶμα
934 3788 1107 3872 σημαίνει,
1128 3779 1173 3864 ὡς
1191 3780 1229 3853 τὸ
1249 3781 1435 3874 ἄνθρωπος

101 3894 260 3977 δένδρον.
305 3888 383 3960 τινὰ
403 3886 569 3980 ὀνόματα,
590 3895 621 3960 εί
640 3899 644 3970 Ι
665 3887 779 3959 καὶτὰ
799 3889 943 3979 μάλιστα
962 3888 1125 3979 ποιότητα
1144 3897 1318 3980 σημαίνει,
1341 3891 1434 3983 ὅμως

64 4033 88 4072 ιο
100 4001 182 4084 τοὺς
201 3997 360 4088 βαθμοὺς
378 4002 438 4088 τῆς
457 4005 665 4088 συγκρίσεως
689 3998 760 4069 οὐκ
784 4005 880 4089 ἔχει,
904 3997 950 4081 ὡς
968 3998 1006 4070 τό
1025 4001 1124 4084 κενός
1142 4001 1312 4090 νηφάλιος
1330 4005 1434 4091 πένης

100 4112 213 4201 μέγας.
259 4105 336 4178 τινόι
360 4109 449 4179 εἰσίν
471 4105 493 4178 ἃ
518 4111 578 4178 ἕνα
601 4107 711 4200 μόνον
735 4107 876 4198 βαθμὸν
897 4105 1096 4199 ἀναδέχεται
1120 4108 1181 4180 τὸν
1202 4113 1432 4199 συγκριτικόν,
1453 4114 1457 4126 ’

101 4219 146 4304 ὡς
174 4216 213 4288 τὸ
242 4218 353 4308 γέρων
381 4217 614 4306 γεραιότερος,
642 4219 720 4298 νέος
747 4218 911 4305 νεώτερος
940 4218 1205 4305 [νεωτερότατος
1233 4217 1297 4308 γὰρ
1322 4215 1432 4308 oripi}

99 4327 176 4399 τινὰ
191 4325 229 4397 τὸ
244 4325 468 4416 ὑπερθετικὸν
483 4327 593 4416 μόνον
646 4381 654 4396 .
670 4331 761 4395 ἔστιν
777 4323 902 4416 ὁμοίως
916 4325 1120 4414 ὑπερθετικά
1135 4321 1157 4394 ἃ
1172 4325 1233 4396 τὸν
1248 4323 1432 4415 deotmot»,

100 4439 275 4508 τουτέστιν
295 4435 356 4507 τὸν
375 4435 607 4526 τρωτότυαον,
627 4431 689 4506 οὐκ
705 4440 852 4525 ἔχουσιν,
868 4433 953 4506 ἀλλὰ
972 4433 1038 4506 ἀπὸ
1054 4433 1278 4525 έπιρρήματος
1294 4439 1432 4526 ἔρχεται,

192 4614 373 4684 ιόπόιυτος
400 4619 457 4692 εἴη]
486 4636 633 4681 ατααυτος
658 4636 701 4673 ειν
789 4625 805 4673 2
830 4613 861 4675 τό
889 4617 999 4677 doctior
1022 4635 1072 4674 om.
1162 4623 1178 4673 ὅ
1207 4624 1433 4688 τητσσῦαριοεως

101 4703 244 4776 recipiunt
261 4703 461 4773 τιναδεχονται
535 4707 683 4770 deusque
703 4718 835 4768 τοιοτητα
911 4695 984 4763 τός
1003 4696 1034 4755 τό
1054 4717 1109 4756 om.
1191 4705 1223 4754 ιι)
1242 4719 1293 4755 του
1313 4701 1429 4772 βαθμον

137 4779 194 4841 oria
215 4781 274 4855 ἔχει
294 4779 346 4842 ont.
420 4779 573 4856 νηφόίιος]
594 4799 705 4852 ανηφος
781 4787 811 4836 11
833 4801 908 4845 τινες
927 4800 1000 4838 auctr
1075 4787 1107 4836 12
1128 4798 1288 4867 ονχυισονν.
1309 4801 1373 4854 eope

104 4872 136 4922 rt
155 4884 262 4940 εγουοα
