3590 5486
358 329 426 400 204
910 327 1142 390 cessiononn
1170 397 1177 404 ,

357 446 380 486 p.
394 435 454 476 asse.
472 435 497 476 ιε
511 435 536 476 n.

357 538 478 602 quoque
503 539 572 582 cerm
595 540 609 582 ε
633 519 724 582 scribi
744 519 835 583 debet
858 513 910 604 (cx
931 519 995 582 solo
1014 521 1095 582 enlm
1114 521 1159 582 ire
1178 529 1225 583 εει
1245 517 1411 604 exsulare),
1431 523 1518 604 quasi
1537 522 1696 608 exsolium,

357 627 439 710 quod
463 628 571 692 Graeci
595 621 776 712 ἐξορισμόν
800 628 919 713 dicunt3
942 639 973 692 et
996 629 1112 710 antiqui
1135 628 1255 692 exsoles
1278 627 1433 714 dicebant,
1462 649 1538 713 qnos
1563 649 1621 694 nos
1644 651 1695 694 ex-

357 736 440 800 sules
468 737 606 801 dicimus.
650 747 803 800 extorrem
830 757 902 802 vero
931 741 996 802 slne
1026 757 1056 802 s:
1088 755 1124 800 ex
1156 745 1237 801 terra
1266 741 1347 802 enlm
1375 741 1506 803 eiectum
1536 741 1696 822 signifieat.

346 830 444 908 'exsui
468 845 558 909 habet
583 865 611 908 s:
636 847 683 908 sui
707 847 789 908 enim
808 855 856 909 est
879 857 909 910 et
932 848 1027 932 insul,
1051 848 1138 930 quasi
1160 845 1250 911 alicui
1269 849 1315 911 rel
1338 849 1473 932 immitti,
1498 847 1578 912 unde
1598 833 1720 926 exsui,¹

358 957 443 1036 quasi
473 957 532 1017 lam
561 955 659 1018 emitti
687 963 718 1016 et
746 953 864 1017 nudari
901 953 972 1018 inde
1000 958 1155 1040 exsuviae,
1182 956 1263 1020 unde
1288 959 1400 1040 exsuti,
1429 956 1458 1021 ld
1490 967 1538 1022 est
1565 959 1723 1042 spoliati5

357 1063 440 1126 exire
464 1064 529 1126 sine
554 1082 569 1125 s
593 1057 653 1147 (ire
678 1064 758 1124 enim
783 1061 909 1144 simplex
934 1057 1010 1146 est),
1035 1071 1066 1126 ct
1089 1081 1299 1146 quaecumque
1322 1084 1360 1128 ex
1384 1064 1441 1129 boc
1473 1068 1701 1152 formabuntur,

358 1179 392 1233 nt
420 1173 520 1234 exitus
549 1173 674 1234 exitium
702 1170 830 1234 exitiale.
873 1175 1033 1236 exercitus
1061 1182 1093 1234 et
1120 1191 1264 1236 exercere
1292 1160 1363 1236 non'
1381 1173 1495 1263 habent
1518 1195 1532 1238 s
1556 1179 1587 1238 in
1612 1195 1694 1239 com-

357 1281 521 1363 positione,
545 1284 615 1362 quia
640 1279 786 1363 simplicia
810 1299 932 1362 quoque
957 1298 971 1342 s
994 1278 1133 1343 similiter
1156 1298 1217 1343 non
1241 1279 1362 1344 liabent.
1407 1286 1519 1346 etenim
1549 1303 1694 1349 exercere

359 1397 465 1452 estex
491 1409 527 1452 ex
551 1399 583 1454 et
605 1409 725 1474 arcere,
753 1399 787 1452 ut
815 1391 968 1452 exercitus
996 1391 1048 1470 qul
1077 1386 1134 1451 sub
1164 1388 1322 1471 disciplina
1346 1398 1429 1453 certa
1453 1400 1588 1476 arcetur,
1612 1394 1694 1458 unde

357 1484 542 1560 exercitatio.
580 1498 723 1562 exscindo
747 1517 762 1562 s
790 1497 903 1562 habere
931 1497 1035 1562 debet:
1063 1496 1168 1560 scindo
1197 1499 1278 1561 enim
1302 1507 1349 1562 est
1380 1499 1516 1583 simplex.
1554 1502 1695 1566 similiter
1709 1535 1738 1574 10

357 1605 501 1688 exsculpo
525 1615 556 1670 et
579 1609 706 1670 exsisto:
730 1607 869 1692 sculpere
894 1608 974 1671 enim
999 1615 1030 1670 et
1058 1611 1165 1670 sistere
1196 1607 1374 1690 simpliciter
1398 1608 1519 1672 dicitur.
1558 1629 1694 1693 expurgo

357 1725 459 1779 autem
482 1715 650 1798 eodemque
679 1711 904 1781 nodo'exceuo
930 1737 944 1781 ε
968 1735 1028 1780 non
1058 1716 1218 1781 desiderat.
1263 1719 1362 1780 eximo
1386 1717 1540 1783 similiter:
1571 1737 1639 1782 nam
1663 1730 1696 1784 ot

357 1826 388 1887 ln
412 1823 478 1886 aliis
506 1823 782 1908 praepositionibus
806 1827 871 1888 sine
900 1825 956 1888 bac
985 1824 1085 1888 littera
1109 1833 1169 1909 cst,
1197 1835 1232 1887 ut
1259 1825 1375 1889 redimo
1406 1829 1547 1891 interimo
1574 1829 1694 1894 dirimo.

357 1933 459 2014 itaque
483 1941 642 2016 exemptus
665 1938 706 1998 ita
732 1933 878 1998 scribitur
901 1942 932 1996 et
955 1936 1097 2016 eximius,
1121 1935 1173 2016 qni
1200 1943 1248 1996 est
1266 1935 1353 2015 quasi
1371 1945 1530 2019 exemptus
1553 1925 1585 2002 el
1607 1947 1695 2002 extra

357 2050 475 2104 ceteros
506 2045 633 2134 positus.
680 2052 834 2106 extremus
868 2060 989 2125 queque
1018 2047 1084 2105 sine
1103 2061 1140 2106 s:
1175 2061 1211 2106 ex
1241 2044 1322 2105 enim
1351 2051 1413 2126 est,
1438 2044 1519 2108 unde
1548 2055 1632 2108 extra
1662 2057 1694 2110 et
1710 2076 1735 2115 ιε

355 2157 520 2234 extremus,
540 2150 620 2213 unde
640 2153 830 2214 extrinsecus
849 2159 935 2213 exter
954 2153 1129 2233 extrarium,
1144 2161 1175 2214 et
1194 2153 1280 2233 siqua
1295 2150 1351 2214 alia
1370 2151 1441 2215 hinc
1457 2153 1535 2216 tralri
1555 2166 1693 2235 possunt

356 2261 516 2340 exsequiae
535 2278 606 2322 reru
625 2259 738 2322 babent
752 2280 780 2322 s:
800 2261 982 2341 scquienlm
997 2271 1044 2323 est
1064 2262 1094 2323 ln
1114 2260 1251 2343 simplici.
1280 2269 1310 2324 at
1324 2263 1450 2342 exiguae
1466 2281 1526 2326 nun
1541 2262 1654 2327 habent
1668 2285 1694 2347 s,

357 2371 437 2431 sicut
464 2347 619 2452 indignae,
647 2363 725 2450 quae‘
749 2377 872 2451 egeant,
900 2371 982 2432 rende
1005 2371 1162 2450 exiguitas.
1200 2369 1340 2436 similites
1364 2370 1514 2452 exoletus,
1544 2372 1626 2453 qnod
1655 2391 1692 2434 ex

277 2541 282 2548 ,
356 2476 482 2540 alterius
510 2480 605 2560 partis
634 2479 855 2559 praepositione
886 2479 1078 2540 manifestum
1107 2478 1153 2540 ltt:
1182 2478 1423 2541 adolevit'enim
1452 2488 1508 2543 est.
1545 2478 1695 2544 obsolevit

242 2669 244 2673 Ι
357 2595 497 2649 auteurs
525 2587 646 2668 quidem
676 2585 780 2668 habet,
807 2584 860 2647 sed
891 2603 951 2648 non
975 2587 1071 2667 ipsius
1095 2584 1192 2669 verbi,
1216 2605 1320 2648 verum
1345 2589 1591 2670 praepositionis,
1614 2606 1693 2669 quae
1709 2618 1737 2657 ε)

358 2704 404 2758 εει
432 2695 501 2770 obs,
535 2697 614 2757 sicut
645 2694 682 2757 ab
710 2693 778 2777 abs,
811 2694 898 2775 quasi
925 2693 1067 2776 abolevit,
1100 2693 1130 2757 id
1164 2703 1212 2757 est
1244 2697 1422 2758 inveteravit
1453 2706 1485 2758 et
1519 2692 1693 2782 obsorduit!

356 2805 564 2867 diuturnitate.
595 2803 668 2866 baec
684 2812 714 2866 et
729 2821 805 2884 quae
825 2800 872 2864 his
887 2803 995 2865 similia
1010 2812 1082 2865 sunt
1096 2802 1153 2865 hoc
1169 2803 1257 2865 modo
1272 2804 1558 2869 animadvertentur.
1582 2815 1695 2890 cetera,

356 2931 433 2994 quae
462 2912 608 2994 simplicia
637 2919 764 2974 suntet
788 2930 848 2973 non
873 2919 1107 2993 componuntur,
1131 2912 1196 2972 sine
1225 2909 1285 2973 ulla
1314 2911 1501 2975 dubitatione
1531 2933 1548 2976 x
1576 2921 1694 2978 tantum

356 3020 525 3102 habebunt,
554 3029 586 3083 ut
611 3022 669 3082 vixi
694 3019 755 3082 dixi
779 3020 881 3081 vexavi
906 3018 973 3080 laxo
998 3037 1074 3081 uxor
1097 3018 1242 3082 auxilium
1267 3038 1392 3083 examen
1424 3023 1488 3083 axis
1511 3021 1694 3103 exemplum.

356 3172 572 3184 ὑι-ι-ι--ι-

448 3258 462 3308 1
483 3249 635 3321 exsolium]
656 3253 737 3306 extre
755 3250 848 3306 solnm
868 3248 892 3306 0
963 3255 980 3304 t
1001 3248 1089 3321 qnod]
1109 3265 1182 3319 qnae
1203 3247 1262 3304 AO
1326 3257 1342 3306 b
1363 3249 1458 3307 emitti
1472 3252 1501 3306 et
1515 3249 1617 3306 nudari
1636 3252 1698 3307 AO

358 3331 453 3388 emitti
473 3332 591 3390 enudari
609 3331 637 3386 Β
692 3331 759 3390 inde
773 3331 893 3389 exuuiae
908 3331 982 3387 nude
1000 3329 1123 3386 exntiO
1176 3331 1340 3402 ienitiale,
1360 3349 1490 3389 exercere
1508 3349 1566 3388 non
1584 3333 1696 3390 hebent

283 3474 287 3482 ,
356 3413 422 3470 sin
447 3414 666 3486 compositione,
692 3412 813 3486 quinio
839 3411 962 3484 simplici
986 3428 1099 3483 qnoque
1123 3431 1136 3468 s
1160 3410 1292 3467 similiter
1311 3430 1367 3468 non
1391 3413 1500 3470 babent
1519 3412 1619 3470 Carrio

356 3496 497 3552 exercilus
516 3511 567 3552 orn.
587 3495 681 3552 ABG
733 3512 789 3552 non
808 3494 897 3570 babet
911 3513 924 3549 s
939 3493 967 3549 in
988 3494 1157 3566 compositio
1177 3494 1245 3565 qnia
1263 3494 1293 3550 in
1312 3493 1436 3566 simplici
1455 3511 1596 3566 quoquae
1615 3495 1694 3552 sinn-

337 3577 423 3650 ,liter
445 3594 501 3633 non
526 3577 658 3635 habeti)
729 3575 851 3649 equis]
876 3593 950 3646 qnae
968 3577 1030 3634 AB
1105 3579 1191 3632 test
1214 3593 1248 3632 ex
1272 3593 1306 3632 ex
1331 3579 1360 3632 et
1382 3592 1479 3633 escere
1499 3575 1524 3632 O
1543 3579 1588 3633 εει
1608 3592 1643 3632 ex
1663 3577 1695 3632 et

355 3676 451 3716 arcere
466 3661 493 3716 A
513 3662 605 3716 estet
624 3657 659 3716 e'x
678 3658 823 3716 excereB
843 3659 886 3713 εει
904 3655 941 3713 ab
960 3673 994 3713 ex
1013 3660 1042 3714 et
1061 3673 1157 3714 arcere
1173 3657 1274 3713 Carrio
1328 3659 1446 3726 fumosas
1465 3661 1495 3714 et
1513 3657 1666 3716 exercitus·

354 3740 535 3812 disciplinam
550 3740 578 3795 Β
635 3746 668 3797 10
688 3739 820 3797 similiter
834 3738 969 3811 exsculpo
984 3743 1014 3796 at
1029 3739 1133 3797 exsisto
1148 3757 1199 3812 per
1213 3759 1236 3810 ε,
1256 3740 1324 3811 quis
1337 3739 1374 3796 ab
1389 3757 1422 3796 ex
1442 3743 1472 3797 ει
1489 3741 1619 3812 sculpere
1633 3741 1693 3795 est:

355 3824 425 3878 item
440 3823 476 3879 ab
491 3838 525 3878 sx
540 3824 570 3878 ει
584 3821 692 3878 sistere.
720 3822 849 3893 sculpere
864 3823 940 3878 enim
955 3823 985 3877 et
998 3820 1098 3878 sistere
1112 3821 1282 3895 simpliciter
1296 3821 1407 3878 dieitur.
1437 3838 1564 3894 expurgo
1579 3821 1693 3876 eodem·

355 3901 516 3974 quemodo
535 3903 641 3959 excedo
661 3920 673 3957 s
694 3919 749 3960 non
769 3903 933 3960 desiderant
953 3902 1062 3972 Carrio,
1081 3902 1216 3973 exsculpo
1236 3901 1341 3960 exsisto
1364 3920 1416 3975 per
1435 3921 1448 3960 ε
1466 3901 1535 3974 qnia
1553 3918 1591 3958 ex
1609 3918 1644 3958 ex
1663 3903 1695 3957 et

355 3983 484 4056 sculpere
510 3988 555 4040 εει
578 3986 607 4041 ει
630 4002 666 4041 ex
689 4001 723 4040 ex
747 3987 777 4040 st
800 3984 899 4041 sistere
919 3983 932 4041 i
950 4000 1077 4055 expurgo
1096 3988 1125 4039 ει
1151 3985 1257 4042 excedo
1276 3993 1295 4041 ῑι
1313 3985 1521 4043 desideranti}
1593 3990 1624 4040 11
1647 4001 1694 4040 ex·

311 4067 439 4139 culpo
463 4070 494 4123 et
516 4065 620 4123 exsisto
644 4065 672 4122 Β
698 4067 834 4137 exsculpo
858 4065 950 4122 existo
974 4066 1002 4121 A
1076 4065 1219 4140 sculpere]
1244 4067 1445 4139 exculpereA
1520 4073 1554 4122 12
1580 4065 1691 4137 entem]

354 4147 443 4204 etiam
462 4147 491 4202 Β
556 4153 589 4204 te
608 4147 753 4220 interimo]
773 4147 875 4205 intimo
895 4147 954 4204 AG
1016 4153 1049 4202 ts
1068 4150 1101 4204 ut
1117 4147 1226 4205 eximus
1242 4147 1317 4218 quod
1337 4153 1382 4205 εει
1400 4147 1481 4219 qnasi
1500 4147 1650 4216 exemptus
1664 4149 1693 4200 A

356 4234 388 4285 ut
407 4227 516 4286 eximus
536 4227 617 4300 quasi
637 4231 765 4284 exemtus
786 4227 810 4287 C
901 4234 934 4284 te
952 4229 1071 4296 sonasse
1090 4234 1169 4286 exter
1188 4229 1262 4285 enim
1283 4231 1340 4299 est,
1360 4230 1434 4285 unde
1454 4230 1534 4284 extre
1552 4227 1582 4281 et
1600 4227 1693 4282 extre·

355 4327 418 4365 mus
437 4310 612 4366 extrinsecus
627 4313 759 4366 externus
775 4309 914 4366 extrarius
996 4316 1027 4366 ιι
1048 4311 1180 4383 exsequia
1195 4327 1263 4367 uero
1283 4311 1390 4367 babent
1408 4329 1421 4366 s
1439 4311 1468 4366 Β
1487 4325 1608 4380 exseqne
1622 4325 1692 4366 uero

354 4391 463 4448 hebent
481 4409 494 4447 ε
512 4394 541 4449 A
561 4391 676 4462 exsequi
695 4408 764 4448 nero
783 4391 903 4447 hebete
923 4392 947 4447 0
1025 4395 1068 4449 εει
1085 4411 1137 4449 orn.
1156 4392 1185 4448 Β
1258 4391 1361 4464 exigna
1381 4409 1437 4447 non
1456 4391 1546 4447 habet
1562 4409 1577 4448 s
1597 4389 1621 4446 0

355 4479 389 4530 18
408 4472 483 4529 unde
501 4490 553 4530 om.
568 4474 682 4534 ABCs
746 4474 887 4546 exiguitas
901 4472 1039 4543 simililer,
1058 4478 1091 4530 nt
1105 4478 1134 4530 et
1148 4473 1277 4530 exoletus
1293 4475 1394 4530 Carrio
1456 4473 1599 4529 exsoletos
1614 4473 1692 4543 qnod

354 4570 389 4609 ex
407 4553 436 4609 Β
455 4554 584 4611 exoletus
603 4571 676 4626 qnae
695 4571 732 4611 ex
751 4555 775 4612 0
792 4554 902 4611 exsulet
919 4569 955 4609 ex
973 4556 1001 4610 A
1076 4563 1110 4612 19
1130 4559 1173 4612 est
1191 4574 1242 4612 om.
1261 4556 1290 4612 A
1364 4561 1400 4611 ιο
1418 4555 1515 4610 summ
1533 4569 1587 4628 om.
1605 4555 1633 4610 A

354 4635 504 4705 squidem
523 4636 584 4692 AO
600 4656 613 4693 s
632 4637 773 4708 siquidem
792 4635 821 4691 Β
909 4636 972 4709 sed]
998 4637 1022 4692 si
1045 4639 1072 4694 A
1159 4635 1386 4710 praepositiones
1404 4633 1464 4690 AO
1547 4641 1580 4690 st
1603 4634 1690 4711 sient]

355 4715 395 4770 sic
414 4718 442 4770 A
534 4721 564 4774 et
582 4719 729 4776 absorduit
747 4717 811 4775 AB
830 4721 861 4774 et
880 4717 1074 4774 obsurdneu
1160 4724 1194 4773 22
1215 4717 1370 4772 diurnitate
1390 4715 1451 4772 AB
1540 4719 1636 4773 cetere
1658 4750 1690 4760 -

355 4799 563 4867 componuntnr
585 4816 636 4856 om.
657 4801 716 4856 AG
787 4805 821 4855 23
845 4797 970 4870 tantum]
995 4798 1137 4855 antemO
1208 4795 1529 4870 cinnomannico
1580 4798 1642 4855 axis
1662 4803 1693 4856 et

355 4879 516 4952 exemplum
535 4878 564 4934 B
