<?xml version="1.0" encoding="UTF-8"?>
<!DOCTYPE html PUBLIC "-//W3C//DTD XHTML 1.0 Transitional//EN"
    "http://www.w3.org/TR/xhtml1/DTD/xhtml1-transitional.dtd">
<html xmlns="http://www.w3.org/1999/xhtml" xml:lang="en" lang="en">
 <head>
  <title>
</title>
<meta http-equiv="Content-Type" content="text/html;charset=utf-8" />
  <meta name='ocr-system' content='tesseract 3.04.00' />
  <meta name='ocr-capabilities' content='ocr_page ocr_carea ocr_par ocr_line ocrx_word'/>
</head>
<body>
  <div class='ocr_page' id='page_1' title='image "./grammaticilatin00unkngoog/grammaticilatin00unkngoog_0298.png"; bbox 0 0 3602 5482; ppageno 0'>
   <div class='ocr_carea' id='block_1_1' title="bbox 625 357 1469 452">
    <p class='ocr_par' dir='ltr' id='par_1_1' title="bbox 625 357 1469 452">
     <span class='ocr_line' id='line_1_1' title="bbox 625 357 1469 452; baseline 0.009 -37"><span class='ocrx_word' id='word_1_1' title='bbox 625 357 676 415; x_wconf 84' lang='lat' dir='ltr'>nn</span> <span class='ocrx_word' id='word_1_2' title='bbox 695 357 990 416; x_wconf 80' lang='lat' dir='ltr'>onrnocarrma</span> <span class='ocrx_word' id='word_1_3' title='bbox 1211 445 1214 452; x_wconf 20' lang='grc' dir='ltr'>Ι</span> <span class='ocrx_word' id='word_1_4' title='bbox 1401 357 1469 423; x_wconf 80' lang='lat'>283</span> 
     </span>
    </p>
   </div>
   <div class='ocr_carea' id='block_1_2' title="bbox 133 461 1468 630">
    <p class='ocr_par' dir='ltr' id='par_1_2' title="bbox 133 461 1468 630">
     <span class='ocr_line' id='line_1_2' title="bbox 133 461 314 513; baseline -0.017 -8"><span class='ocrx_word' id='word_1_5' title='bbox 133 473 155 513; x_wconf 70' lang='lat' dir='ltr'>a.</span> <span class='ocrx_word' id='word_1_6' title='bbox 169 463 233 504; x_wconf 73' lang='lat' dir='ltr'>aaut</span> <span class='ocrx_word' id='word_1_7' title='bbox 247 461 275 504; x_wconf 84' lang='lat' dir='ltr'>as</span> <span class='ocrx_word' id='word_1_8' title='bbox 289 461 314 502; x_wconf 64' lang='grc' dir='ltr'>ι’.</span> 
     </span>
     <span class='ocr_line' id='line_1_3' title="bbox 133 544 1468 630; baseline -0.002 -20"><span class='ocrx_word' id='word_1_9' title='bbox 133 567 150 610; x_wconf 94' lang='lat' dir='ltr'>a</span> <span class='ocrx_word' id='word_1_10' title='bbox 180 565 290 628; x_wconf 88' lang='lat' dir='ltr'>graeca</span> <span class='ocrx_word' id='word_1_11' title='bbox 317 547 433 629; x_wconf 89' lang='lat' dir='ltr'>origine</span> <span class='ocrx_word' id='word_1_12' title='bbox 462 565 573 609; x_wconf 87' lang='lat' dir='ltr'>nomen</span> <span class='ocrx_word' id='word_1_13' title='bbox 601 555 733 611; x_wconf 88' lang='lat' dir='ltr'>tractum</span> <span class='ocrx_word' id='word_1_14' title='bbox 761 555 851 630; x_wconf 87' lang='lat' dir='ltr'>atque</span> <span class='ocrx_word' id='word_1_15' title='bbox 880 565 897 609; x_wconf 91' lang='lat' dir='ltr'>a</span> <span class='ocrx_word' id='word_1_16' title='bbox 925 544 1083 609; x_wconf 85' lang='lat' dir='ltr'>latitudine</span> <span class='ocrx_word' id='word_1_17' title='bbox 1112 544 1293 629; x_wconf 83' lang='lat' dir='ltr'>derivatum,</span> <span class='ocrx_word' id='word_1_18' title='bbox 1326 547 1468 628; x_wconf 85' lang='lat' dir='ltr'>quoniam</span> 
     </span>
    </p>
   </div>
   <div class='ocr_carea' id='block_1_3' title="bbox 132 647 1365 957">
    <p class='ocr_par' dir='ltr' id='par_1_3' title="bbox 132 647 1365 957">
     <span class='ocr_line' id='line_1_4' title="bbox 132 647 677 742; baseline 0 -24"><span class='ocrx_word' id='word_1_19' title='bbox 132 673 242 738; x_wconf 88' lang='lat' dir='ltr'>graece</span> <span class='ocrx_word' id='word_1_20' title='bbox 266 647 376 718; x_wconf 78' lang='grc' dir='ltr'><strong><em>πλατύ</em></strong></span> <span class='ocrx_word' id='word_1_21' title='bbox 399 654 512 719; x_wconf 88' lang='lat' dir='ltr'>dicitur</span> <span class='ocrx_word' id='word_1_22' title='bbox 536 655 637 720; x_wconf 91' lang='lat' dir='ltr'>latum.</span> <span class='ocrx_word' id='word_1_23' title='bbox 675 734 677 742; x_wconf 15' lang='grc' dir='ltr'><strong><em>γ</em></strong></span> 
     </span>
     <span class='ocr_line' id='line_1_5' title="bbox 224 759 1365 850; baseline -0.001 -23"><span class='ocrx_word' id='word_1_24' title='bbox 224 763 286 827; x_wconf 88' lang='lat' dir='ltr'>Pro</span> <span class='ocrx_word' id='word_1_25' title='bbox 309 765 494 847; x_wconf 78' lang='lat' dir='ltr'><strong>praepositio</strong></span> <span class='ocrx_word' id='word_1_26' title='bbox 517 783 535 824; x_wconf 73' lang='grc' dir='ltr'>ι</span> <span class='ocrx_word' id='word_1_27' title='bbox 559 767 708 848; x_wconf 87' lang='lat' dir='ltr'>signiticat</span> <span class='ocrx_word' id='word_1_28' title='bbox 732 775 763 829; x_wconf 90' lang='lat' dir='ltr'>et</span> <span class='ocrx_word' id='word_1_29' title='bbox 787 774 871 850; x_wconf 90' lang='lat' dir='ltr'>ante,</span> <span class='ocrx_word' id='word_1_30' title='bbox 894 773 930 828; x_wconf 87' lang='lat' dir='ltr'>nt</span> <span class='ocrx_word' id='word_1_31' title='bbox 953 759 1065 850; x_wconf 66' lang='lat' dir='ltr'>(Vera.</span> <span class='ocrx_word' id='word_1_32' title='bbox 1089 766 1165 828; x_wconf 84' lang='lat' dir='ltr'>Aen.</span> <span class='ocrx_word' id='word_1_33' title='bbox 1189 765 1263 828; x_wconf 86' lang='lat' dir='ltr'>XII</span> <span class='ocrx_word' id='word_1_34' title='bbox 1284 759 1365 850; x_wconf 80' lang='lat'><em>661)</em></span> 
     </span>
     <span class='ocr_line' id='line_1_6' title="bbox 298 871 1127 957; baseline 0.002 -23"><span class='ocrx_word' id='word_1_35' title='bbox 298 871 368 934; x_wconf 89' lang='lat' dir='ltr'>soli</span> <span class='ocrx_word' id='word_1_36' title='bbox 391 892 456 955; x_wconf 92' lang='lat' dir='ltr'>pro</span> <span class='ocrx_word' id='word_1_37' title='bbox 478 876 600 956; x_wconf 87' lang='lat' dir='ltr'>portis</span> <span class='ocrx_word' id='word_1_38' title='bbox 624 874 812 957; x_wconf 75' lang='lat' dir='ltr'>Messapus</span> <span class='ocrx_word' id='word_1_39' title='bbox 836 883 871 937; x_wconf 89' lang='lat' dir='ltr'>et</span> <span class='ocrx_word' id='word_1_40' title='bbox 894 891 978 936; x_wconf 87' lang='lat' dir='ltr'>acer</span> <span class='ocrx_word' id='word_1_41' title='bbox 1001 873 1127 936; x_wconf 78' lang='lat' dir='ltr'>Atinas</span> 
     </span>
    </p>
   </div>
   <div class='ocr_carea' id='block_1_4' title="bbox 2 984 665 1060">
    <p class='ocr_par' dir='ltr' id='par_1_4' title="bbox 2 984 665 1060">
     <span class='ocr_line' id='line_1_7' title="bbox 2 984 665 1060; baseline 0.011 -21"><span class='ocrx_word' id='word_1_42' title='bbox 2 1023 4 1060; x_wconf 59' lang='lat'>3</span> <span class='ocrx_word' id='word_1_43' title='bbox 104 999 117 1040; x_wconf 80' lang='lat' dir='ltr'>a</span> <span class='ocrx_word' id='word_1_44' title='bbox 298 990 518 1046; x_wconf 78' lang='lat' dir='ltr'>sustentant</span> <span class='ocrx_word' id='word_1_45' title='bbox 541 984 665 1046; x_wconf 88' lang='lat' dir='ltr'>aciem.</span> 
     </span>
    </p>
   </div>
   <div class='ocr_carea' id='block_1_5' title="bbox 89 1089 1470 3778">
    <p class='ocr_par' dir='ltr' id='par_1_5' title="bbox 93 1089 1470 1606">
     <span class='ocr_line' id='line_1_8' title="bbox 130 1089 1470 1176; baseline 0.001 -25"><span class='ocrx_word' id='word_1_46' title='bbox 130 1090 257 1170; x_wconf 89' lang='lat' dir='ltr'>ponitur</span> <span class='ocrx_word' id='word_1_47' title='bbox 281 1097 312 1152; x_wconf 86' lang='lat' dir='ltr'>et</span> <span class='ocrx_word' id='word_1_48' title='bbox 334 1109 390 1173; x_wconf 93' lang='lat' dir='ltr'>pro</span> <span class='ocrx_word' id='word_1_49' title='bbox 414 1092 637 1173; x_wconf 75' lang='lat' dir='ltr'>praepositione</span> <span class='ocrx_word' id='word_1_50' title='bbox 662 1091 707 1175; x_wconf 91' lang='lat' dir='ltr'>in,</span> <span class='ocrx_word' id='word_1_51' title='bbox 732 1100 766 1155; x_wconf 88' lang='lat' dir='ltr'>ut</span> <span class='ocrx_word' id='word_1_52' title='bbox 789 1091 918 1156; x_wconf 83' lang='lat' dir='ltr'>dicimus</span> <span class='ocrx_word' id='word_1_53' title='bbox 946 1110 1003 1174; x_wconf 91' lang='lat' dir='ltr'>pro</span> <span class='ocrx_word' id='word_1_54' title='bbox 1028 1093 1151 1175; x_wconf 90' lang='lat' dir='ltr'>rostris,</span> <span class='ocrx_word' id='word_1_55' title='bbox 1174 1110 1230 1174; x_wconf 92' lang='lat' dir='ltr'>pro</span> <span class='ocrx_word' id='word_1_56' title='bbox 1255 1089 1412 1176; x_wconf 88' lang='lat' dir='ltr'>tribunali,</span> <span class='ocrx_word' id='word_1_57' title='bbox 1438 1099 1470 1153; x_wconf 90' lang='lat' dir='ltr'>ct</span> 
     </span>
     <span class='ocr_line' id='line_1_9' title="bbox 129 1189 1468 1286; baseline 0.001 -27"><span class='ocrx_word' id='word_1_58' title='bbox 129 1215 186 1280; x_wconf 92' lang='lat' dir='ltr'>pro</span> <span class='ocrx_word' id='word_1_59' title='bbox 211 1215 248 1260; x_wconf 93' lang='lat' dir='ltr'>eo</span> <span class='ocrx_word' id='word_1_60' title='bbox 273 1197 353 1278; x_wconf 82' lang='lat' dir='ltr'>qtrod</span> <span class='ocrx_word' id='word_1_61' title='bbox 378 1207 425 1262; x_wconf 87' lang='lat' dir='ltr'>est</span> <span class='ocrx_word' id='word_1_62' title='bbox 449 1189 530 1262; x_wconf 79' lang='lat' dir='ltr'>dari</span> <span class='ocrx_word' id='word_1_63' title='bbox 550 1197 628 1280; x_wconf 92' lang='lat' dir='ltr'>apud</span> <span class='ocrx_word' id='word_1_64' title='bbox 653 1197 799 1284; x_wconf 89' lang='lat' dir='ltr'>Graecos,</span> <span class='ocrx_word' id='word_1_65' title='bbox 823 1211 857 1263; x_wconf 90' lang='lat' dir='ltr'>ut</span> <span class='ocrx_word' id='word_1_66' title='bbox 880 1193 993 1286; x_wconf 68' lang='lat' dir='ltr'>(Vero.</span> <span class='ocrx_word' id='word_1_67' title='bbox 1013 1202 1087 1264; x_wconf 81' lang='lat' dir='ltr'>Aen.</span> <span class='ocrx_word' id='word_1_68' title='bbox 1113 1193 1234 1285; x_wconf 80' lang='lat'><strong><em>1659)</em></strong></span> <span class='ocrx_word' id='word_1_69' title='bbox 1259 1195 1342 1282; x_wconf 76' lang='lat' dir='ltr'>‘pro</span> <span class='ocrx_word' id='word_1_70' title='bbox 1366 1197 1468 1262; x_wconf 87' lang='lat' dir='ltr'>dulci</span> 
     </span>
     <span class='ocr_line' id='line_1_10' title="bbox 131 1299 1466 1393; baseline 0 -24"><span class='ocrx_word' id='word_1_71' title='bbox 131 1307 291 1370; x_wconf 79' lang='lat' dir='ltr'>Ascanio</span> <span class='ocrx_word' id='word_1_72' title='bbox 320 1303 470 1390; x_wconf 85' lang='lat' dir='ltr'>reniat&#39;,</span> <span class='ocrx_word' id='word_1_73' title='bbox 496 1317 528 1371; x_wconf 88' lang='lat' dir='ltr'>et</span> <span class='ocrx_word' id='word_1_74' title='bbox 554 1327 610 1390; x_wconf 92' lang='lat' dir='ltr'>pro</span> <span class='ocrx_word' id='word_1_75' title='bbox 635 1327 671 1372; x_wconf 88' lang='lat' dir='ltr'>eo</span> <span class='ocrx_word' id='word_1_76' title='bbox 696 1307 776 1391; x_wconf 89' lang='lat' dir='ltr'>quod</span> <span class='ocrx_word' id='word_1_77' title='bbox 805 1317 852 1372; x_wconf 91' lang='lat' dir='ltr'>est</span> <span class='ocrx_word' id='word_1_78' title='bbox 879 1299 980 1393; x_wconf 78' lang='grc' dir='ltr'><strong><em>ὑπέρ,</em></strong></span> <span class='ocrx_word' id='word_1_79' title='bbox 1011 1317 1043 1372; x_wconf 90' lang='lat' dir='ltr'>ut</span> <span class='ocrx_word' id='word_1_80' title='bbox 1067 1301 1179 1393; x_wconf 75' lang='lat' dir='ltr'>(Verg.</span> <span class='ocrx_word' id='word_1_81' title='bbox 1205 1310 1280 1371; x_wconf 81' lang='lat' dir='ltr'>Aen.</span> <span class='ocrx_word' id='word_1_82' title='bbox 1307 1301 1466 1392; x_wconf 81' lang='grc'><strong>111435)</strong></span> 
     </span>
     <span class='ocr_line' id='line_1_11' title="bbox 296 1415 1327 1501; baseline -0.002 -21"><span class='ocrx_word' id='word_1_83' title='bbox 296 1433 406 1480; x_wconf 89' lang='lat' dir='ltr'>unum</span> <span class='ocrx_word' id='word_1_84' title='bbox 428 1415 520 1480; x_wconf 93' lang='lat' dir='ltr'>illud</span> <span class='ocrx_word' id='word_1_85' title='bbox 545 1415 628 1500; x_wconf 89' lang='lat' dir='ltr'>tibi,</span> <span class='ocrx_word' id='word_1_86' title='bbox 652 1427 734 1501; x_wconf 81' lang='lat' dir='ltr'>nate</span> <span class='ocrx_word' id='word_1_87' title='bbox 759 1417 838 1494; x_wconf 86' lang='lat' dir='ltr'>dea,</span> <span class='ocrx_word' id='word_1_88' title='bbox 861 1435 1000 1500; x_wconf 82' lang='lat' dir='ltr'>proque</span> <span class='ocrx_word' id='word_1_89' title='bbox 1025 1415 1193 1480; x_wconf 87' lang='lat' dir='ltr'>omnihus</span> <span class='ocrx_word' id='word_1_90' title='bbox 1219 1435 1327 1480; x_wconf 89' lang='lat' dir='ltr'>unum</span> 
     </span>
     <span class='ocr_line' id='line_1_12' title="bbox 93 1525 930 1606; baseline 0.016 -24"><span class='ocrx_word' id='word_1_91' title='bbox 93 1542 117 1583; x_wconf 87' lang='grc' dir='ltr'>ιι</span> <span class='ocrx_word' id='word_1_92' title='bbox 295 1525 514 1606; x_wconf 89' lang='lat' dir='ltr'>praedicam.</span> <span class='ocrx_word' id='word_1_93' title='bbox 926 1537 930 1548; x_wconf 74' lang='lat'><strong>⁴</strong></span> 
     </span>
    </p>

    <p class='ocr_par' dir='ltr' id='par_1_6' title="bbox 130 1630 1466 2043">
     <span class='ocr_line' id='line_1_13' title="bbox 223 1630 1466 1719; baseline 0.004 -25"><span class='ocrx_word' id='word_1_94' title='bbox 223 1630 323 1696; x_wconf 88' lang='lat' dir='ltr'>Pudet</span> <span class='ocrx_word' id='word_1_95' title='bbox 342 1651 390 1696; x_wconf 89' lang='lat' dir='ltr'>me</span> <span class='ocrx_word' id='word_1_96' title='bbox 409 1637 534 1719; x_wconf 86' lang='lat' dir='ltr'>amoris,</span> <span class='ocrx_word' id='word_1_97' title='bbox 553 1637 688 1718; x_wconf 87' lang='lat' dir='ltr'>paenitet</span> <span class='ocrx_word' id='word_1_98' title='bbox 707 1653 755 1696; x_wconf 86' lang='lat' dir='ltr'>me</span> <span class='ocrx_word' id='word_1_99' title='bbox 776 1635 925 1718; x_wconf 86' lang='lat' dir='ltr'>muneris,</span> <span class='ocrx_word' id='word_1_100' title='bbox 944 1636 1028 1717; x_wconf 87' lang='lat' dir='ltr'>piget</span> <span class='ocrx_word' id='word_1_101' title='bbox 1047 1651 1093 1696; x_wconf 88' lang='lat' dir='ltr'>me</span> <span class='ocrx_word' id='word_1_102' title='bbox 1113 1634 1325 1719; x_wconf 80' lang='lat' dir='ltr'>profectionis,</span> <span class='ocrx_word' id='word_1_103' title='bbox 1349 1638 1466 1718; x_wconf 88' lang='lat' dir='ltr'>patiens</span> 
     </span>
     <span class='ocr_line' id='line_1_14' title="bbox 131 1737 1466 1828; baseline 0.003 -26"><span class='ocrx_word' id='word_1_104' title='bbox 131 1758 200 1803; x_wconf 85' lang='lat' dir='ltr'>sum</span> <span class='ocrx_word' id='word_1_105' title='bbox 229 1737 356 1826; x_wconf 85' lang='lat' dir='ltr'>laboris,</span> <span class='ocrx_word' id='word_1_106' title='bbox 378 1752 552 1824; x_wconf 87' lang='lat' dir='ltr'>pertaesum</span> <span class='ocrx_word' id='word_1_107' title='bbox 579 1753 627 1808; x_wconf 89' lang='lat' dir='ltr'>est</span> <span class='ocrx_word' id='word_1_108' title='bbox 655 1763 702 1808; x_wconf 89' lang='lat' dir='ltr'>me</span> <span class='ocrx_word' id='word_1_109' title='bbox 731 1746 875 1828; x_wconf 89' lang='lat' dir='ltr'>iniuriae,</span> <span class='ocrx_word' id='word_1_110' title='bbox 902 1743 1011 1826; x_wconf 90' lang='lat' dir='ltr'>plenus</span> <span class='ocrx_word' id='word_1_111' title='bbox 1040 1762 1107 1807; x_wconf 89' lang='lat' dir='ltr'>sum</span> <span class='ocrx_word' id='word_1_112' title='bbox 1135 1741 1341 1807; x_wconf 85' lang='lat' dir='ltr'>bonorumet</span> <span class='ocrx_word' id='word_1_113' title='bbox 1367 1742 1466 1828; x_wconf 85' lang='lat' dir='ltr'>bonis,</span> 
     </span>
     <span class='ocr_line' id='line_1_15' title="bbox 130 1848 1465 1936; baseline 0.003 -26"><span class='ocrx_word' id='word_1_114' title='bbox 130 1866 243 1930; x_wconf 89' lang='lat' dir='ltr'>praeeo</span> <span class='ocrx_word' id='word_1_115' title='bbox 258 1848 315 1932; x_wconf 90' lang='lat' dir='ltr'>illi,</span> <span class='ocrx_word' id='word_1_116' title='bbox 333 1848 422 1932; x_wconf 87' lang='lat' dir='ltr'>palpo</span> <span class='ocrx_word' id='word_1_117' title='bbox 437 1860 468 1913; x_wconf 86' lang='lat' dir='ltr'>et</span> <span class='ocrx_word' id='word_1_118' title='bbox 481 1851 588 1934; x_wconf 91' lang='lat' dir='ltr'>palpor</span> <span class='ocrx_word' id='word_1_119' title='bbox 602 1870 697 1936; x_wconf 87' lang='lat' dir='ltr'>equo,</span> <span class='ocrx_word' id='word_1_120' title='bbox 719 1870 884 1934; x_wconf 90' lang='lat' dir='ltr'>praecurro</span> <span class='ocrx_word' id='word_1_121' title='bbox 899 1855 1049 1936; x_wconf 87' lang='lat' dir='ltr'>praetori,</span> <span class='ocrx_word' id='word_1_122' title='bbox 1068 1869 1200 1934; x_wconf 90' lang='lat' dir='ltr'>procuro</span> <span class='ocrx_word' id='word_1_123' title='bbox 1215 1850 1330 1934; x_wconf 89' lang='lat' dir='ltr'>pupillo</span> <span class='ocrx_word' id='word_1_124' title='bbox 1345 1861 1376 1915; x_wconf 90' lang='lat' dir='ltr'>et</span> <span class='ocrx_word' id='word_1_125' title='bbox 1391 1870 1465 1914; x_wconf 90' lang='lat' dir='ltr'>curo</span> 
     </span>
     <span class='ocr_line' id='line_1_16' title="bbox 131 1955 1466 2043; baseline 0.004 -25"><span class='ocrx_word' id='word_1_126' title='bbox 131 1955 289 2040; x_wconf 90' lang='lat' dir='ltr'>pupillum.</span> <span class='ocrx_word' id='word_1_127' title='bbox 327 1959 428 2040; x_wconf 90' lang='lat' dir='ltr'>potior</span> <span class='ocrx_word' id='word_1_128' title='bbox 452 1959 571 2023; x_wconf 70' lang='lat' dir='ltr'>ductus</span> <span class='ocrx_word' id='word_1_129' title='bbox 591 1969 621 2023; x_wconf 91' lang='lat' dir='ltr'>et</span> <span class='ocrx_word' id='word_1_130' title='bbox 640 1962 742 2023; x_wconf 78' lang='lat' dir='ltr'>fructu</span> <span class='ocrx_word' id='word_1_131' title='bbox 762 1959 882 2043; x_wconf 88' lang='lat' dir='ltr'>dicitur,</span> <span class='ocrx_word' id='word_1_132' title='bbox 906 1960 986 2043; x_wconf 86' lang='lat' dir='ltr'>apud</span> <span class='ocrx_word' id='word_1_133' title='bbox 1005 1962 1147 2042; x_wconf 88' lang='lat' dir='ltr'>antiquos</span> <span class='ocrx_word' id='word_1_134' title='bbox 1171 1961 1271 2042; x_wconf 91' lang='lat' dir='ltr'>potior</span> <span class='ocrx_word' id='word_1_135' title='bbox 1295 1959 1373 2023; x_wconf 88' lang='lat' dir='ltr'>hauc</span> <span class='ocrx_word' id='word_1_136' title='bbox 1391 1977 1466 2024; x_wconf 89' lang='lat' dir='ltr'>rem.</span> 
     </span>
    </p>

    <p class='ocr_par' dir='ltr' id='par_1_7' title="bbox 93 2064 1378 2154">
     <span class='ocr_line' id='line_1_17' title="bbox 93 2064 1378 2154; baseline 0.007 -30"><span class='ocrx_word' id='word_1_137' title='bbox 93 2081 118 2124; x_wconf 80' lang='lat' dir='ltr'>rs</span> <span class='ocrx_word' id='word_1_138' title='bbox 222 2064 338 2128; x_wconf 86' lang='lat' dir='ltr'>Praeda</span> <span class='ocrx_word' id='word_1_139' title='bbox 362 2069 457 2131; x_wconf 82' lang='lat' dir='ltr'>uictos</span> <span class='ocrx_word' id='word_1_140' title='bbox 482 2067 606 2154; x_wconf 89' lang='lat' dir='ltr'>spoliat,</span> <span class='ocrx_word' id='word_1_141' title='bbox 629 2071 734 2152; x_wconf 85' lang='lat' dir='ltr'>rapina</span> <span class='ocrx_word' id='word_1_142' title='bbox 758 2067 858 2133; x_wconf 90' lang='lat' dir='ltr'>subito</span> <span class='ocrx_word' id='word_1_143' title='bbox 882 2073 972 2132; x_wconf 83' lang='lat' dir='ltr'>venit.</span> <span class='ocrx_word' id='word_1_144' title='bbox 1372 2135 1378 2142; x_wconf 79' lang='grc'><strong>,</strong></span> 
     </span>
    </p>

    <p class='ocr_par' dir='ltr' id='par_1_8' title="bbox 130 2171 1468 2585">
     <span class='ocr_line' id='line_1_18' title="bbox 222 2171 1468 2264; baseline 0.006 -29"><span class='ocrx_word' id='word_1_145' title='bbox 222 2172 283 2236; x_wconf 80' lang='lat' dir='ltr'>Pax</span> <span class='ocrx_word' id='word_1_146' title='bbox 311 2175 506 2257; x_wconf 77' lang='lat' dir='ltr'>singulariter</span> <span class='ocrx_word' id='word_1_147' title='bbox 534 2177 631 2239; x_wconf 88' lang='lat' dir='ltr'>solum</span> <span class='ocrx_word' id='word_1_148' title='bbox 660 2178 801 2240; x_wconf 80' lang='lat' dir='ltr'>effertur:</span> <span class='ocrx_word' id='word_1_149' title='bbox 834 2177 997 2241; x_wconf 88' lang='lat' dir='ltr'>Sallustius</span> <span class='ocrx_word' id='word_1_150' title='bbox 1024 2195 1115 2260; x_wconf 91' lang='lat' dir='ltr'>paces</span> <span class='ocrx_word' id='word_1_151' title='bbox 1139 2177 1272 2262; x_wconf 88' lang='lat' dir='ltr'>rettulit,</span> <span class='ocrx_word' id='word_1_152' title='bbox 1303 2171 1387 2262; x_wconf 70' lang='lat' dir='ltr'>(Iup.</span> <span class='ocrx_word' id='word_1_153' title='bbox 1411 2175 1468 2264; x_wconf 84' lang='lat'>31)</span> 
     </span>
     <span class='ocr_line' id='line_1_19' title="bbox 132 2275 1468 2371; baseline 0.005 -27"><span class='ocrx_word' id='word_1_154' title='bbox 132 2275 306 2366; x_wconf 77' lang='lat' dir='ltr'>‘indicia,</span> <span class='ocrx_word' id='word_1_155' title='bbox 328 2281 423 2348; x_wconf 88' lang='lat' dir='ltr'>bella</span> <span class='ocrx_word' id='word_1_156' title='bbox 446 2293 556 2368; x_wconf 87' lang='lat' dir='ltr'>atque</span> <span class='ocrx_word' id='word_1_157' title='bbox 580 2281 715 2368; x_wconf 91' lang='lat' dir='ltr'>paces’.</span> <span class='ocrx_word' id='word_1_158' title='bbox 753 2287 906 2371; x_wconf 89' lang='lat' dir='ltr'>prosapia,</span> <span class='ocrx_word' id='word_1_159' title='bbox 930 2284 960 2348; x_wconf 91' lang='lat' dir='ltr'>id</span> <span class='ocrx_word' id='word_1_160' title='bbox 985 2293 1032 2348; x_wconf 87' lang='lat' dir='ltr'>est</span> <span class='ocrx_word' id='word_1_161' title='bbox 1054 2287 1239 2369; x_wconf 77' lang='lat' dir='ltr'>ingenuitas,</span> <span class='ocrx_word' id='word_1_162' title='bbox 1262 2304 1339 2367; x_wconf 87' lang='lat' dir='ltr'>quae</span> <span class='ocrx_word' id='word_1_163' title='bbox 1359 2306 1468 2370; x_wconf 86' lang='lat' dir='ltr'>graece</span> 
     </span>
     <span class='ocr_line' id='line_1_20' title="bbox 130 2383 1466 2478; baseline 0.006 -28"><span class='ocrx_word' id='word_1_164' title='bbox 130 2400 257 2454; x_wconf 83' lang='lat' dir='ltr'>vocatur</span> <span class='ocrx_word' id='word_1_165' title='bbox 271 2383 434 2476; x_wconf 80' lang='grc' dir='ltr'><strong><em>εὐγένεια,</em></strong></span> <span class='ocrx_word' id='word_1_166' title='bbox 450 2393 596 2476; x_wconf 81' lang='lat' dir='ltr'>singulari</span> <span class='ocrx_word' id='word_1_167' title='bbox 611 2401 729 2456; x_wconf 87' lang='lat' dir='ltr'>tautum</span> <span class='ocrx_word' id='word_1_168' title='bbox 744 2412 871 2457; x_wconf 89' lang='lat' dir='ltr'>numero</span> <span class='ocrx_word' id='word_1_169' title='bbox 886 2393 1012 2476; x_wconf 87' lang='lat' dir='ltr'>gaudet,</span> <span class='ocrx_word' id='word_1_170' title='bbox 1030 2391 1156 2476; x_wconf 85' lang='lat' dir='ltr'>pelagus</span> <span class='ocrx_word' id='word_1_171' title='bbox 1171 2393 1317 2457; x_wconf 85' lang='lat' dir='ltr'>similitor.</span> <span class='ocrx_word' id='word_1_172' title='bbox 1341 2395 1466 2478; x_wconf 86' lang='lat' dir='ltr'>pugilla-</span> 
     </span>
     <span class='ocr_line' id='line_1_21' title="bbox 130 2499 1466 2585; baseline 0.003 -23"><span class='ocrx_word' id='word_1_173' title='bbox 130 2517 191 2583; x_wconf 89' lang='lat' dir='ltr'>res,</span> <span class='ocrx_word' id='word_1_174' title='bbox 210 2517 364 2584; x_wconf 83' lang='lat' dir='ltr'>proceres,</span> <span class='ocrx_word' id='word_1_175' title='bbox 382 2503 542 2585; x_wconf 86' lang='lat' dir='ltr'>primores,</span> <span class='ocrx_word' id='word_1_176' title='bbox 561 2505 677 2584; x_wconf 84' lang='lat' dir='ltr'>posteri</span> <span class='ocrx_word' id='word_1_177' title='bbox 695 2499 822 2584; x_wconf 84' lang='lat' dir='ltr'>pluralia</span> <span class='ocrx_word' id='word_1_178' title='bbox 841 2510 973 2585; x_wconf 85' lang='lat' dir='ltr'>tantum,</span> <span class='ocrx_word' id='word_1_179' title='bbox 992 2501 1045 2565; x_wconf 90' lang='lat' dir='ltr'>sed</span> <span class='ocrx_word' id='word_1_180' title='bbox 1065 2506 1162 2566; x_wconf 90' lang='lat' dir='ltr'>nostri</span> <span class='ocrx_word' id='word_1_181' title='bbox 1182 2511 1322 2566; x_wconf 87' lang='lat' dir='ltr'>auctores</span> <span class='ocrx_word' id='word_1_182' title='bbox 1341 2503 1466 2585; x_wconf 87' lang='lat' dir='ltr'>pugilla-</span> 
     </span>
    </p>

    <p class='ocr_par' dir='ltr' id='par_1_9' title="bbox 91 2607 1467 3017">
     <span class='ocr_line' id='line_1_22' title="bbox 91 2607 1467 2697; baseline 0.004 -30"><span class='ocrx_word' id='word_1_183' title='bbox 91 2624 198 2670; x_wconf 88' lang='lat' dir='ltr'>rorem</span> <span class='ocrx_word' id='word_1_184' title='bbox 216 2607 412 2690; x_wconf 86' lang='lat' dir='ltr'>singulariter</span> <span class='ocrx_word' id='word_1_185' title='bbox 430 2608 609 2694; x_wconf 68' lang='lat' dir='ltr'>dixerunt!</span> <span class='ocrx_word' id='word_1_186' title='bbox 635 2613 678 2673; x_wconf 91' lang='lat' dir='ltr'>sic</span> <span class='ocrx_word' id='word_1_187' title='bbox 698 2621 729 2673; x_wconf 91' lang='lat' dir='ltr'>et</span> <span class='ocrx_word' id='word_1_188' title='bbox 752 2613 784 2674; x_wconf 90' lang='lat' dir='ltr'>in</span> <span class='ocrx_word' id='word_1_189' title='bbox 807 2629 919 2692; x_wconf 90' lang='lat' dir='ltr'>genere</span> <span class='ocrx_word' id='word_1_190' title='bbox 944 2610 1089 2673; x_wconf 77' lang='lat' dir='ltr'>feminino</span> <span class='ocrx_word' id='word_1_191' title='bbox 1112 2610 1231 2694; x_wconf 91' lang='lat' dir='ltr'>plagae,</span> <span class='ocrx_word' id='word_1_192' title='bbox 1255 2610 1284 2673; x_wconf 93' lang='lat' dir='ltr'>id</span> <span class='ocrx_word' id='word_1_193' title='bbox 1310 2619 1357 2674; x_wconf 86' lang='lat' dir='ltr'>est</span> <span class='ocrx_word' id='word_1_194' title='bbox 1376 2620 1467 2697; x_wconf 83' lang='lat' dir='ltr'>retes,</span> 
     </span>
     <span class='ocr_line' id='line_1_23' title="bbox 121 2693 1464 2802; baseline 0.001 -22"><span class='ocrx_word' id='word_1_195' title='bbox 121 2715 163 2780; x_wconf 88' lang='lat' dir='ltr'>&#39;et</span> <span class='ocrx_word' id='word_1_196' title='bbox 183 2718 349 2801; x_wconf 84' lang='lat' dir='ltr'>primitiae,</span> <span class='ocrx_word' id='word_1_197' title='bbox 373 2720 459 2781; x_wconf 88' lang='lat' dir='ltr'>etin</span> <span class='ocrx_word' id='word_1_198' title='bbox 483 2727 592 2782; x_wconf 88' lang='lat' dir='ltr'>neutro</span> <span class='ocrx_word' id='word_1_199' title='bbox 615 2719 806 2801; x_wconf 88' lang='lat' dir='ltr'>praecordia,</span> <span class='ocrx_word' id='word_1_200' title='bbox 828 2717 958 2802; x_wconf 82' lang='lat' dir='ltr'>paletria,</span> <span class='ocrx_word' id='word_1_201' title='bbox 982 2693 1052 2782; x_wconf 78' lang='lat' dir='ltr'>cum</span> <span class='ocrx_word' id='word_1_202' title='bbox 1076 2719 1186 2782; x_wconf 88' lang='lat' dir='ltr'>milites</span> <span class='ocrx_word' id='word_1_203' title='bbox 1211 2719 1247 2783; x_wconf 90' lang='lat' dir='ltr'>ad</span> <span class='ocrx_word' id='word_1_204' title='bbox 1271 2718 1355 2802; x_wconf 91' lang='lat' dir='ltr'>palos</span> <span class='ocrx_word' id='word_1_205' title='bbox 1379 2737 1464 2783; x_wconf 83' lang='lat' dir='ltr'>exer·</span> 
     </span>
     <span class='ocr_line' id='line_1_24' title="bbox 129 2813 1465 2911; baseline 0.001 -23"><span class='ocrx_word' id='word_1_206' title='bbox 129 2833 249 2902; x_wconf 87' lang='lat' dir='ltr'>centur,</span> <span class='ocrx_word' id='word_1_207' title='bbox 276 2827 458 2910; x_wconf 79' lang='lat' dir='ltr'>prorostris,</span> <span class='ocrx_word' id='word_1_208' title='bbox 486 2845 563 2909; x_wconf 89' lang='lat' dir='ltr'>quae</span> <span class='ocrx_word' id='word_1_209' title='bbox 592 2837 661 2890; x_wconf 89' lang='lat' dir='ltr'>aute</span> <span class='ocrx_word' id='word_1_210' title='bbox 690 2813 788 2890; x_wconf 80' lang='lat' dir='ltr'>castra</span> <span class='ocrx_word' id='word_1_211' title='bbox 817 2835 897 2890; x_wconf 88' lang='lat' dir='ltr'>sunt.</span> <span class='ocrx_word' id='word_1_212' title='bbox 941 2845 1068 2910; x_wconf 89' lang='lat' dir='ltr'>porrum</span> <span class='ocrx_word' id='word_1_213' title='bbox 1097 2827 1290 2910; x_wconf 86' lang='lat' dir='ltr'>singulariter</span> <span class='ocrx_word' id='word_1_214' title='bbox 1319 2827 1465 2911; x_wconf 86' lang='lat' dir='ltr'>neutrale,</span> 
     </span>
     <span class='ocr_line' id='line_1_25' title="bbox 128 2931 460 3017; baseline 0.003 -22"><span class='ocrx_word' id='word_1_215' title='bbox 128 2931 290 3016; x_wconf 83' lang='lat' dir='ltr'>pluraliter</span> <span class='ocrx_word' id='word_1_216' title='bbox 314 2932 345 2996; x_wconf 91' lang='lat' dir='ltr'>hi</span> <span class='ocrx_word' id='word_1_217' title='bbox 368 2937 460 3017; x_wconf 91' lang='lat' dir='ltr'>porri.</span> 
     </span>
    </p>

    <p class='ocr_par' dir='ltr' id='par_1_10' title="bbox 220 3040 1466 3128">
     <span class='ocr_line' id='line_1_26' title="bbox 220 3040 1466 3128; baseline 0.004 -24"><span class='ocrx_word' id='word_1_218' title='bbox 220 3040 418 3106; x_wconf 77' lang='lat' dir='ltr'>Proverblum</span> <span class='ocrx_word' id='word_1_219' title='bbox 437 3042 538 3126; x_wconf 87' lang='lat' dir='ltr'>latine,</span> <span class='ocrx_word' id='word_1_220' title='bbox 556 3061 663 3125; x_wconf 86' lang='lat' dir='ltr'>graece</span> <span class='ocrx_word' id='word_1_221' title='bbox 678 3043 844 3128; x_wconf 77' lang='grc' dir='ltr'>παροιμία</span> <span class='ocrx_word' id='word_1_222' title='bbox 857 3045 979 3126; x_wconf 89' lang='lat' dir='ltr'>generis</span> <span class='ocrx_word' id='word_1_223' title='bbox 994 3044 1141 3107; x_wconf 79' lang='lat' dir='ltr'>feminini.</span> <span class='ocrx_word' id='word_1_224' title='bbox 1173 3043 1241 3108; x_wconf 89' lang='lat' dir='ltr'>iude</span> <span class='ocrx_word' id='word_1_225' title='bbox 1258 3063 1370 3108; x_wconf 87' lang='lat' dir='ltr'>nomen</span> <span class='ocrx_word' id='word_1_226' title='bbox 1386 3045 1466 3128; x_wconf 89' lang='lat' dir='ltr'>apud</span> 
     </span>
    </p>

    <p class='ocr_par' dir='ltr' id='par_1_11' title="bbox 90 3150 825 3235">
     <span class='ocr_line' id='line_1_27' title="bbox 90 3150 825 3235; baseline 0.01 -26"><span class='ocrx_word' id='word_1_227' title='bbox 90 3166 115 3208; x_wconf 83' lang='lat' dir='ltr'>rs</span> <span class='ocrx_word' id='word_1_228' title='bbox 129 3151 316 3232; x_wconf 86' lang='lat' dir='ltr'>interpretes</span> <span class='ocrx_word' id='word_1_229' title='bbox 339 3153 530 3235; x_wconf 88' lang='lat' dir='ltr'>septuaginta</span> <span class='ocrx_word' id='word_1_230' title='bbox 553 3150 624 3214; x_wconf 90' lang='lat' dir='ltr'>libri</span> <span class='ocrx_word' id='word_1_231' title='bbox 647 3153 825 3216; x_wconf 89' lang='lat' dir='ltr'>Salomonis.</span> 
     </span>
    </p>

    <p class='ocr_par' dir='ltr' id='par_1_12' title="bbox 130 3259 1466 3649">
     <span class='ocr_line' id='line_1_28' title="bbox 222 3259 1466 3346; baseline 0.003 -24"><span class='ocrx_word' id='word_1_232' title='bbox 222 3259 296 3323; x_wconf 89' lang='lat' dir='ltr'>Pius</span> <span class='ocrx_word' id='word_1_233' title='bbox 310 3268 341 3324; x_wconf 88' lang='lat' dir='ltr'>et</span> <span class='ocrx_word' id='word_1_234' title='bbox 355 3263 510 3343; x_wconf 87' lang='lat' dir='ltr'>piissimus</span> <span class='ocrx_word' id='word_1_235' title='bbox 525 3263 761 3342; x_wconf 87' lang='lat' dir='ltr'>comparativum</span> <span class='ocrx_word' id='word_1_236' title='bbox 777 3260 903 3343; x_wconf 89' lang='lat' dir='ltr'>gradum</span> <span class='ocrx_word' id='word_1_237' title='bbox 919 3278 979 3324; x_wconf 90' lang='lat' dir='ltr'>non</span> <span class='ocrx_word' id='word_1_238' title='bbox 995 3263 1155 3344; x_wconf 87' lang='lat' dir='ltr'>recipiunt.</span> <span class='ocrx_word' id='word_1_239' title='bbox 1184 3266 1285 3345; x_wconf 94' lang='lat' dir='ltr'>potior</span> <span class='ocrx_word' id='word_1_240' title='bbox 1300 3273 1331 3327; x_wconf 88' lang='lat' dir='ltr'>et</span> <span class='ocrx_word' id='word_1_241' title='bbox 1344 3267 1466 3346; x_wconf 83' lang='lat' dir='ltr'>potissi·</span> 
     </span>
     <span class='ocr_line' id='line_1_29' title="bbox 130 3366 1465 3455; baseline 0.005 -26"><span class='ocrx_word' id='word_1_242' title='bbox 130 3385 200 3429; x_wconf 89' lang='lat' dir='ltr'>rnus</span> <span class='ocrx_word' id='word_1_243' title='bbox 223 3369 385 3449; x_wconf 86' lang='lat' dir='ltr'>positivum</span> <span class='ocrx_word' id='word_1_244' title='bbox 410 3386 471 3430; x_wconf 93' lang='lat' dir='ltr'>non</span> <span class='ocrx_word' id='word_1_245' title='bbox 495 3366 616 3430; x_wconf 87' lang='lat' dir='ltr'>habent.</span> <span class='ocrx_word' id='word_1_246' title='bbox 654 3371 797 3451; x_wconf 91' lang='lat' dir='ltr'>proprius</span> <span class='ocrx_word' id='word_1_247' title='bbox 822 3387 881 3431; x_wconf 93' lang='lat' dir='ltr'>non</span> <span class='ocrx_word' id='word_1_248' title='bbox 908 3368 1000 3433; x_wconf 86' lang='lat' dir='ltr'>habet</span> <span class='ocrx_word' id='word_1_249' title='bbox 1023 3373 1259 3452; x_wconf 86' lang='lat' dir='ltr'>comparativum</span> <span class='ocrx_word' id='word_1_250' title='bbox 1284 3382 1336 3436; x_wconf 88' lang='lat' dir='ltr'>aut</span> <span class='ocrx_word' id='word_1_251' title='bbox 1359 3391 1465 3455; x_wconf 91' lang='lat' dir='ltr'>super·</span> 
     </span>
     <span class='ocr_line' id='line_1_30' title="bbox 130 3473 1466 3566; baseline 0.006 -29"><span class='ocrx_word' id='word_1_252' title='bbox 130 3473 266 3561; x_wconf 80' lang='lat' dir='ltr'>ladrum,</span> <span class='ocrx_word' id='word_1_253' title='bbox 291 3477 344 3539; x_wconf 90' lang='lat' dir='ltr'>sed</span> <span class='ocrx_word' id='word_1_254' title='bbox 367 3495 424 3559; x_wconf 92' lang='lat' dir='ltr'>pro</span> <span class='ocrx_word' id='word_1_255' title='bbox 447 3478 495 3540; x_wconf 87' lang='lat' dir='ltr'>hia</span> <span class='ocrx_word' id='word_1_256' title='bbox 519 3481 614 3560; x_wconf 91' lang='lat' dir='ltr'>magis</span> <span class='ocrx_word' id='word_1_257' title='bbox 637 3485 669 3540; x_wconf 87' lang='lat' dir='ltr'>et</span> <span class='ocrx_word' id='word_1_258' title='bbox 692 3479 835 3560; x_wconf 85' lang='lat' dir='ltr'>maxime,</span> <span class='ocrx_word' id='word_1_259' title='bbox 860 3479 954 3559; x_wconf 87' lang='lat' dir='ltr'>magis</span> <span class='ocrx_word' id='word_1_260' title='bbox 978 3481 1135 3563; x_wconf 90' lang='lat' dir='ltr'>proprius,</span> <span class='ocrx_word' id='word_1_261' title='bbox 1158 3482 1286 3543; x_wconf 83' lang='lat' dir='ltr'>maxime</span> <span class='ocrx_word' id='word_1_262' title='bbox 1310 3485 1466 3566; x_wconf 81' lang='lat' dir='ltr'>proprius3</span> 
     </span>
     <span class='ocr_line' id='line_1_31' title="bbox 130 3586 783 3649; baseline 0.002 -3"><span class='ocrx_word' id='word_1_263' title='bbox 130 3586 174 3646; x_wconf 84' lang='lat' dir='ltr'>sic</span> <span class='ocrx_word' id='word_1_264' title='bbox 198 3591 230 3646; x_wconf 89' lang='lat' dir='ltr'>et</span> <span class='ocrx_word' id='word_1_265' title='bbox 253 3603 270 3646; x_wconf 92' lang='lat' dir='ltr'>e</span> <span class='ocrx_word' id='word_1_266' title='bbox 295 3587 447 3648; x_wconf 85' lang='lat' dir='ltr'>contrario</span> <span class='ocrx_word' id='word_1_267' title='bbox 471 3587 572 3649; x_wconf 89' lang='lat' dir='ltr'>minus</span> <span class='ocrx_word' id='word_1_268' title='bbox 597 3595 628 3649; x_wconf 89' lang='lat' dir='ltr'>et</span> <span class='ocrx_word' id='word_1_269' title='bbox 650 3587 783 3649; x_wconf 87' lang='lat' dir='ltr'>minime.</span> 
     </span>
    </p>

    <p class='ocr_par' dir='ltr' id='par_1_13' title="bbox 89 3691 1205 3778">
     <span class='ocr_line' id='line_1_32' title="bbox 89 3691 1205 3778; baseline 0.01 -29"><span class='ocrx_word' id='word_1_270' title='bbox 89 3709 116 3749; x_wconf 85' lang='lat' dir='ltr'>so</span> <span class='ocrx_word' id='word_1_271' title='bbox 219 3691 317 3755; x_wconf 85' lang='lat' dir='ltr'>Paveo</span> <span class='ocrx_word' id='word_1_272' title='bbox 341 3701 372 3756; x_wconf 90' lang='lat' dir='ltr'>et</span> <span class='ocrx_word' id='word_1_273' title='bbox 394 3712 485 3777; x_wconf 88' lang='lat' dir='ltr'>pasco</span> <span class='ocrx_word' id='word_1_274' title='bbox 509 3697 540 3758; x_wconf 91' lang='lat' dir='ltr'>in</span> <span class='ocrx_word' id='word_1_275' title='bbox 565 3694 695 3757; x_wconf 88' lang='lat' dir='ltr'>eundem</span> <span class='ocrx_word' id='word_1_276' title='bbox 720 3704 908 3758; x_wconf 87' lang='lat' dir='ltr'>concurrunt</span> <span class='ocrx_word' id='word_1_277' title='bbox 931 3695 1102 3776; x_wconf 88' lang='lat' dir='ltr'>perlectum</span> <span class='ocrx_word' id='word_1_278' title='bbox 1128 3701 1205 3778; x_wconf 85' lang='lat' dir='ltr'>pavi.</span> 
     </span>
    </p>
   </div>
   <div class='ocr_carea' id='block_1_6' title="bbox 131 3843 348 3854">
    <p class='ocr_par' dir='ltr' id='par_1_14' title="bbox 131 3843 348 3854">
     <span class='ocr_line' id='line_1_33' title="bbox 131 3843 348 3854; baseline 0 0"><span class='ocrx_word' id='word_1_279' title='bbox 131 3843 348 3854; x_wconf 62' lang='grc' dir='ltr'>-ι-ι--σ</span> 
     </span>
    </p>
   </div>
   <div class='ocr_carea' id='block_1_7' title="bbox 126 3919 1536 4953">
    <p class='ocr_par' dir='ltr' id='par_1_15' title="bbox 126 3919 1536 4953">
     <span class='ocr_line' id='line_1_34' title="bbox 224 3919 1464 3994; baseline 0.006 -17"><span class='ocrx_word' id='word_1_280' title='bbox 224 3923 531 3994; x_wconf 75' lang='lat' dir='ltr'>lnpoatatqueom.</span> <span class='ocrx_word' id='word_1_281' title='bbox 553 3924 591 3980; x_wconf 91' lang='lat' dir='ltr'><strong><em>M</em></strong></span> <span class='ocrx_word' id='word_1_282' title='bbox 662 3923 921 3994; x_wconf 69' lang='lat' dir='ltr'>agneramuP</span> <span class='ocrx_word' id='word_1_283' title='bbox 980 3919 1125 3985; x_wconf 76' lang='grc' dir='ltr'>ΠΛὰΤΥΝ</span> <span class='ocrx_word' id='word_1_284' title='bbox 1148 3926 1220 3983; x_wconf 89' lang='grc' dir='ltr'>ΡΜ</span> <span class='ocrx_word' id='word_1_285' title='bbox 1287 3930 1464 3988; x_wconf 76' lang='lat' dir='ltr'>toleras.</span> 
     </span>
     <span class='ocr_line' id='line_1_35' title="bbox 128 4000 1465 4079; baseline 0.007 -23"><span class='ocrx_word' id='word_1_286' title='bbox 128 4000 261 4058; x_wconf 73' lang='lat' dir='ltr'>locam</span> <span class='ocrx_word' id='word_1_287' title='bbox 281 4003 421 4072; x_wconf 75' lang='lat' dir='ltr'>indicavi,</span> <span class='ocrx_word' id='word_1_288' title='bbox 440 4021 498 4075; x_wconf 75' lang='lat' dir='ltr'>gun</span> <span class='ocrx_word' id='word_1_289' title='bbox 515 4003 642 4072; x_wconf 72' lang='lat' dir='ltr'>definitio</span> <span class='ocrx_word' id='word_1_290' title='bbox 658 4005 768 4074; x_wconf 81' lang='lat' dir='ltr'>primae</span> <span class='ocrx_word' id='word_1_291' title='bbox 786 4005 1002 4076; x_wconf 72' lang='lat' dir='ltr'>significationis</span> <span class='ocrx_word' id='word_1_292' title='bbox 1021 4024 1121 4079; x_wconf 80' lang='lat' dir='ltr'>porro,</span> <span class='ocrx_word' id='word_1_293' title='bbox 1146 4025 1216 4079; x_wconf 76' lang='lat' dir='ltr'>perae</span> <span class='ocrx_word' id='word_1_294' title='bbox 1235 4014 1274 4065; x_wconf 83' lang='lat' dir='ltr'>est</span> <span class='ocrx_word' id='word_1_295' title='bbox 1296 4009 1375 4079; x_wconf 78' lang='lat' dir='ltr'>opasd</span> <span class='ocrx_word' id='word_1_296' title='bbox 1393 4008 1465 4065; x_wconf 86' lang='lat' dir='ltr'>Dio-</span> 
     </span>
     <span class='ocr_line' id='line_1_36' title="bbox 129 4081 1464 4160; baseline 0.004 -21"><span class='ocrx_word' id='word_1_297' title='bbox 129 4081 232 4139; x_wconf 76' lang='lat' dir='ltr'>medeas</span> <span class='ocrx_word' id='word_1_298' title='bbox 247 4101 278 4155; x_wconf 84' lang='lat' dir='ltr'>p.</span> <span class='ocrx_word' id='word_1_299' title='bbox 293 4088 390 4154; x_wconf 58' lang='grc'><strong>4119</strong></span> <span class='ocrx_word' id='word_1_300' title='bbox 409 4090 434 4141; x_wconf 87' lang='lat' dir='ltr'>et</span> <span class='ocrx_word' id='word_1_301' title='bbox 450 4083 614 4142; x_wconf 80' lang='lat' dir='ltr'>Dositieum</span> <span class='ocrx_word' id='word_1_302' title='bbox 629 4103 659 4156; x_wconf 92' lang='lat' dir='ltr'>p.</span> <span class='ocrx_word' id='word_1_303' title='bbox 675 4089 721 4152; x_wconf 81' lang='lat'>45,</span> <span class='ocrx_word' id='word_1_304' title='bbox 736 4089 763 4154; x_wconf 84' lang='lat'>7,</span> <span class='ocrx_word' id='word_1_305' title='bbox 782 4087 885 4142; x_wconf 58' lang='lat' dir='ltr'>exedit</span> <span class='ocrx_word' id='word_1_306' title='bbox 940 4087 1076 4159; x_wconf 76' lang='lat' dir='ltr'>aportia]</span> <span class='ocrx_word' id='word_1_307' title='bbox 1093 4088 1184 4158; x_wconf 80' lang='lat' dir='ltr'>partia</span> <span class='ocrx_word' id='word_1_308' title='bbox 1200 4089 1239 4144; x_wconf 97' lang='lat' dir='ltr'><strong><em>M</em></strong></span> <span class='ocrx_word' id='word_1_309' title='bbox 1310 4094 1327 4145; x_wconf 81' lang='grc'>1</span> <span class='ocrx_word' id='word_1_310' title='bbox 1347 4105 1399 4160; x_wconf 91' lang='lat' dir='ltr'>pro</span> <span class='ocrx_word' id='word_1_311' title='bbox 1414 4090 1464 4145; x_wconf 81' lang='lat' dir='ltr'>tri-</span> 
     </span>
     <span class='ocr_line' id='line_1_37' title="bbox 127 4163 1466 4241; baseline 0.005 -22"><span class='ocrx_word' id='word_1_312' title='bbox 127 4163 207 4222; x_wconf 82' lang='lat' dir='ltr'>buna</span> <span class='ocrx_word' id='word_1_313' title='bbox 224 4165 302 4236; x_wconf 87' lang='lat' dir='ltr'>apud</span> <span class='ocrx_word' id='word_1_314' title='bbox 320 4181 437 4238; x_wconf 83' lang='lat' dir='ltr'>graecos</span> <span class='ocrx_word' id='word_1_315' title='bbox 456 4165 485 4221; x_wconf 91' lang='lat' dir='ltr'><strong><em>P</em></strong></span> <span class='ocrx_word' id='word_1_316' title='bbox 543 4172 558 4222; x_wconf 86' lang='grc'>1</span> <span class='ocrx_word' id='word_1_317' title='bbox 579 4167 669 4241; x_wconf 88' lang='lat' dir='ltr'>dulci]</span> <span class='ocrx_word' id='word_1_318' title='bbox 688 4165 800 4222; x_wconf 85' lang='lat' dir='ltr'>dulcius</span> <span class='ocrx_word' id='word_1_319' title='bbox 819 4165 848 4221; x_wconf 94' lang='lat' dir='ltr'><em>P</em></span> <span class='ocrx_word' id='word_1_320' title='bbox 910 4174 944 4225; x_wconf 92' lang='lat'>10</span> <span class='ocrx_word' id='word_1_321' title='bbox 963 4167 1097 4240; x_wconf 83' lang='lat' dir='ltr'>praedica</span> <span class='ocrx_word' id='word_1_322' title='bbox 1116 4169 1155 4224; x_wconf 97' lang='lat' dir='ltr'><strong><em>M</em></strong></span> <span class='ocrx_word' id='word_1_323' title='bbox 1210 4175 1243 4225; x_wconf 90' lang='grc'>11</span> <span class='ocrx_word' id='word_1_324' title='bbox 1262 4171 1407 4241; x_wconf 80' lang='lat' dir='ltr'>pretesum</span> <span class='ocrx_word' id='word_1_325' title='bbox 1427 4171 1466 4226; x_wconf 92' lang='lat' dir='ltr'><strong><em>M</em></strong></span> 
     </span>
     <span class='ocr_line' id='line_1_38' title="bbox 203 4245 1463 4322; baseline 0.002 -18"><span class='ocrx_word' id='word_1_326' title='bbox 203 4252 237 4304; x_wconf 84' lang='lat' dir='ltr'>1a</span> <span class='ocrx_word' id='word_1_327' title='bbox 262 4262 415 4319; x_wconf 82' lang='lat' dir='ltr'>praecurro</span> <span class='ocrx_word' id='word_1_328' title='bbox 439 4245 566 4319; x_wconf 77' lang='lat' dir='ltr'>praetori</span> <span class='ocrx_word' id='word_1_329' title='bbox 591 4262 743 4318; x_wconf 82' lang='lat' dir='ltr'>praecurro</span> <span class='ocrx_word' id='word_1_330' title='bbox 769 4248 896 4321; x_wconf 85' lang='lat' dir='ltr'>praetori</span> <span class='ocrx_word' id='word_1_331' title='bbox 922 4252 953 4306; x_wconf 84' lang='lat' dir='ltr'>et</span> <span class='ocrx_word' id='word_1_332' title='bbox 978 4267 1059 4307; x_wconf 88' lang='lat' dir='ltr'>curro</span> <span class='ocrx_word' id='word_1_333' title='bbox 1084 4249 1196 4321; x_wconf 89' lang='lat' dir='ltr'>pupillo</span> <span class='ocrx_word' id='word_1_334' title='bbox 1222 4252 1251 4306; x_wconf 82' lang='lat' dir='ltr'>et</span> <span class='ocrx_word' id='word_1_335' title='bbox 1277 4265 1344 4306; x_wconf 87' lang='lat' dir='ltr'>coro</span> <span class='ocrx_word' id='word_1_336' title='bbox 1369 4251 1463 4322; x_wconf 90' lang='lat' dir='ltr'>pupil-</span> 
     </span>
     <span class='ocr_line' id='line_1_39' title="bbox 126 4325 1461 4402; baseline 0.002 -18"><span class='ocrx_word' id='word_1_337' title='bbox 126 4327 188 4385; x_wconf 83' lang='lat' dir='ltr'>lum</span> <span class='ocrx_word' id='word_1_338' title='bbox 208 4329 248 4384; x_wconf 92' lang='lat' dir='ltr'><strong><em>M</em></strong></span> <span class='ocrx_word' id='word_1_339' title='bbox 334 4335 369 4385; x_wconf 83' lang='grc'>11</span> <span class='ocrx_word' id='word_1_340' title='bbox 392 4326 499 4402; x_wconf 78' lang='lat' dir='ltr'>fructu]</span> <span class='ocrx_word' id='word_1_341' title='bbox 522 4329 609 4386; x_wconf 80' lang='lat' dir='ltr'>fronti</span> <span class='ocrx_word' id='word_1_342' title='bbox 628 4329 657 4384; x_wconf 89' lang='lat' dir='ltr'><strong><em>P</em></strong></span> <span class='ocrx_word' id='word_1_343' title='bbox 740 4339 774 4389; x_wconf 81' lang='lat'>18</span> <span class='ocrx_word' id='word_1_344' title='bbox 799 4333 937 4388; x_wconf 85' lang='grc' dir='ltr'>ΕΥΓΕΝΙΑ</span> <span class='ocrx_word' id='word_1_345' title='bbox 958 4331 1027 4386; x_wconf 85' lang='lat' dir='ltr'>ML</span> <span class='ocrx_word' id='word_1_346' title='bbox 1052 4326 1151 4392; x_wconf 75' lang='grc' dir='ltr'><strong>ΕΥΝΙὰ</strong></span> <span class='ocrx_word' id='word_1_347' title='bbox 1170 4331 1199 4386; x_wconf 90' lang='grc' dir='ltr'><strong><em>Ρ</em></strong></span> <span class='ocrx_word' id='word_1_348' title='bbox 1219 4325 1237 4400; x_wconf 84' lang='grc' dir='ltr'><em>ἡ</em></span> <span class='ocrx_word' id='word_1_349' title='bbox 1260 4326 1292 4386; x_wconf 82' lang='grc' dir='ltr'>ἐκ</span> <span class='ocrx_word' id='word_1_350' title='bbox 1311 4327 1461 4401; x_wconf 69' lang='grc' dir='ltr'>προγόνων</span> 
     </span>
     <span class='ocr_line' id='line_1_40' title="bbox 128 4404 1393 4484; baseline 0 -18"><span class='ocrx_word' id='word_1_351' title='bbox 128 4404 264 4481; x_wconf 66' lang='grc' dir='ltr'>εὐγένεια</span> <span class='ocrx_word' id='word_1_352' title='bbox 283 4427 339 4468; x_wconf 76' lang='lat' dir='ltr'>eac.</span> <span class='ocrx_word' id='word_1_353' title='bbox 361 4409 444 4468; x_wconf 68' lang='grc'><strong>11111.</strong></span> <span class='ocrx_word' id='word_1_354' title='bbox 459 4428 490 4481; x_wconf 83' lang='lat' dir='ltr'>p.</span> <span class='ocrx_word' id='word_1_355' title='bbox 511 4415 613 4479; x_wconf 57' lang='grc'><strong>5419</strong></span> <span class='ocrx_word' id='word_1_356' title='bbox 688 4417 721 4468; x_wconf 82' lang='grc'>11</span> <span class='ocrx_word' id='word_1_357' title='bbox 741 4417 869 4484; x_wconf 83' lang='lat' dir='ltr'>posteros</span> <span class='ocrx_word' id='word_1_358' title='bbox 890 4413 928 4467; x_wconf 91' lang='lat' dir='ltr'><strong><em>M</em></strong></span> <span class='ocrx_word' id='word_1_359' title='bbox 999 4411 1183 4484; x_wconf 80' lang='lat' dir='ltr'>pugillarem]</span> <span class='ocrx_word' id='word_1_360' title='bbox 1202 4410 1343 4484; x_wconf 81' lang='lat' dir='ltr'>pugillare</span> <span class='ocrx_word' id='word_1_361' title='bbox 1364 4411 1393 4466; x_wconf 87' lang='lat' dir='ltr'><strong><em>P</em></strong></span> 
     </span>
     <span class='ocr_line' id='line_1_41' title="bbox 128 4489 1459 4565; baseline 0 -17"><span class='ocrx_word' id='word_1_362' title='bbox 128 4497 164 4548; x_wconf 84' lang='grc'>10</span> <span class='ocrx_word' id='word_1_363' title='bbox 183 4489 225 4548; x_wconf 88' lang='lat' dir='ltr'>sic</span> <span class='ocrx_word' id='word_1_364' title='bbox 242 4507 308 4563; x_wconf 87' lang='lat' dir='ltr'>gen.</span> <span class='ocrx_word' id='word_1_365' title='bbox 326 4490 393 4548; x_wconf 83' lang='lat' dir='ltr'>fem.</span> <span class='ocrx_word' id='word_1_366' title='bbox 413 4491 442 4546; x_wconf 92' lang='lat' dir='ltr'><em>P</em></span> <span class='ocrx_word' id='word_1_367' title='bbox 506 4491 608 4564; x_wconf 79' lang='lat' dir='ltr'>plegae</span> <span class='ocrx_word' id='word_1_368' title='bbox 629 4491 687 4546; x_wconf 83' lang='lat' dir='ltr'>PL</span> <span class='ocrx_word' id='word_1_369' title='bbox 705 4493 805 4565; x_wconf 82' lang='lat' dir='ltr'>plagas</span> <span class='ocrx_word' id='word_1_370' title='bbox 827 4493 864 4549; x_wconf 88' lang='lat' dir='ltr'><strong><em>M</em></strong></span> <span class='ocrx_word' id='word_1_371' title='bbox 936 4498 969 4548; x_wconf 91' lang='grc'>11</span> <span class='ocrx_word' id='word_1_372' title='bbox 991 4490 1144 4564; x_wconf 79' lang='lat' dir='ltr'>praecedis</span> <span class='ocrx_word' id='word_1_373' title='bbox 1164 4493 1192 4548; x_wconf 91' lang='lat' dir='ltr'><strong><em>P</em></strong></span> <span class='ocrx_word' id='word_1_374' title='bbox 1253 4490 1376 4564; x_wconf 81' lang='lat' dir='ltr'>palatia]</span> <span class='ocrx_word' id='word_1_375' title='bbox 1396 4492 1459 4564; x_wconf 88' lang='lat' dir='ltr'>plu·</span> 
     </span>
     <span class='ocr_line' id='line_1_42' title="bbox 128 4567 1536 4644; baseline 0.004 -15"><span class='ocrx_word' id='word_1_376' title='bbox 128 4571 202 4629; x_wconf 79' lang='lat' dir='ltr'>ralia</span> <span class='ocrx_word' id='word_1_377' title='bbox 216 4572 256 4627; x_wconf 94' lang='lat' dir='ltr'><strong><em>M</em></strong></span> <span class='ocrx_word' id='word_1_378' title='bbox 318 4577 354 4628; x_wconf 80' lang='grc'>11</span> <span class='ocrx_word' id='word_1_379' title='bbox 367 4572 523 4631; x_wconf 78' lang='lat' dir='ltr'>Proverbia</span> <span class='ocrx_word' id='word_1_380' title='bbox 538 4573 577 4628; x_wconf 91' lang='lat' dir='ltr'><strong><em>M</em></strong></span> <span class='ocrx_word' id='word_1_381' title='bbox 639 4589 680 4644; x_wconf 86' lang='lat' dir='ltr'>gr.</span> <span class='ocrx_word' id='word_1_382' title='bbox 690 4567 873 4634; x_wconf 76' lang='lat' dir='ltr'>uueotdotd</span> <span class='ocrx_word' id='word_1_383' title='bbox 889 4574 918 4630; x_wconf 89' lang='lat' dir='ltr'><strong><em>P</em></strong></span> <span class='ocrx_word' id='word_1_384' title='bbox 928 4567 1139 4634; x_wconf 77' lang='lat' dir='ltr'>lideBOYdd</span> <span class='ocrx_word' id='word_1_385' title='bbox 1152 4574 1179 4629; x_wconf 88' lang='lat' dir='ltr'><em>L</em></span> <span class='ocrx_word' id='word_1_386' title='bbox 1192 4567 1371 4638; x_wconf 77' lang='lat' dir='ltr'>lideBntd</span> <span class='ocrx_word' id='word_1_387' title='bbox 1386 4575 1426 4631; x_wconf 91' lang='lat' dir='ltr'><strong><em>M</em></strong></span> <span class='ocrx_word' id='word_1_388' title='bbox 1533 4628 1536 4634; x_wconf 81' lang='lat'><strong>.</strong></span> 
     </span>
     <span class='ocr_line' id='line_1_43' title="bbox 128 4651 1462 4728; baseline 0.004 -20"><span class='ocrx_word' id='word_1_389' title='bbox 128 4658 164 4709; x_wconf 80' lang='grc'>11</span> <span class='ocrx_word' id='word_1_390' title='bbox 182 4651 250 4710; x_wconf 87' lang='lat' dir='ltr'>libri</span> <span class='ocrx_word' id='word_1_391' title='bbox 268 4669 319 4709; x_wconf 84' lang='lat' dir='ltr'>om.</span> <span class='ocrx_word' id='word_1_392' title='bbox 336 4653 365 4708; x_wconf 92' lang='lat' dir='ltr'><strong><em>P</em></strong></span> <span class='ocrx_word' id='word_1_393' title='bbox 416 4655 577 4712; x_wconf 87' lang='lat' dir='ltr'>Salomonis</span> <span class='ocrx_word' id='word_1_394' title='bbox 595 4657 735 4728; x_wconf 70' lang='grc' dir='ltr'>παροιμία</span> <span class='ocrx_word' id='word_1_395' title='bbox 755 4656 804 4715; x_wconf 73' lang='lat' dir='ltr'>aL</span> <span class='ocrx_word' id='word_1_396' title='bbox 860 4661 895 4712; x_wconf 79' lang='grc'>11</span> <span class='ocrx_word' id='word_1_397' title='bbox 914 4655 1010 4728; x_wconf 83' lang='lat' dir='ltr'>potior</span> <span class='ocrx_word' id='word_1_398' title='bbox 1029 4659 1059 4713; x_wconf 86' lang='lat' dir='ltr'>et</span> <span class='ocrx_word' id='word_1_399' title='bbox 1076 4656 1257 4728; x_wconf 84' lang='lat' dir='ltr'>potissimum</span> <span class='ocrx_word' id='word_1_400' title='bbox 1277 4672 1334 4712; x_wconf 90' lang='lat' dir='ltr'>non</span> <span class='ocrx_word' id='word_1_401' title='bbox 1352 4656 1462 4714; x_wconf 81' lang='lat' dir='ltr'>habent</span> 
     </span>
     <span class='ocr_line' id='line_1_44' title="bbox 128 4733 1463 4810; baseline 0.005 -21"><span class='ocrx_word' id='word_1_402' title='bbox 128 4733 346 4806; x_wconf 78' lang='lat' dir='ltr'>conparatinum</span> <span class='ocrx_word' id='word_1_403' title='bbox 370 4739 422 4794; x_wconf 84' lang='lat' dir='ltr'>aut</span> <span class='ocrx_word' id='word_1_404' title='bbox 444 4735 653 4810; x_wconf 73' lang='lat' dir='ltr'>superlationem</span> <span class='ocrx_word' id='word_1_405' title='bbox 675 4735 726 4792; x_wconf 88' lang='lat' dir='ltr'>sed</span> <span class='ocrx_word' id='word_1_406' title='bbox 746 4737 785 4792; x_wconf 93' lang='lat' dir='ltr'><strong><em>M</em></strong></span> <span class='ocrx_word' id='word_1_407' title='bbox 857 4743 891 4793; x_wconf 82' lang='grc'>11</span> <span class='ocrx_word' id='word_1_408' title='bbox 915 4753 973 4794; x_wconf 89' lang='grc' dir='ltr'>ιιοιι</span> <span class='ocrx_word' id='word_1_409' title='bbox 996 4737 1085 4794; x_wconf 82' lang='lat' dir='ltr'>habet</span> <span class='ocrx_word' id='word_1_410' title='bbox 1108 4742 1224 4808; x_wconf 79' lang='lat' dir='ltr'>atroque</span> <span class='ocrx_word' id='word_1_411' title='bbox 1247 4736 1305 4793; x_wconf 85' lang='lat' dir='ltr'>loco</span> <span class='ocrx_word' id='word_1_412' title='bbox 1324 4737 1386 4808; x_wconf 76' lang='lat' dir='ltr'>sL,</span> <span class='ocrx_word' id='word_1_413' title='bbox 1405 4755 1463 4796; x_wconf 90' lang='lat' dir='ltr'>non</span> 
     </span>
     <span class='ocr_line' id='line_1_45' title="bbox 129 4815 1462 4892; baseline 0.003 -21"><span class='ocrx_word' id='word_1_414' title='bbox 129 4815 237 4872; x_wconf 77' lang='lat' dir='ltr'>hebent</span> <span class='ocrx_word' id='word_1_415' title='bbox 252 4817 349 4886; x_wconf 83' lang='lat' dir='ltr'>priore</span> <span class='ocrx_word' id='word_1_416' title='bbox 368 4819 426 4874; x_wconf 87' lang='lat' dir='ltr'>loco</span> <span class='ocrx_word' id='word_1_417' title='bbox 444 4835 495 4875; x_wconf 84' lang='lat' dir='ltr'>om.</span> <span class='ocrx_word' id='word_1_418' title='bbox 516 4818 545 4873; x_wconf 92' lang='lat' dir='ltr'><strong><em>P</em></strong></span> <span class='ocrx_word' id='word_1_419' title='bbox 603 4821 638 4872; x_wconf 81' lang='grc'>18</span> <span class='ocrx_word' id='word_1_420' title='bbox 657 4834 709 4889; x_wconf 90' lang='lat' dir='ltr'>pro</span> <span class='ocrx_word' id='word_1_421' title='bbox 727 4817 771 4873; x_wconf 85' lang='lat' dir='ltr'>his</span> <span class='ocrx_word' id='word_1_422' title='bbox 790 4817 882 4890; x_wconf 86' lang='lat' dir='ltr'>magia</span> <span class='ocrx_word' id='word_1_423' title='bbox 902 4819 1024 4875; x_wconf 85' lang='lat' dir='ltr'>maxime</span> <span class='ocrx_word' id='word_1_424' title='bbox 1043 4819 1175 4890; x_wconf 88' lang='lat' dir='ltr'>proprius</span> <span class='ocrx_word' id='word_1_425' title='bbox 1195 4817 1225 4874; x_wconf 89' lang='lat' dir='ltr'><strong><em>P</em></strong></span> <span class='ocrx_word' id='word_1_426' title='bbox 1277 4823 1313 4873; x_wconf 81' lang='grc'>19</span> <span class='ocrx_word' id='word_1_427' title='bbox 1332 4819 1462 4892; x_wconf 89' lang='lat' dir='ltr'>minime]</span> 
     </span>
     <span class='ocr_line' id='line_1_46' title="bbox 129 4895 375 4953; baseline 0.004 -1"><span class='ocrx_word' id='word_1_428' title='bbox 129 4895 263 4952; x_wconf 84' lang='lat' dir='ltr'>minimus</span> <span class='ocrx_word' id='word_1_429' title='bbox 282 4899 327 4952; x_wconf 80' lang='lat' dir='ltr'>eat</span> <span class='ocrx_word' id='word_1_430' title='bbox 346 4897 375 4953; x_wconf 97' lang='lat' dir='ltr'><strong><em>P</em></strong></span> 
     </span>
    </p>
   </div>
   <div class='ocr_carea' id='block_1_8' title="bbox 0 0 1806 5482">
    <p class='ocr_par' dir='ltr' id='par_1_16' title="bbox 0 0 1806 5482">
     <span class='ocr_line' id='line_1_47' title="bbox 0 0 1806 5482; baseline 0 0"><span class='ocrx_word' id='word_1_431' title='bbox 0 0 1806 5482; x_wconf 95' lang='lat' dir='ltr'> </span> 
     </span>
    </p>
   </div>
  </div>
 </body>
</html>
