3616 5482
695 1337 1128 1451 ORTHOGRAPHIA
1164 1349 1328 1452 CAPRI

343 1564 366 1603 1³.
381 1554 434 1597 md
450 1546 474 1597 P.

429 1643 538 1712 “Hcec
567 1653 612 1713 vio
641 1671 701 1733 quo
720 1649 844 1716 duciti'
878 1654 1028 1739 dicemus,
1052 1675 1111 1718 non
1137 1653 1196 1717 nbi.
1237 1653 1332 1735 [cato]
1357 1654 1515 1718 deseendit
1539 1655 1681 1738 dicimus,

345 1773 405 1818 non
429 1756 586 1822 discendit.
634 1761 855 1843 interrogamus
884 1757 961 1843 ‘quo
990 1756 1055 1824 die’
1087 1761 1133 1824 vei
1158 1756 1233 1843 ‘quo
1257 1761 1340 1824 hom'
1356 1763 1432 1825 solet
1456 1765 1500 1825 ire
1526 1757 1622 1825 ionas'
1648 1773 1682 1825 et

343 1854 427 1928 ‘esse
453 1861 584 1931 iorIs?’'

311 1955 316 1968 ⁸
434 1971 531 2037 Eiecti
556 1978 585 2038 in
610 1976 681 2039 iiius
706 1975 849 2058 dicemus,
874 1977 963 2040 deleti
988 1979 1019 2039 iu
1043 1987 1172 2058 pecuum.

435 2081 519 2146 intro
544 2087 622 2148 imus
646 2083 692 2147 vei
717 2087 927 2168 inrumpimus,
952 2088 1034 2149 intus
1058 2104 1171 2148 sumus.
1377 2122 1379 2126 ·
1695 2109 1711 2152 c

393 2239 396 2248 .
436 2189 517 2252 Vnde
546 2192 581 2253 nd
612 2197 839 2274 grammaticum
864 2193 909 2254 vei
935 2193 970 2254 nd
1001 2193 1165 2269 medicum,
1195 2193 1279 2254 disco
1303 2195 1381 2278 apud
1406 2198 1481 2259 istos
1504 2185 1676 2261 dicendum.

441 2295 474 2362 ln
499 2301 682 2382 profundum
708 2303 823 2362 nummi
846 2311 877 2363 et
901 2303 931 2363 in
963 2319 1063 2363 ercam
1088 2301 1268 2363 conduntur.
1315 2303 1496 2367 inveheret
1528 2309 1612 2368 iocor
1646 2309 1677 2368 in

346 2407 492 2492 Marcum,
521 2409 626 2471 incidit
652 2412 683 2471 in
702 2428 809 2472 manus
829 2388 911 2472 meos
940 2411 1096 2491 inimicus,
1124 2417 1155 2470 et
1184 2411 1215 2471 in
1243 2428 1350 2473 manus
1376 2431 1483 2502 equiem
1513 2416 1676 2496 poscimus.

344 2523 463 2580 veteres
487 2525 587 2580 eutem
612 2535 718 2600 aquen]
740 2516 879 2580 monibus
897 2517 1087 2601 pedibusque
1108 2516 1257 2582 dixerunt.
1296 2519 1327 2581 in
1347 2530 1478 2583 mentem
1500 2524 1590 2605 venit,
1614 2541 1675 2584 non

342 2627 374 2688 in
398 2637 508 2690 menie.
1607 2693 1610 2698 .
1697 2652 1726 2690 1⁰

436 2735 556 2800 Oblitus
580 2758 618 2802 ne
642 2741 683 2801 sis
708 2742 814 2829 nostri,
839 2757 898 2800 non
924 2757 995 2800 nos:
1020 2745 1139 2797 veteres
1164 2745 1262 2798 tannen
1283 2743 1313 2797 et
1333 2735 1390 2798 hoc
1410 2737 1499 2799 modo
1519 2737 1676 2800 dixerunt:

272 2866 276 2874 ·
344 2853 374 2906 ei
397 2847 516 2910 invideo
542 2829 740 2930 tibidivitiis,
765 2866 825 2908 non
850 2847 976 2908 divitias.

432 2953 576 3018 Comesor
600 2974 719 3019 comesa
744 2974 897 3018 comesum
924 2957 966 3017 uti
992 2953 1384 3036 dices,1nessor1nessure
1410 2971 1551 3016 messum.

432 3149 471 3204 M
489 3152 575 3207 codex
595 3152 860 3223 Mentepccwionne
879 3153 934 3204 306

430 3230 459 3286 B
478 3233 563 3288 codem
580 3231 737 3289 Beroeneie
755 3238 812 3289 330

432 3312 456 3370 0
472 3314 557 3370 codem
575 3314 727 3370 Beruensis
746 3319 803 3370 33&

487 3411 502 3451 c
520 3396 640 3451 eiusdem
659 3399 761 3453 codicis
780 3401 914 3453 corrector

432 3491 449 3536 s
467 3477 600 3533 editiones
621 3479 835 3548 meionieeimae
858 3496 892 3534 cc
915 3475 1035 3532 editione
1059 3473 1162 3529 Veneto
1181 3473 1297 3529 Nicoloe'
1316 3475 1434 3531 Iensoni
1459 3489 1616 3544 expressos,
1641 3491 1686 3530 ec·

468 3559 571 3630 eodone
585 3576 682 3628 panca
700 3562 845 3632 adempto
863 3564 929 3615 sient

427 3657 450 3710 p
469 3641 553 3698 editio
575 3643 717 3710 Pntseieic',
736 3660 769 3698 ec
788 3659 845 3714 ono
864 3642 929 3696 item
940 3656 1036 3710 pecten
1055 3639 1200 3710 cci-scripte
1218 3644 1285 3694 sunt

431 3727 569 3784 INCIPIT
587 3729 883 3786 HORTHOGRATIA
898 3728 1008 3785 CAPRI
1025 3731 1063 3784 M
1080 3730 1218 3788 INCIPIT
1235 3728 1476 3787 ORTOCRAPIA
1492 3729 1602 3785 CAPRI
1617 3728 1677 3794 BC

340 3807 452 3864 CAPBI
472 3807 732 3866 VETVSTISSIMI
751 3811 797 3866 Ac
822 3810 1017 3867 ILLVSTRIS
1037 3811 1276 3868 GRAMMATICI
1302 3811 1351 3865 DE
1379 3807 1677 3867 ORTHOCRAPHIA

342 3891 389 3948 ΕΤ
415 3888 644 3946 LATINITATE
672 3891 879 3949 VERBORVM
908 3894 1020 3950 LIBER
1045 3894 1181 3950 INCIPIT
1208 3911 1225 3953 ς
1261 3893 1352 3949 Flavii
1380 3891 1465 3965 Capri
1493 3888 1677 3962 grammatici

339 3972 527 4029 vetustissimi
543 3972 577 4028 de
593 3971 807 4044 Oedhcgrcphm
821 3975 936 4032 libellus
951 3995 974 4046 p
1033 3985 1045 4032 1
1066 3976 1194 4032 dicemus
1208 3975 1305 4044 peiore
1323 3975 1381 4030 ioco
1401 3975 1435 4029 di
1442 3973 1466 4030 C
1483 3972 1604 4029 dicimus
1618 3971 1675 4028 Bc.

339 4053 526 4111 decanorum
550 4069 656 4109 cereum
678 4055 803 4124 posuisse
825 4058 936 4112 videtne·
957 4059 1169 4128 yrocnmcic'eus,
1194 4056 1264 4111 hese
1289 4055 1337 4110 vio
1356 4072 1412 4126 quo
1436 4053 1515 4110 ducit
1538 4051 1676 4122 dicemus,

339 4151 395 4191 non
413 4135 463 4191 ubi
482 4135 569 4192 ducit,
598 4152 665 4190 nom
684 4137 757 4204 ceto,
777 4138 851 4206 quod
869 4138 981 4206 seciuse',
1000 4155 1034 4192 ex
1052 4154 1152 4206 crocco
1171 4138 1396 4207 intepretationes
1415 4131 1492 4191 κάτω
1512 4140 1603 4191 orium
1621 4151 1677 4192 esee

334 4221 407 4288 poto
462 4223 478 4273 2
498 4233 554 4272 non
573 4215 714 4272 discendit
732 4216 780 4272 Bc
799 4235 855 4274 non
873 4217 995 4275 discedit
1015 4215 1081 4272 MC
1133 4216 1341 4288 interrogemus
1364 4217 1401 4272 M
1419 4219 1448 4273 et
1466 4217 1676 4286 interrogemus
1789 4244 1793 4260 ·

338 4299 367 4354 Β
387 4301 417 4356 si
434 4297 686 4370 inicnogemusC
758 4299 879 4356 deIecti
899 4300 937 4355 M
960 4297 1059 4354 iecisti
1077 4297 1105 4352 B
1132 4305 1158 4354 ct
1180 4300 1212 4354 c'n
1235 4315 1339 4354 cascere
1358 4297 1393 4365 0,
1413 4296 1518 4356 iactis
1592 4297 1676 4352 dvei

279 4429 282 4432 .
341 4379 378 4436 cd
397 4379 551 4452 medicum]
572 4382 600 4435 ei
619 4381 655 4436 od
674 4378 817 4435 medicum
835 4379 863 4434 Β
951 4384 966 4433 i
987 4377 1147 4436 conduntur
1166 4383 1196 4436 ci
1215 4380 1335 4436 inuehor
1353 4378 1412 4433 BC
1497 4376 1526 4432 in
1545 4392 1675 4433 mercum

341 4459 408 4517 MC
425 4459 456 4515 iu
473 4475 569 4516 marco
588 4460 636 4516 Bc
728 4465 743 4514 9
764 4461 873 4532 nutem]
895 4462 924 4516 et
941 4477 974 4530 p,
994 4477 1045 4515 om.
1064 4459 1124 4515 BC
1215 4465 1247 4515 12
1268 4458 1376 4514 diuitiis
1394 4475 1452 4513 non
1471 4455 1588 4512 diuitiae
1609 4457 1677 4513 MC

339 4540 457 4597 dicitius
476 4558 533 4597 non
552 4539 664 4597 dimtds
682 4541 738 4597 Bc
801 4547 833 4596 13
853 4557 981 4597 comesor
996 4557 1110 4597 comeso
1124 4543 1166 4599 uti
1185 4542 1264 4598 dIcas
1277 4555 1372 4596 mesor
1385 4555 1498 4595 mesore
1512 4555 1621 4594 meeum
1638 4539 1677 4593 Μ

340 4623 511 4678 commemor
537 4627 695 4681 commeato
723 4629 909 4680 commestam
937 4622 980 4678 uti
1007 4622 1086 4678 dices
1115 4627 1222 4680 mester
1246 4624 1337 4677 mesto
1363 4621 1488 4676 mestum
1516 4617 1617 4674 scribis
1646 4619 1675 4674 B

436 4708 445 4744 ι
1308 4703 1311 4710 .

340 4773 483 4828 comessor
501 4709 615 4816 comede
632 4710 789 4830 comesinm
808 4759 842 4812 ui
859 4754 939 4812 dicas
957 4709 1050 4815 medor
1068 4711 1180 4831 meddin
1197 4709 1321 4826 mesdum
1340 4755 1440 4811 scribis
1461 4753 1485 4810 0
1502 4771 1675 4812 commosset

341 4840 371 4896 ei
389 4853 545 4908 commosse
563 4839 605 4894 uti
624 4840 703 4897 dices
722 4855 830 4894 messer
844 4854 971 4894 messore
984 4856 1106 4896 meseum
1121 4820 1225 4896 scribes
1245 4854 1262 4898 ς
1282 4837 1496 4894 commemoret
1514 4837 1674 4892 commosin

340 4921 525 4978 commentum
545 4919 698 4992 midioen,
718 4921 825 4975 mesior
844 4921 935 4974 mesia
954 4923 1077 4976 mestum
1097 4919 1198 4975 scribis
1214 4937 1236 4990 p
