<?xml version="1.0" encoding="UTF-8"?>
<!DOCTYPE html PUBLIC "-//W3C//DTD XHTML 1.0 Transitional//EN"
    "http://www.w3.org/TR/xhtml1/DTD/xhtml1-transitional.dtd">
<html xmlns="http://www.w3.org/1999/xhtml" xml:lang="en" lang="en">
 <head>
  <title>
</title>
<meta http-equiv="Content-Type" content="text/html;charset=utf-8" />
  <meta name='ocr-system' content='tesseract 3.04.00' />
  <meta name='ocr-capabilities' content='ocr_page ocr_carea ocr_par ocr_line ocrx_word'/>
</head>
<body>
  <div class='ocr_page' id='page_1' title='image "./grammaticilatin00unkngoog/grammaticilatin00unkngoog_0267.png"; bbox 0 0 3590 5486; ppageno 0'>
   <div class='ocr_carea' id='block_1_1' title="bbox 333 335 1075 490">
    <p class='ocr_par' dir='ltr' id='par_1_1' title="bbox 333 335 1075 490">
     <span class='ocr_line' id='line_1_1' title="bbox 336 335 1075 404; baseline -0.011 -2"><span class='ocrx_word' id='word_1_1' title='bbox 336 335 403 404; x_wconf 79' lang='lat'>252</span> <span class='ocrx_word' id='word_1_2' title='bbox 951 335 1075 394; x_wconf 77' lang='lat' dir='ltr'>sanun</span> 
     </span>
     <span class='ocr_line' id='line_1_2' title="bbox 333 437 512 490; baseline -0.011 -9"><span class='ocrx_word' id='word_1_3' title='bbox 333 451 355 490; x_wconf 81' lang='lat' dir='ltr'>p.</span> <span class='ocrx_word' id='word_1_4' title='bbox 370 437 430 481; x_wconf 73' lang='lat' dir='ltr'>tm</span> <span class='ocrx_word' id='word_1_5' title='bbox 446 439 472 481; x_wconf 72' lang='lat' dir='ltr'>&#39;ia</span> <span class='ocrx_word' id='word_1_6' title='bbox 486 438 512 479; x_wconf 72' lang='grc' dir='ltr'>Ρ.</span> 
     </span>
    </p>
   </div>
   <div class='ocr_carea' id='block_1_2' title="bbox 334 521 1716 1151">
    <p class='ocr_par' dir='ltr' id='par_1_2' title="bbox 334 521 1716 1151">
     <span class='ocr_line' id='line_1_3' title="bbox 334 521 1672 614; baseline -0.002 -26"><span class='ocrx_word' id='word_1_7' title='bbox 334 532 400 588; x_wconf 88' lang='lat' dir='ltr'>erot</span> <span class='ocrx_word' id='word_1_8' title='bbox 413 523 600 606; x_wconf 77' lang='lat' dir='ltr'>produceret</span> <span class='ocrx_word' id='word_1_9' title='bbox 610 533 662 588; x_wconf 88' lang='lat' dir='ltr'>aut</span> <span class='ocrx_word' id='word_1_10' title='bbox 676 523 864 588; x_wconf 81' lang='lat' dir='ltr'>tribrachum</span> <span class='ocrx_word' id='word_1_11' title='bbox 879 523 946 588; x_wconf 92' lang='lat' dir='ltr'>loco</span> <span class='ocrx_word' id='word_1_12' title='bbox 961 523 1074 614; x_wconf 80' lang='lat' dir='ltr'>dactyli</span> <span class='ocrx_word' id='word_1_13' title='bbox 1085 533 1221 606; x_wconf 87' lang='lat' dir='ltr'>poneret</span> <span class='ocrx_word' id='word_1_14' title='bbox 1237 527 1281 587; x_wconf 88' lang='lat' dir='ltr'>sic</span> <span class='ocrx_word' id='word_1_15' title='bbox 1291 543 1361 587; x_wconf 90' lang='lat' dir='ltr'>cum</span> <span class='ocrx_word' id='word_1_16' title='bbox 1371 524 1409 587; x_wconf 88' lang='lat' dir='ltr'>do</span> <span class='ocrx_word' id='word_1_17' title='bbox 1421 523 1529 608; x_wconf 81' lang='lat' dir='ltr'>apibus</span> <span class='ocrx_word' id='word_1_18' title='bbox 1543 521 1672 604; x_wconf 88' lang='lat' dir='ltr'>loquens</span> 
     </span>
     <span class='ocr_line' id='line_1_4' title="bbox 334 615 1673 715; baseline -0.001 -20"><span class='ocrx_word' id='word_1_19' title='bbox 334 632 462 696; x_wconf 81' lang='lat' dir='ltr'>alvearia</span> <span class='ocrx_word' id='word_1_20' title='bbox 484 634 640 697; x_wconf 89' lang='lat' dir='ltr'>nominare</span> <span class='ocrx_word' id='word_1_21' title='bbox 661 631 763 709; x_wconf 81' lang='lat' dir='ltr'>velet,</span> <span class='ocrx_word' id='word_1_22' title='bbox 787 615 967 696; x_wconf 79' lang='lat' dir='ltr'>necessitate</span> <span class='ocrx_word' id='word_1_23' title='bbox 991 633 1094 715; x_wconf 82' lang='lat' dir='ltr'><strong>posuit</strong></span> <span class='ocrx_word' id='word_1_24' title='bbox 1112 631 1334 696; x_wconf 76' lang='lat' dir='ltr'><strong>antibacchium</strong></span> <span class='ocrx_word' id='word_1_25' title='bbox 1354 635 1385 696; x_wconf 92' lang='lat' dir='ltr'>in</span> <span class='ocrx_word' id='word_1_26' title='bbox 1406 651 1495 696; x_wconf 85' lang='lat' dir='ltr'>versu</span> <span class='ocrx_word' id='word_1_27' title='bbox 1515 630 1673 714; x_wconf 78' lang='lat' dir='ltr'>dactylico,</span> 
     </span>
     <span class='ocr_line' id='line_1_5' title="bbox 499 739 1336 826; baseline 0 -22"><span class='ocrx_word' id='word_1_28' title='bbox 499 760 564 806; x_wconf 90' lang='lat' dir='ltr'>seu</span> <span class='ocrx_word' id='word_1_29' title='bbox 587 741 689 806; x_wconf 93' lang='lat' dir='ltr'>lento</span> <span class='ocrx_word' id='word_1_30' title='bbox 714 742 856 805; x_wconf 85' lang='lat' dir='ltr'>luerint</span> <span class='ocrx_word' id='word_1_31' title='bbox 879 739 1038 804; x_wconf 80' lang='lat' dir='ltr'>alvearia</span> <span class='ocrx_word' id='word_1_32' title='bbox 1063 741 1197 806; x_wconf 82' lang='lat' dir='ltr'>vimine</span> <span class='ocrx_word' id='word_1_33' title='bbox 1222 749 1336 826; x_wconf 85' lang='lat' dir='ltr'>texta;</span> 
     </span>
     <span class='ocr_line' id='line_1_6' title="bbox 335 846 1202 914; baseline 0.001 -2"><span class='ocrx_word' id='word_1_34' title='bbox 335 857 367 912; x_wconf 87' lang='lat' dir='ltr'>et</span> <span class='ocrx_word' id='word_1_35' title='bbox 388 847 534 914; x_wconf 73' lang='lat' dir='ltr'><strong>Paulinus</strong></span> <span class='ocrx_word' id='word_1_36' title='bbox 1197 846 1202 856; x_wconf 84' lang='lat'><em>&#39;</em></span> 
     </span>
     <span class='ocr_line' id='line_1_7' title="bbox 499 957 1716 1042; baseline -0.007 -20"><span class='ocrx_word' id='word_1_37' title='bbox 499 961 560 1041; x_wconf 87' lang='lat' dir='ltr'>qui</span> <span class='ocrx_word' id='word_1_38' title='bbox 583 959 692 1023; x_wconf 89' lang='lat' dir='ltr'>simui</span> <span class='ocrx_word' id='word_1_39' title='bbox 715 958 785 1022; x_wconf 89' lang='lat' dir='ltr'>buo</span> <span class='ocrx_word' id='word_1_40' title='bbox 809 966 936 1022; x_wconf 85' lang='lat' dir='ltr'>sancta</span> <span class='ocrx_word' id='word_1_41' title='bbox 958 977 1023 1042; x_wconf 93' lang='lat' dir='ltr'>pro</span> <span class='ocrx_word' id='word_1_42' title='bbox 1048 957 1231 1042; x_wconf 74' lang='lat' dir='ltr'>reiigione</span> <span class='ocrx_word' id='word_1_43' title='bbox 1256 959 1404 1022; x_wconf 88' lang='lat' dir='ltr'>coistis:</span> <span class='ocrx_word' id='word_1_44' title='bbox 1475 999 1477 1002; x_wconf 93' lang='lat'>-</span> <span class='ocrx_word' id='word_1_45' title='bbox 1701 973 1716 1013; x_wconf 80' lang='lat' dir='ltr'>s</span> 
     </span>
     <span class='ocr_line' id='line_1_8' title="bbox 336 1065 1673 1151; baseline 0.001 -23"><span class='ocrx_word' id='word_1_46' title='bbox 336 1083 370 1128; x_wconf 87' lang='lat' dir='ltr'>re</span> <span class='ocrx_word' id='word_1_47' title='bbox 394 1075 500 1130; x_wconf 90' lang='lat' dir='ltr'>contra</span> <span class='ocrx_word' id='word_1_48' title='bbox 528 1077 667 1133; x_wconf 86' lang='lat' dir='ltr'>naturam</span> <span class='ocrx_word' id='word_1_49' title='bbox 696 1087 752 1150; x_wconf 87' lang='lat' dir='ltr'>pro</span> <span class='ocrx_word' id='word_1_50' title='bbox 781 1066 870 1149; x_wconf 78' lang='lat' dir='ltr'>longa</span> <span class='ocrx_word' id='word_1_51' title='bbox 897 1069 1013 1151; x_wconf 87' lang='lat' dir='ltr'>posuit,</span> <span class='ocrx_word' id='word_1_52' title='bbox 1041 1069 1197 1149; x_wconf 86' lang='lat' dir='ltr'>quianon</span> <span class='ocrx_word' id='word_1_53' title='bbox 1228 1065 1315 1130; x_wconf 84' lang='lat' dir='ltr'>aliter</span> <span class='ocrx_word' id='word_1_54' title='bbox 1344 1065 1402 1130; x_wconf 92' lang='lat' dir='ltr'>boc</span> <span class='ocrx_word' id='word_1_55' title='bbox 1432 1085 1542 1132; x_wconf 89' lang='lat' dir='ltr'>nomen</span> <span class='ocrx_word' id='word_1_56' title='bbox 1566 1086 1673 1132; x_wconf 82' lang='lat' dir='ltr'>versus</span> 
     </span>
    </p>
   </div>
   <div class='ocr_carea' id='block_1_3' title="bbox 245 1173 1316 1259">
    <p class='ocr_par' dir='ltr' id='par_1_3' title="bbox 245 1173 1316 1259">
     <span class='ocr_line' id='line_1_9' title="bbox 245 1173 1316 1259; baseline 0.001 -22"><span class='ocrx_word' id='word_1_57' title='bbox 245 1205 248 1210; x_wconf 21' lang='grc' dir='ltr'><strong>Δ</strong></span> <span class='ocrx_word' id='word_1_58' title='bbox 336 1174 512 1240; x_wconf 75' lang='lat' dir='ltr'>hexameter</span> <span class='ocrx_word' id='word_1_59' title='bbox 536 1178 673 1259; x_wconf 88' lang='lat' dir='ltr'>recipere</span> <span class='ocrx_word' id='word_1_60' title='bbox 698 1173 823 1238; x_wconf 83' lang='lat' dir='ltr'>valebat.</span> <span class='ocrx_word' id='word_1_61' title='bbox 860 1174 918 1238; x_wconf 87' lang='lat' dir='ltr'>tale</span> <span class='ocrx_word' id='word_1_62' title='bbox 943 1182 990 1238; x_wconf 88' lang='lat' dir='ltr'>est</span> <span class='ocrx_word' id='word_1_63' title='bbox 1013 1183 1045 1238; x_wconf 89' lang='lat' dir='ltr'>et</span> <span class='ocrx_word' id='word_1_64' title='bbox 1068 1174 1140 1238; x_wconf 91' lang='lat' dir='ltr'>illud</span> <span class='ocrx_word' id='word_1_65' title='bbox 1165 1175 1316 1259; x_wconf 89' lang='lat' dir='ltr'>eiusdem,</span> 
     </span>
    </p>
   </div>
   <div class='ocr_carea' id='block_1_4' title="bbox 312 1283 1776 4287">
    <p class='ocr_par' dir='ltr' id='par_1_4' title="bbox 341 1283 1501 1475">
     <span class='ocr_line' id='line_1_10' title="bbox 500 1283 1496 1367; baseline 0 -20"><span class='ocrx_word' id='word_1_66' title='bbox 500 1284 668 1349; x_wconf 78' lang='lat' dir='ltr'>basilicis</span> <span class='ocrx_word' id='word_1_67' title='bbox 692 1283 780 1347; x_wconf 89' lang='lat' dir='ltr'>baec</span> <span class='ocrx_word' id='word_1_68' title='bbox 804 1287 930 1348; x_wconf 87' lang='lat' dir='ltr'>iuncta</span> <span class='ocrx_word' id='word_1_69' title='bbox 954 1283 1078 1348; x_wconf 91' lang='lat' dir='ltr'>tribus</span> <span class='ocrx_word' id='word_1_70' title='bbox 1101 1293 1203 1367; x_wconf 88' lang='lat' dir='ltr'>patet</span> <span class='ocrx_word' id='word_1_71' title='bbox 1226 1302 1310 1347; x_wconf 87' lang='lat' dir='ltr'>area</span> <span class='ocrx_word' id='word_1_72' title='bbox 1335 1285 1496 1347; x_wconf 87' lang='lat' dir='ltr'>cunctis:</span> 
     </span>
     <span class='ocr_line' id='line_1_11' title="bbox 341 1391 1501 1475; baseline 0.002 -23"><span class='ocrx_word' id='word_1_73' title='bbox 341 1407 470 1474; x_wconf 86' lang='lat' dir='ltr'>namque</span> <span class='ocrx_word' id='word_1_74' title='bbox 494 1391 565 1456; x_wconf 89' lang='lat' dir='ltr'>alibi</span> <span class='ocrx_word' id='word_1_75' title='bbox 588 1412 644 1475; x_wconf 94' lang='lat' dir='ltr'>pro</span> <span class='ocrx_word' id='word_1_76' title='bbox 668 1393 753 1456; x_wconf 80' lang='lat' dir='ltr'>brevi</span> <span class='ocrx_word' id='word_1_77' title='bbox 776 1395 901 1475; x_wconf 90' lang='lat' dir='ltr'>ponitur</span> <span class='ocrx_word' id='word_1_78' title='bbox 924 1392 1030 1456; x_wconf 89' lang='lat' dir='ltr'>eadem</span> <span class='ocrx_word' id='word_1_79' title='bbox 1053 1391 1164 1475; x_wconf 77' lang='lat' dir='ltr'><strong>syllaba</strong></span> <span class='ocrx_word' id='word_1_80' title='bbox 1189 1391 1309 1454; x_wconf 76' lang='lat' dir='ltr'>dicente</span> <span class='ocrx_word' id='word_1_81' title='bbox 1335 1391 1501 1455; x_wconf 83' lang='lat' dir='ltr'>Fortunato</span> 
     </span>
    </p>

    <p class='ocr_par' dir='ltr' id='par_1_5' title="bbox 312 1497 1746 2539">
     <span class='ocr_line' id='line_1_12' title="bbox 501 1497 1716 1585; baseline -0.001 -23"><span class='ocrx_word' id='word_1_82' title='bbox 501 1499 560 1564; x_wconf 90' lang='lat' dir='ltr'>bic</span> <span class='ocrx_word' id='word_1_83' title='bbox 583 1499 749 1584; x_wconf 85' lang='lat' dir='ltr'>Paulina,</span> <span class='ocrx_word' id='word_1_84' title='bbox 772 1501 904 1585; x_wconf 75' lang='lat' dir='ltr'>Agnes,</span> <span class='ocrx_word' id='word_1_85' title='bbox 927 1499 1119 1584; x_wconf 80' lang='lat' dir='ltr'>basilissa,</span> <span class='ocrx_word' id='word_1_86' title='bbox 1142 1497 1306 1582; x_wconf 76' lang='lat' dir='ltr'>Eugenia</span> <span class='ocrx_word' id='word_1_87' title='bbox 1330 1509 1495 1581; x_wconf 85' lang='lat' dir='ltr'>regnant.</span> <span class='ocrx_word' id='word_1_88' title='bbox 1689 1516 1716 1554; x_wconf 86' lang='grc' dir='ltr'>ιο</span> 
     </span>
     <span class='ocr_line' id='line_1_13' title="bbox 340 1605 1678 1690; baseline 0.003 -22"><span class='ocrx_word' id='word_1_89' title='bbox 340 1605 387 1669; x_wconf 85' lang='lat' dir='ltr'>bis</span> <span class='ocrx_word' id='word_1_90' title='bbox 411 1616 442 1670; x_wconf 88' lang='lat' dir='ltr'>et</span> <span class='ocrx_word' id='word_1_91' title='bbox 470 1607 535 1672; x_wconf 92' lang='lat' dir='ltr'>aliis</span> <span class='ocrx_word' id='word_1_92' title='bbox 564 1607 759 1672; x_wconf 88' lang='lat' dir='ltr'>huiusmodi</span> <span class='ocrx_word' id='word_1_93' title='bbox 789 1608 1022 1672; x_wconf 88' lang='lat' dir='ltr'>necessitatibus</span> <span class='ocrx_word' id='word_1_94' title='bbox 1051 1607 1143 1671; x_wconf 89' lang='lat' dir='ltr'>credo</span> <span class='ocrx_word' id='word_1_95' title='bbox 1172 1608 1285 1671; x_wconf 87' lang='lat' dir='ltr'>iactum</span> <span class='ocrx_word' id='word_1_96' title='bbox 1314 1608 1395 1690; x_wconf 87' lang='lat' dir='ltr'>quod</span> <span class='ocrx_word' id='word_1_97' title='bbox 1425 1608 1462 1671; x_wconf 92' lang='lat' dir='ltr'>de</span> <span class='ocrx_word' id='word_1_98' title='bbox 1493 1609 1571 1672; x_wconf 89' lang='lat' dir='ltr'>libro</span> <span class='ocrx_word' id='word_1_99' title='bbox 1595 1609 1678 1673; x_wconf 86' lang='lat' dir='ltr'>beati</span> 
     </span>
     <span class='ocr_line' id='line_1_14' title="bbox 339 1713 1676 1802; baseline 0.003 -26"><span class='ocrx_word' id='word_1_100' title='bbox 339 1713 392 1777; x_wconf 93' lang='lat' dir='ltr'>lob</span> <span class='ocrx_word' id='word_1_101' title='bbox 412 1714 539 1798; x_wconf 87' lang='lat' dir='ltr'>loquens</span> <span class='ocrx_word' id='word_1_102' title='bbox 558 1717 775 1802; x_wconf 80' lang='lat' dir='ltr'>Hieronymus,</span> <span class='ocrx_word' id='word_1_103' title='bbox 794 1735 864 1781; x_wconf 90' lang='lat' dir='ltr'>cum</span> <span class='ocrx_word' id='word_1_104' title='bbox 884 1717 1011 1782; x_wconf 79' lang='lat' dir='ltr'>dixisset</span> <span class='ocrx_word' id='word_1_105' title='bbox 1030 1735 1099 1780; x_wconf 90' lang='lat' dir='ltr'>eum</span> <span class='ocrx_word' id='word_1_106' title='bbox 1120 1719 1248 1779; x_wconf 90' lang='lat' dir='ltr'>maxima</span> <span class='ocrx_word' id='word_1_107' title='bbox 1267 1735 1304 1780; x_wconf 94' lang='lat' dir='ltr'>ex</span> <span class='ocrx_word' id='word_1_108' title='bbox 1323 1725 1409 1799; x_wconf 88' lang='lat' dir='ltr'>parte</span> <span class='ocrx_word' id='word_1_109' title='bbox 1428 1716 1567 1780; x_wconf 81' lang='lat' dir='ltr'>versibus</span> <span class='ocrx_word' id='word_1_110' title='bbox 1586 1717 1676 1781; x_wconf 86' lang='lat' dir='ltr'>bexa-</span> 
     </span>
     <span class='ocr_line' id='line_1_15' title="bbox 339 1819 1677 1908; baseline 0.002 -23"><span class='ocrx_word' id='word_1_111' title='bbox 339 1826 447 1887; x_wconf 84' lang='lat' dir='ltr'>metris</span> <span class='ocrx_word' id='word_1_112' title='bbox 471 1826 550 1908; x_wconf 88' lang='lat' dir='ltr'>apud</span> <span class='ocrx_word' id='word_1_113' title='bbox 573 1825 729 1890; x_wconf 85' lang='lat' dir='ltr'>Hebraeos</span> <span class='ocrx_word' id='word_1_114' title='bbox 753 1844 820 1888; x_wconf 92' lang='lat' dir='ltr'>esse</span> <span class='ocrx_word' id='word_1_115' title='bbox 845 1826 1046 1908; x_wconf 87' lang='lat' dir='ltr'>descriptum,</span> <span class='ocrx_word' id='word_1_116' title='bbox 1075 1823 1189 1888; x_wconf 89' lang='lat' dir='ltr'>addidit</span> <span class='ocrx_word' id='word_1_117' title='bbox 1212 1819 1291 1907; x_wconf 77' lang='lat' dir='ltr'>‘qui</span> <span class='ocrx_word' id='word_1_118' title='bbox 1323 1825 1473 1907; x_wconf 80' lang='lat' dir='ltr'>dactylo</span> <span class='ocrx_word' id='word_1_119' title='bbox 1497 1825 1677 1907; x_wconf 90' lang='lat' dir='ltr'>spondeo·</span> 
     </span>
     <span class='ocr_line' id='line_1_16' title="bbox 339 1932 1678 2017; baseline 0.001 -22"><span class='ocrx_word' id='word_1_120' title='bbox 339 1951 408 2014; x_wconf 83' lang='lat' dir='ltr'>que</span> <span class='ocrx_word' id='word_1_121' title='bbox 432 1944 628 1999; x_wconf 88' lang='lat' dir='ltr'>curreutes</span> <span class='ocrx_word' id='word_1_122' title='bbox 651 1943 803 2017; x_wconf 88' lang='lat' dir='ltr'>propter</span> <span class='ocrx_word' id='word_1_123' title='bbox 826 1935 960 1996; x_wconf 82' lang='lat' dir='ltr'>idioma</span> <span class='ocrx_word' id='word_1_124' title='bbox 984 1932 1131 2015; x_wconf 79' lang='lat' dir='ltr'>linguae</span> <span class='ocrx_word' id='word_1_125' title='bbox 1151 1933 1285 1996; x_wconf 87' lang='lat' dir='ltr'>crebro</span> <span class='ocrx_word' id='word_1_126' title='bbox 1309 1934 1500 2014; x_wconf 86' lang='lat' dir='ltr'>reciplunt</span> <span class='ocrx_word' id='word_1_127' title='bbox 1523 1940 1560 1995; x_wconf 87' lang='lat' dir='ltr'>et</span> <span class='ocrx_word' id='word_1_128' title='bbox 1582 1933 1678 1997; x_wconf 91' lang='lat' dir='ltr'>alios</span> 
     </span>
     <span class='ocr_line' id='line_1_17' title="bbox 339 2039 1719 2126; baseline -0.004 -24"><span class='ocrx_word' id='word_1_129' title='bbox 339 2039 451 2122; x_wconf 88' lang='lat' dir='ltr'>pedes</span> <span class='ocrx_word' id='word_1_130' title='bbox 482 2042 680 2106; x_wconf 89' lang='lat' dir='ltr'>eorundem</span> <span class='ocrx_word' id='word_1_131' title='bbox 711 2041 857 2124; x_wconf 87' lang='lat' dir='ltr'>quidem</span> <span class='ocrx_word' id='word_1_132' title='bbox 889 2050 1107 2126; x_wconf 84' lang='lat' dir='ltr'>temporum,</span> <span class='ocrx_word' id='word_1_133' title='bbox 1139 2041 1203 2104; x_wconf 84' lang='lat' dir='ltr'>sed</span> <span class='ocrx_word' id='word_1_134' title='bbox 1234 2059 1304 2104; x_wconf 90' lang='lat' dir='ltr'>noo</span> <span class='ocrx_word' id='word_1_135' title='bbox 1335 2041 1534 2104; x_wconf 88' lang='lat' dir='ltr'>earundem</span> <span class='ocrx_word' id='word_1_136' title='bbox 1566 2041 1719 2124; x_wconf 77' lang='lat' dir='ltr'>sylla-ts</span> 
     </span>
     <span class='ocr_line' id='line_1_18' title="bbox 341 2146 1746 2232; baseline 0 -21"><span class='ocrx_word' id='word_1_137' title='bbox 341 2146 492 2214; x_wconf 88' lang='lat' dir='ltr'>barum&#39;.</span> <span class='ocrx_word' id='word_1_138' title='bbox 530 2153 710 2215; x_wconf 86' lang='lat' dir='ltr'>auctoritate</span> <span class='ocrx_word' id='word_1_139' title='bbox 736 2159 837 2214; x_wconf 88' lang='lat' dir='ltr'>autem</span> <span class='ocrx_word' id='word_1_140' title='bbox 861 2153 1068 2214; x_wconf 89' lang='lat' dir='ltr'>contemnitur</span> <span class='ocrx_word' id='word_1_141' title='bbox 1091 2148 1196 2232; x_wconf 82' lang='lat' dir='ltr'>regula</span> <span class='ocrx_word' id='word_1_142' title='bbox 1220 2151 1503 2232; x_wconf 81' lang='lat' dir='ltr'>grammaticorum,</span> <span class='ocrx_word' id='word_1_143' title='bbox 1527 2157 1562 2212; x_wconf 92' lang='lat' dir='ltr'>ut</span> <span class='ocrx_word' id='word_1_144' title='bbox 1581 2147 1676 2211; x_wconf 91' lang='lat' dir='ltr'>Sedu·</span> <span class='ocrx_word' id='word_1_145' title='bbox 1744 2217 1746 2220; x_wconf 58' lang='grc'><strong>,</strong></span> 
     </span>
     <span class='ocr_line' id='line_1_19' title="bbox 312 2255 1425 2343; baseline 0.001 -25"><span class='ocrx_word' id='word_1_146' title='bbox 312 2287 315 2296; x_wconf 92' lang='grc'><strong><em>·</em></strong></span> <span class='ocrx_word' id='word_1_147' title='bbox 340 2255 399 2320; x_wconf 92' lang='lat' dir='ltr'>lius</span> <span class='ocrx_word' id='word_1_148' title='bbox 423 2260 453 2320; x_wconf 92' lang='lat' dir='ltr'>in</span> <span class='ocrx_word' id='word_1_149' title='bbox 478 2256 612 2322; x_wconf 88' lang='lat' dir='ltr'>clausula</span> <span class='ocrx_word' id='word_1_150' title='bbox 636 2261 793 2343; x_wconf 89' lang='lat' dir='ltr'>carminis,</span> <span class='ocrx_word' id='word_1_151' title='bbox 813 2259 905 2322; x_wconf 86' lang='lat' dir='ltr'>¹ouius</span> <span class='ocrx_word' id='word_1_152' title='bbox 928 2277 1020 2340; x_wconf 89' lang='lat' dir='ltr'>supra</span> <span class='ocrx_word' id='word_1_153' title='bbox 1044 2259 1191 2341; x_wconf 58' lang='lat' dir='ltr'>memini.</span> <span class='ocrx_word' id='word_1_154' title='bbox 1206 2276 1276 2322; x_wconf 92' lang='lat' dir='ltr'>cum</span> <span class='ocrx_word' id='word_1_155' title='bbox 1300 2256 1425 2320; x_wconf 83' lang='lat' dir='ltr'>dixisset</span> 
     </span>
     <span class='ocr_line' id='line_1_20' title="bbox 369 2364 1416 2450; baseline -0.002 -20"><span class='ocrx_word' id='word_1_156' title='bbox 369 2413 373 2420; x_wconf 77' lang='lat'><strong>.</strong></span> <span class='ocrx_word' id='word_1_157' title='bbox 502 2367 622 2449; x_wconf 79' lang='lat' dir='ltr'>gloria</span> <span class='ocrx_word' id='word_1_158' title='bbox 647 2385 771 2448; x_wconf 78' lang='lat' dir='ltr'>magna</span> <span class='ocrx_word' id='word_1_159' title='bbox 795 2369 892 2450; x_wconf 88' lang='lat' dir='ltr'>patri</span> <span class='ocrx_word' id='word_1_160' title='bbox 916 2377 1060 2450; x_wconf 88' lang='lat' dir='ltr'>sem&#39;per</span> <span class='ocrx_word' id='word_1_161' title='bbox 1085 2365 1154 2429; x_wconf 91' lang='lat' dir='ltr'>tibi</span> <span class='ocrx_word' id='word_1_162' title='bbox 1178 2364 1296 2447; x_wconf 78' lang='lat' dir='ltr'>gloria</span> <span class='ocrx_word' id='word_1_163' title='bbox 1319 2372 1416 2447; x_wconf 88' lang='lat' dir='ltr'>nate,</span> 
     </span>
     <span class='ocr_line' id='line_1_21' title="bbox 341 2474 1117 2539; baseline -0.005 -2"><span class='ocrx_word' id='word_1_164' title='bbox 341 2474 477 2539; x_wconf 88' lang='lat' dir='ltr'>subdidit</span> <span class='ocrx_word' id='word_1_165' title='bbox 511 2507 516 2518; x_wconf 94' lang='lat'><em>·</em></span> <span class='ocrx_word' id='word_1_166' title='bbox 1114 2528 1117 2533; x_wconf 17' lang='grc' dir='ltr'><strong>Α</strong></span> 
     </span>
    </p>

    <p class='ocr_par' dir='ltr' id='par_1_6' title="bbox 342 2559 1776 3200">
     <span class='ocr_line' id='line_1_22' title="bbox 489 2559 1718 2657; baseline -0.002 -17"><span class='ocrx_word' id='word_1_167' title='bbox 489 2559 584 2640; x_wconf 75' lang='lat' dir='ltr'>¹c&#39;um</span> <span class='ocrx_word' id='word_1_168' title='bbox 608 2583 734 2638; x_wconf 87' lang='lat' dir='ltr'>sancto</span> <span class='ocrx_word' id='word_1_169' title='bbox 759 2576 895 2657; x_wconf 86' lang='lat' dir='ltr'>spiritu</span> <span class='ocrx_word' id='word_1_170' title='bbox 920 2575 1038 2656; x_wconf 75' lang='lat' dir='ltr'>gioria</span> <span class='ocrx_word' id='word_1_171' title='bbox 1062 2583 1187 2656; x_wconf 76' lang='lat' dir='ltr'>magna</span> <span class='ocrx_word' id='word_1_172' title='bbox 1210 2575 1318 2656; x_wconf 84' lang='lat' dir='ltr'>patri.</span> <span class='ocrx_word' id='word_1_173' title='bbox 1692 2599 1718 2638; x_wconf 77' lang='lat' dir='ltr'>so</span> 
     </span>
     <span class='ocr_line' id='line_1_23' title="bbox 342 2682 1679 2768; baseline -0.001 -22"><span class='ocrx_word' id='word_1_174' title='bbox 342 2685 468 2765; x_wconf 91' lang='lat' dir='ltr'>spiritus</span> <span class='ocrx_word' id='word_1_175' title='bbox 499 2686 579 2748; x_wconf 89' lang='lat' dir='ltr'>enim</span> <span class='ocrx_word' id='word_1_176' title='bbox 607 2685 735 2768; x_wconf 90' lang='lat' dir='ltr'>primam</span> <span class='ocrx_word' id='word_1_177' title='bbox 764 2682 906 2766; x_wconf 76' lang='lat' dir='ltr'>syllabam</span> <span class='ocrx_word' id='word_1_178' title='bbox 934 2683 1025 2746; x_wconf 90' lang='lat' dir='ltr'>babet</span> <span class='ocrx_word' id='word_1_179' title='bbox 1053 2683 1186 2765; x_wconf 75' lang='lat' dir='ltr'>longam,</span> <span class='ocrx_word' id='word_1_180' title='bbox 1215 2682 1295 2744; x_wconf 90' lang='lat' dir='ltr'>unde</span> <span class='ocrx_word' id='word_1_181' title='bbox 1325 2701 1394 2744; x_wconf 81' lang='lat' dir='ltr'>vera</span> <span class='ocrx_word' id='word_1_182' title='bbox 1420 2683 1542 2763; x_wconf 69' lang='lat' dir='ltr'>⁸scansio</span> <span class='ocrx_word' id='word_1_183' title='bbox 1571 2701 1679 2745; x_wconf 83' lang='lat' dir='ltr'>versus</span> 
     </span>
     <span class='ocr_line' id='line_1_24' title="bbox 344 2783 1678 2876; baseline -0.002 -22"><span class='ocrx_word' id='word_1_184' title='bbox 344 2793 433 2855; x_wconf 87' lang='lat' dir='ltr'>istius</span> <span class='ocrx_word' id='word_1_185' title='bbox 467 2792 542 2856; x_wconf 86' lang='lat' dir='ltr'>baec</span> <span class='ocrx_word' id='word_1_186' title='bbox 576 2801 642 2876; x_wconf 84' lang='lat' dir='ltr'>est,</span> <span class='ocrx_word' id='word_1_187' title='bbox 669 2810 812 2856; x_wconf 90' lang='lat' dir='ltr'>cumsanc</span> <span class='ocrx_word' id='word_1_188' title='bbox 842 2790 1013 2874; x_wconf 86' lang='lat' dir='ltr'>spondeus,</span> <span class='ocrx_word' id='word_1_189' title='bbox 1043 2792 1152 2874; x_wconf 88' lang='lat' dir='ltr'>tospiri</span> <span class='ocrx_word' id='word_1_190' title='bbox 1184 2788 1406 2872; x_wconf 88' lang='lat' dir='ltr'>antibacchius,</span> <span class='ocrx_word' id='word_1_191' title='bbox 1439 2807 1500 2852; x_wconf 92' lang='lat' dir='ltr'>uon</span> <span class='ocrx_word' id='word_1_192' title='bbox 1533 2783 1678 2870; x_wconf 76' lang='lat' dir='ltr'>dac&#39;tylus.</span> 
     </span>
     <span class='ocr_line' id='line_1_25' title="bbox 344 2896 1678 2988; baseline -0.004 -25"><span class='ocrx_word' id='word_1_193' title='bbox 344 2900 397 2963; x_wconf 88' lang='lat' dir='ltr'>sed</span> <span class='ocrx_word' id='word_1_194' title='bbox 427 2911 531 2986; x_wconf 89' lang='lat' dir='ltr'>poeta,</span> <span class='ocrx_word' id='word_1_195' title='bbox 560 2910 593 2964; x_wconf 91' lang='lat' dir='ltr'>ut</span> <span class='ocrx_word' id='word_1_196' title='bbox 621 2901 747 2984; x_wconf 75' lang='lat' dir='ltr'>gloriam</span> <span class='ocrx_word' id='word_1_197' title='bbox 779 2909 900 2964; x_wconf 87' lang='lat' dir='ltr'>sanctae</span> <span class='ocrx_word' id='word_1_198' title='bbox 930 2909 960 2963; x_wconf 92' lang='lat' dir='ltr'>et</span> <span class='ocrx_word' id='word_1_199' title='bbox 987 2899 1158 2988; x_wconf 83' lang='lat' dir='ltr'>individuae</span> <span class='ocrx_word' id='word_1_200' title='bbox 1189 2900 1331 2961; x_wconf 88' lang='lat' dir='ltr'>trinitatis</span> <span class='ocrx_word' id='word_1_201' title='bbox 1360 2897 1441 2961; x_wconf 89' lang='lat' dir='ltr'>clara</span> <span class='ocrx_word' id='word_1_202' title='bbox 1469 2915 1541 2960; x_wconf 85' lang='lat' dir='ltr'>voce</span> <span class='ocrx_word' id='word_1_203' title='bbox 1571 2896 1678 2959; x_wconf 87' lang='lat' dir='ltr'>decan·</span> 
     </span>
     <span class='ocr_line' id='line_1_26' title="bbox 345 3007 1679 3094; baseline -0.004 -22"><span class='ocrx_word' id='word_1_204' title='bbox 345 3018 437 3094; x_wconf 85' lang='lat' dir='ltr'>taret,</span> <span class='ocrx_word' id='word_1_205' title='bbox 465 3010 599 3092; x_wconf 82' lang='lat' dir='ltr'>neglexit</span> <span class='ocrx_word' id='word_1_206' title='bbox 624 3009 761 3092; x_wconf 78' lang='lat' dir='ltr'>regulam</span> <span class='ocrx_word' id='word_1_207' title='bbox 789 3011 1001 3089; x_wconf 78' lang='lat' dir='ltr'>grammaticae</span> <span class='ocrx_word' id='word_1_208' title='bbox 1030 3008 1246 3090; x_wconf 86' lang='lat' dir='ltr'>dispositionis.</span> <span class='ocrx_word' id='word_1_209' title='bbox 1290 3009 1364 3069; x_wconf 88' lang='lat' dir='ltr'>item</span> <span class='ocrx_word' id='word_1_210' title='bbox 1393 3008 1459 3088; x_wconf 87' lang='lat' dir='ltr'>ipse</span> <span class='ocrx_word' id='word_1_211' title='bbox 1486 3007 1518 3070; x_wconf 92' lang='lat' dir='ltr'>in</span> <span class='ocrx_word' id='word_1_212' title='bbox 1544 3008 1679 3069; x_wconf 87' lang='lat' dir='ltr'>carmine</span> 
     </span>
     <span class='ocr_line' id='line_1_27' title="bbox 342 3117 1776 3200; baseline 0.002 -21"><span class='ocrx_word' id='word_1_213' title='bbox 342 3117 475 3200; x_wconf 88' lang='lat' dir='ltr'>paschali</span> <span class='ocrx_word' id='word_1_214' title='bbox 1693 3139 1720 3182; x_wconf 80' lang='lat' dir='ltr'>as</span> <span class='ocrx_word' id='word_1_215' title='bbox 1773 3195 1776 3200; x_wconf 15' lang='grc' dir='ltr'><strong>Δ</strong></span> 
     </span>
    </p>

    <p class='ocr_par' dir='ltr' id='par_1_7' title="bbox 343 3224 1720 3852">
     <span class='ocr_line' id='line_1_28' title="bbox 507 3224 1594 3311; baseline -0.005 -22"><span class='ocrx_word' id='word_1_216' title='bbox 507 3229 560 3291; x_wconf 90' lang='lat' dir='ltr'>sio</span> <span class='ocrx_word' id='word_1_217' title='bbox 584 3230 635 3291; x_wconf 86' lang='lat' dir='ltr'>ait</span> <span class='ocrx_word' id='word_1_218' title='bbox 657 3230 737 3311; x_wconf 90' lang='lat' dir='ltr'>ipse</span> <span class='ocrx_word' id='word_1_219' title='bbox 761 3225 897 3288; x_wconf 88' lang='lat' dir='ltr'>docens</span> <span class='ocrx_word' id='word_1_220' title='bbox 922 3244 987 3308; x_wconf 82' lang='lat' dir='ltr'>ego</span> <span class='ocrx_word' id='word_1_221' title='bbox 1010 3228 1047 3289; x_wconf 92' lang='lat' dir='ltr'>in</span> <span class='ocrx_word' id='word_1_222' title='bbox 1070 3233 1177 3306; x_wconf 85' lang='lat' dir='ltr'>patre</span> <span class='ocrx_word' id='word_1_223' title='bbox 1201 3232 1236 3286; x_wconf 87' lang='lat' dir='ltr'>et</span> <span class='ocrx_word' id='word_1_224' title='bbox 1259 3231 1364 3306; x_wconf 90' lang='lat' dir='ltr'>pater</span> <span class='ocrx_word' id='word_1_225' title='bbox 1387 3224 1424 3285; x_wconf 90' lang='lat' dir='ltr'>in</span> <span class='ocrx_word' id='word_1_226' title='bbox 1446 3239 1501 3284; x_wconf 88' lang='lat' dir='ltr'>me</span> <span class='ocrx_word' id='word_1_227' title='bbox 1525 3231 1594 3284; x_wconf 86' lang='lat' dir='ltr'>est:</span> 
     </span>
     <span class='ocr_line' id='line_1_29' title="bbox 343 3329 1681 3421; baseline -0.004 -23"><span class='ocrx_word' id='word_1_228' title='bbox 343 3337 389 3398; x_wconf 86' lang='lat' dir='ltr'>sic</span> <span class='ocrx_word' id='word_1_229' title='bbox 407 3337 488 3398; x_wconf 86' lang='lat' dir='ltr'>enirn</span> <span class='ocrx_word' id='word_1_230' title='bbox 507 3336 672 3421; x_wconf 78' lang='lat' dir='ltr'>scanditur,</span> <span class='ocrx_word' id='word_1_231' title='bbox 691 3338 735 3399; x_wconf 90' lang='lat' dir='ltr'>sic</span> <span class='ocrx_word' id='word_1_232' title='bbox 754 3337 796 3398; x_wconf 87' lang='lat' dir='ltr'>ait</span> <span class='ocrx_word' id='word_1_233' title='bbox 814 3333 966 3416; x_wconf 76' lang='lat' dir='ltr'>dactylus,</span> <span class='ocrx_word' id='word_1_234' title='bbox 983 3332 1090 3417; x_wconf 92' lang='lat' dir='ltr'>ipsedo</span> <span class='ocrx_word' id='word_1_235' title='bbox 1109 3332 1259 3415; x_wconf 77' lang='lat' dir='ltr'>dactylus,</span> <span class='ocrx_word' id='word_1_236' title='bbox 1279 3350 1370 3395; x_wconf 88' lang='lat' dir='ltr'>oense</span> <span class='ocrx_word' id='word_1_237' title='bbox 1391 3329 1566 3414; x_wconf 85' lang='lat' dir='ltr'>trochaeus,</span> <span class='ocrx_word' id='word_1_238' title='bbox 1589 3333 1681 3413; x_wconf 78' lang='lat' dir='ltr'>giupa</span> 
     </span>
     <span class='ocr_line' id='line_1_30' title="bbox 347 3428 1681 3528; baseline -0.004 -23"><span class='ocrx_word' id='word_1_239' title='bbox 347 3444 500 3525; x_wconf 90' lang='lat' dir='ltr'>spondeus</span> <span class='ocrx_word' id='word_1_240' title='bbox 524 3443 624 3508; x_wconf 86' lang='lat' dir='ltr'>ablata</span> <span class='ocrx_word' id='word_1_241' title='bbox 648 3464 665 3507; x_wconf 96' lang='lat' dir='ltr'>o</span> <span class='ocrx_word' id='word_1_242' title='bbox 690 3463 746 3528; x_wconf 89' lang='lat' dir='ltr'>per</span> <span class='ocrx_word' id='word_1_243' title='bbox 769 3443 969 3527; x_wconf 79' lang='lat' dir='ltr'>synalipbam‚</span> <span class='ocrx_word' id='word_1_244' title='bbox 993 3451 1045 3505; x_wconf 89' lang='lat' dir='ltr'>aut</span> <span class='ocrx_word' id='word_1_245' title='bbox 1068 3444 1094 3504; x_wconf 91' lang='lat' dir='ltr'>si</span> <span class='ocrx_word' id='word_1_246' title='bbox 1118 3441 1265 3504; x_wconf 85' lang='lat' dir='ltr'>scandere</span> <span class='ocrx_word' id='word_1_247' title='bbox 1284 3428 1329 3504; x_wconf 83' lang='lat' dir='ltr'>vis</span> <span class='ocrx_word' id='word_1_248' title='bbox 1349 3437 1354 3522; x_wconf 85' lang='grc' dir='ltr'>Ι</span> <span class='ocrx_word' id='word_1_249' title='bbox 1375 3457 1505 3522; x_wconf 81' lang='lat' dir='ltr'>censego</span> <span class='ocrx_word' id='word_1_250' title='bbox 1525 3447 1557 3502; x_wconf 92' lang='lat' dir='ltr'>et</span> <span class='ocrx_word' id='word_1_251' title='bbox 1579 3440 1681 3502; x_wconf 89' lang='lat' dir='ltr'>iacere</span> 
     </span>
     <span class='ocr_line' id='line_1_31' title="bbox 343 3547 1681 3637; baseline -0.004 -24"><span class='ocrx_word' id='word_1_252' title='bbox 343 3550 508 3637; x_wconf 77' lang='lat' dir='ltr'>dactylum,</span> <span class='ocrx_word' id='word_1_253' title='bbox 537 3563 643 3618; x_wconf 89' lang='lat' dir='ltr'>contra</span> <span class='ocrx_word' id='word_1_254' title='bbox 671 3571 788 3616; x_wconf 91' lang='lat' dir='ltr'>morem</span> <span class='ocrx_word' id='word_1_255' title='bbox 815 3554 912 3635; x_wconf 91' lang='lat' dir='ltr'>ipsius</span> <span class='ocrx_word' id='word_1_256' title='bbox 941 3551 1069 3634; x_wconf 88' lang='lat' dir='ltr'>Sedulii,</span> <span class='ocrx_word' id='word_1_257' title='bbox 1098 3568 1188 3633; x_wconf 88' lang='lat' dir='ltr'>quem</span> <span class='ocrx_word' id='word_1_258' title='bbox 1220 3568 1276 3632; x_wconf 90' lang='lat' dir='ltr'>per</span> <span class='ocrx_word' id='word_1_259' title='bbox 1300 3551 1401 3612; x_wconf 87' lang='lat' dir='ltr'>omnia</span> <span class='ocrx_word' id='word_1_260' title='bbox 1425 3547 1572 3630; x_wconf 82' lang='lat' dir='ltr'>servavit,</span> <span class='ocrx_word' id='word_1_261' title='bbox 1604 3549 1681 3627; x_wconf 79' lang='lat' dir='ltr'>agis,</span> 
     </span>
     <span class='ocr_line' id='line_1_32' title="bbox 348 3655 1720 3741; baseline 0 -19"><span class='ocrx_word' id='word_1_262' title='bbox 348 3669 384 3722; x_wconf 92' lang='lat' dir='ltr'>ut</span> <span class='ocrx_word' id='word_1_263' title='bbox 417 3664 560 3725; x_wconf 89' lang='lat' dir='ltr'>immunis</span> <span class='ocrx_word' id='word_1_264' title='bbox 589 3669 649 3726; x_wconf 89' lang='lat' dir='ltr'>stet</span> <span class='ocrx_word' id='word_1_265' title='bbox 675 3661 787 3725; x_wconf 81' lang='lat' dir='ltr'>vocalis</span> <span class='ocrx_word' id='word_1_266' title='bbox 816 3660 910 3724; x_wconf 85' lang='lat' dir='ltr'>altera</span> <span class='ocrx_word' id='word_1_267' title='bbox 939 3661 1172 3741; x_wconf 87' lang='lat' dir='ltr'>superveniente</span> <span class='ocrx_word' id='word_1_268' title='bbox 1203 3658 1299 3722; x_wconf 78' lang='lat' dir='ltr'>vocali</span> <span class='ocrx_word' id='word_1_269' title='bbox 1331 3658 1369 3721; x_wconf 91' lang='lat' dir='ltr'>de</span> <span class='ocrx_word' id='word_1_270' title='bbox 1402 3657 1486 3720; x_wconf 88' lang='lat' dir='ltr'>ioris.</span> <span class='ocrx_word' id='word_1_271' title='bbox 1537 3655 1618 3720; x_wconf 89' lang='lat' dir='ltr'>idem</span> <span class='ocrx_word' id='word_1_272' title='bbox 1650 3659 1681 3719; x_wconf 91' lang='lat' dir='ltr'>iu</span> <span class='ocrx_word' id='word_1_273' title='bbox 1695 3681 1720 3722; x_wconf 82' lang='lat' dir='ltr'>eo</span> 
     </span>
     <span class='ocr_line' id='line_1_33' title="bbox 348 3763 1543 3852; baseline 0.001 -22"><span class='ocrx_word' id='word_1_274' title='bbox 348 3768 456 3832; x_wconf 86' lang='lat' dir='ltr'>eodem</span> <span class='ocrx_word' id='word_1_275' title='bbox 479 3789 572 3852; x_wconf 91' lang='lat' dir='ltr'>opere</span> <span class='ocrx_word' id='word_1_276' title='bbox 964 3765 971 3772; x_wconf 77' lang='grc'><em>“</em></span> <span class='ocrx_word' id='word_1_277' title='bbox 1540 3763 1543 3771; x_wconf 86' lang='grc'><strong>’</strong></span> 
     </span>
    </p>

    <p class='ocr_par' dir='ltr' id='par_1_8' title="bbox 349 3875 1683 4180">
     <span class='ocr_line' id='line_1_34' title="bbox 512 3875 1433 3959; baseline -0.004 -17"><span class='ocrx_word' id='word_1_278' title='bbox 512 3879 682 3944; x_wconf 78' lang='lat' dir='ltr'>clarifica</span> <span class='ocrx_word' id='word_1_279' title='bbox 706 3879 800 3943; x_wconf 90' lang='lat' dir='ltr'>dixit</span> <span class='ocrx_word' id='word_1_280' title='bbox 823 3897 951 3942; x_wconf 87' lang='lat' dir='ltr'>nomen</span> <span class='ocrx_word' id='word_1_281' title='bbox 976 3886 1076 3942; x_wconf 89' lang='lat' dir='ltr'>tuum</span> <span class='ocrx_word' id='word_1_282' title='bbox 1100 3895 1302 3959; x_wconf 83' lang='lat' dir='ltr'>magnaque</span> <span class='ocrx_word' id='word_1_283' title='bbox 1326 3875 1433 3939; x_wconf 89' lang='lat' dir='ltr'>caela.</span> 
     </span>
     <span class='ocr_line' id='line_1_35' title="bbox 350 3983 1683 4070; baseline -0.002 -21"><span class='ocrx_word' id='word_1_284' title='bbox 350 3988 380 4049; x_wconf 93' lang='lat' dir='ltr'>in</span> <span class='ocrx_word' id='word_1_285' title='bbox 405 4004 484 4070; x_wconf 86' lang='lat' dir='ltr'>quo,</span> <span class='ocrx_word' id='word_1_286' title='bbox 508 3998 543 4051; x_wconf 93' lang='lat' dir='ltr'>ut</span> <span class='ocrx_word' id='word_1_287' title='bbox 566 3992 724 4052; x_wconf 85' lang='lat' dir='ltr'>veritatem</span> <span class='ocrx_word' id='word_1_288' title='bbox 748 3989 891 4052; x_wconf 90' lang='lat' dir='ltr'>dominici</span> <span class='ocrx_word' id='word_1_289' title='bbox 914 3988 1064 4050; x_wconf 91' lang='lat' dir='ltr'>sermonis</span> <span class='ocrx_word' id='word_1_290' title='bbox 1088 3987 1222 4068; x_wconf 89' lang='lat' dir='ltr'>apertius</span> <span class='ocrx_word' id='word_1_291' title='bbox 1246 3983 1484 4066; x_wconf 90' lang='lat' dir='ltr'>commendaret,</span> <span class='ocrx_word' id='word_1_292' title='bbox 1511 3987 1683 4066; x_wconf 92' lang='lat' dir='ltr'>postposuit</span> 
     </span>
     <span class='ocr_line' id='line_1_36' title="bbox 349 4095 1137 4180; baseline -0.003 -22"><span class='ocrx_word' id='word_1_293' title='bbox 349 4095 487 4160; x_wconf 88' lang='lat' dir='ltr'>ordinem</span> <span class='ocrx_word' id='word_1_294' title='bbox 511 4097 687 4180; x_wconf 87' lang='lat' dir='ltr'>disciplinae</span> <span class='ocrx_word' id='word_1_295' title='bbox 712 4095 883 4160; x_wconf 89' lang='lat' dir='ltr'>saecularis.</span> <span class='ocrx_word' id='word_1_296' title='bbox 921 4095 1002 4158; x_wconf 89' lang='lat' dir='ltr'>idem</span> <span class='ocrx_word' id='word_1_297' title='bbox 1025 4097 1137 4156; x_wconf 92' lang='lat' dir='ltr'>iterum</span> 
     </span>
    </p>

    <p class='ocr_par' dir='ltr' id='par_1_9' title="bbox 514 4201 1722 4287">
     <span class='ocr_line' id='line_1_37' title="bbox 514 4201 1722 4287; baseline -0.002 -19"><span class='ocrx_word' id='word_1_298' title='bbox 514 4205 694 4269; x_wconf 91' lang='lat' dir='ltr'>scribitur</span> <span class='ocrx_word' id='word_1_299' title='bbox 718 4215 753 4268; x_wconf 91' lang='lat' dir='ltr'>et</span> <span class='ocrx_word' id='word_1_300' title='bbox 777 4203 924 4287; x_wconf 90' lang='lat' dir='ltr'>titulus,</span> <span class='ocrx_word' id='word_1_301' title='bbox 947 4203 1006 4266; x_wconf 90' lang='lat' dir='ltr'>bio</span> <span class='ocrx_word' id='word_1_302' title='bbox 1030 4212 1086 4266; x_wconf 91' lang='lat' dir='ltr'>est</span> <span class='ocrx_word' id='word_1_303' title='bbox 1110 4221 1171 4265; x_wconf 88' lang='lat' dir='ltr'>rex</span> <span class='ocrx_word' id='word_1_304' title='bbox 1196 4201 1427 4284; x_wconf 87' lang='lat' dir='ltr'>ludaeorum,</span> <span class='ocrx_word' id='word_1_305' title='bbox 1697 4222 1722 4265; x_wconf 81' lang='lat' dir='ltr'>ss</span> 
     </span>
    </p>
   </div>
   <div class='ocr_carea' id='block_1_5' title="bbox 352 4374 1764 4782">
    <p class='ocr_par' dir='ltr' id='par_1_10' title="bbox 405 4374 1685 4532">
     <span class='ocr_line' id='line_1_38' title="bbox 442 4374 1684 4449; baseline -0.005 -11"><span class='ocrx_word' id='word_1_306' title='bbox 442 4387 459 4438; x_wconf 74' lang='lat' dir='ltr'>t</span> <span class='ocrx_word' id='word_1_307' title='bbox 477 4381 509 4438; x_wconf 85' lang='lat' dir='ltr'>in</span> <span class='ocrx_word' id='word_1_308' title='bbox 527 4401 612 4440; x_wconf 85' lang='lat' dir='ltr'>uersu</span> <span class='ocrx_word' id='word_1_309' title='bbox 632 4381 661 4438; x_wconf 92' lang='lat' dir='ltr'><em>P</em></span> <span class='ocrx_word' id='word_1_310' title='bbox 677 4381 708 4438; x_wconf 93' lang='lat' dir='ltr'>in</span> <span class='ocrx_word' id='word_1_311' title='bbox 721 4397 835 4438; x_wconf 86' lang='lat' dir='ltr'>uersum</span> <span class='ocrx_word' id='word_1_312' title='bbox 854 4378 881 4433; x_wconf 99' lang='lat' dir='ltr'><strong><em>L</em></strong></span> <span class='ocrx_word' id='word_1_313' title='bbox 899 4377 930 4434; x_wconf 89' lang='lat' dir='ltr'>in</span> <span class='ocrx_word' id='word_1_314' title='bbox 943 4394 1025 4435; x_wconf 89' lang='lat' dir='ltr'>uerso</span> <span class='ocrx_word' id='word_1_315' title='bbox 1046 4376 1077 4432; x_wconf 96' lang='lat' dir='ltr'><em>F</em></span> <span class='ocrx_word' id='word_1_316' title='bbox 1129 4383 1217 4435; x_wconf 69' lang='lat' dir='ltr'>osen</span> <span class='ocrx_word' id='word_1_317' title='bbox 1234 4375 1325 4449; x_wconf 87' lang='lat' dir='ltr'>lento]</span> <span class='ocrx_word' id='word_1_318' title='bbox 1348 4374 1426 4445; x_wconf 73' lang='lat' dir='ltr'>Vero.</span> <span class='ocrx_word' id='word_1_319' title='bbox 1441 4390 1531 4445; x_wconf 77' lang='lat' dir='ltr'>peorp.</span> <span class='ocrx_word' id='word_1_320' title='bbox 1547 4375 1634 4429; x_wconf 85' lang='lat' dir='ltr'><strong><em>IIII</em></strong></span> <span class='ocrx_word' id='word_1_321' title='bbox 1647 4379 1684 4432; x_wconf 71' lang='lat'>34</span> 
     </span>
     <span class='ocr_line' id='line_1_39' title="bbox 405 4453 1685 4532; baseline -0.006 -12"><span class='ocrx_word' id='word_1_322' title='bbox 405 4464 497 4520; x_wconf 74' lang='lat' dir='ltr'>ohne</span> <span class='ocrx_word' id='word_1_323' title='bbox 516 4463 543 4520; x_wconf 95' lang='lat' dir='ltr'><strong><em>L</em></strong></span> <span class='ocrx_word' id='word_1_324' title='bbox 561 4465 616 4521; x_wconf 87' lang='lat' dir='ltr'>hac</span> <span class='ocrx_word' id='word_1_325' title='bbox 636 4464 665 4521; x_wconf 92' lang='lat' dir='ltr'><em>P</em></span> <span class='ocrx_word' id='word_1_326' title='bbox 681 4465 748 4520; x_wconf 72' lang='lat' dir='ltr'>hanc</span> <span class='ocrx_word' id='word_1_327' title='bbox 769 4463 800 4518; x_wconf 98' lang='lat' dir='ltr'><em>F</em></span> <span class='ocrx_word' id='word_1_328' title='bbox 879 4475 930 4532; x_wconf 85' lang='lat' dir='ltr'>pro</span> <span class='ocrx_word' id='word_1_329' title='bbox 949 4457 1062 4530; x_wconf 78' lang='lat' dir='ltr'>legione</span> <span class='ocrx_word' id='word_1_330' title='bbox 1082 4457 1114 4512; x_wconf 90' lang='lat' dir='ltr'><em>F</em></span> <span class='ocrx_word' id='word_1_331' title='bbox 1194 4464 1210 4513; x_wconf 83' lang='lat' dir='ltr'>s</span> <span class='ocrx_word' id='word_1_332' title='bbox 1237 4457 1308 4514; x_wconf 86' lang='lat' dir='ltr'>alibi</span> <span class='ocrx_word' id='word_1_333' title='bbox 1327 4473 1377 4527; x_wconf 82' lang='lat' dir='ltr'>pro</span> <span class='ocrx_word' id='word_1_334' title='bbox 1396 4455 1478 4511; x_wconf 88' lang='lat' dir='ltr'>breui</span> <span class='ocrx_word' id='word_1_335' title='bbox 1497 4453 1524 4510; x_wconf 94' lang='lat' dir='ltr'><strong><em>L</em></strong></span> <span class='ocrx_word' id='word_1_336' title='bbox 1543 4454 1614 4510; x_wconf 85' lang='lat' dir='ltr'>aiibi</span> <span class='ocrx_word' id='word_1_337' title='bbox 1633 4457 1685 4526; x_wconf 91' lang='lat' dir='ltr'>qui</span> 
     </span>
    </p>

    <p class='ocr_par' dir='ltr' id='par_1_11' title="bbox 352 4536 1764 4782">
     <span class='ocr_line' id='line_1_40' title="bbox 352 4536 1764 4618; baseline -0.004 -17"><span class='ocrx_word' id='word_1_338' title='bbox 352 4548 380 4616; x_wconf 84' lang='lat' dir='ltr'>(q</span> <span class='ocrx_word' id='word_1_339' title='bbox 400 4545 439 4615; x_wconf 89' lang='lat' dir='ltr'>P)</span> <span class='ocrx_word' id='word_1_340' title='bbox 459 4546 554 4617; x_wconf 80' lang='lat' dir='ltr'>potnit</span> <span class='ocrx_word' id='word_1_341' title='bbox 571 4564 624 4618; x_wconf 90' lang='lat' dir='ltr'>pro</span> <span class='ocrx_word' id='word_1_342' title='bbox 642 4545 724 4602; x_wconf 90' lang='lat' dir='ltr'>breui</span> <span class='ocrx_word' id='word_1_343' title='bbox 743 4544 806 4600; x_wconf 91' lang='lat' dir='ltr'>FP</span> <span class='ocrx_word' id='word_1_344' title='bbox 867 4548 901 4598; x_wconf 86' lang='lat' dir='ltr'>to</span> <span class='ocrx_word' id='word_1_345' title='bbox 920 4539 1040 4600; x_wconf 67' lang='lat' dir='ltr'>omittet</span> <span class='ocrx_word' id='word_1_346' title='bbox 1058 4557 1127 4597; x_wconf 84' lang='lat' dir='ltr'>corr.</span> <span class='ocrx_word' id='word_1_347' title='bbox 1147 4539 1278 4597; x_wconf 80' lang='lat' dir='ltr'>basilissa</span> <span class='ocrx_word' id='word_1_348' title='bbox 1299 4537 1329 4594; x_wconf 93' lang='lat' dir='ltr'><em>F</em></span> <span class='ocrx_word' id='word_1_349' title='bbox 1401 4543 1433 4592; x_wconf 80' lang='lat' dir='ltr'>te</span> <span class='ocrx_word' id='word_1_350' title='bbox 1453 4536 1522 4608; x_wconf 85' lang='lat' dir='ltr'>quid</span> <span class='ocrx_word' id='word_1_351' title='bbox 1540 4536 1684 4607; x_wconf 78' lang='lat' dir='ltr'>dactylico</span> <span class='ocrx_word' id='word_1_352' title='bbox 1756 4597 1764 4612; x_wconf 60' lang='lat'><em>,</em></span> 
     </span>
     <span class='ocr_line' id='line_1_41' title="bbox 353 4616 1685 4700; baseline -0.008 -17"><span class='ocrx_word' id='word_1_353' title='bbox 353 4628 536 4700; x_wconf 84' lang='lat' dir='ltr'>spondeoque</span> <span class='ocrx_word' id='word_1_354' title='bbox 549 4645 619 4686; x_wconf 84' lang='lat' dir='ltr'>corr.</span> <span class='ocrx_word' id='word_1_355' title='bbox 635 4627 711 4699; x_wconf 90' lang='lat' dir='ltr'>quod</span> <span class='ocrx_word' id='word_1_356' title='bbox 730 4625 904 4696; x_wconf 83' lang='lat' dir='ltr'>dactylicum</span> <span class='ocrx_word' id='word_1_357' title='bbox 922 4623 1138 4694; x_wconf 86' lang='lat' dir='ltr'>spondeumque</span> <span class='ocrx_word' id='word_1_358' title='bbox 1155 4621 1184 4675; x_wconf 95' lang='lat' dir='ltr'><em>P</em></span> <span class='ocrx_word' id='word_1_359' title='bbox 1237 4627 1271 4676; x_wconf 81' lang='lat' dir='ltr'>lt</span> <span class='ocrx_word' id='word_1_360' title='bbox 1291 4616 1471 4675; x_wconf 87' lang='lat' dir='ltr'>meminimus</span> <span class='ocrx_word' id='word_1_361' title='bbox 1490 4617 1518 4672; x_wconf 96' lang='lat' dir='ltr'><strong><em>L</em></strong></span> <span class='ocrx_word' id='word_1_362' title='bbox 1573 4621 1608 4672; x_wconf 74' lang='lat' dir='ltr'>tt</span> <span class='ocrx_word' id='word_1_363' title='bbox 1627 4618 1685 4689; x_wconf 88' lang='lat' dir='ltr'>pri·</span> 
     </span>
     <span class='ocr_line' id='line_1_42' title="bbox 353 4697 1684 4782; baseline -0.006 -18"><span class='ocrx_word' id='word_1_364' title='bbox 353 4725 429 4765; x_wconf 79' lang='lat' dir='ltr'>mam</span> <span class='ocrx_word' id='word_1_365' title='bbox 449 4709 536 4767; x_wconf 73' lang='lat' dir='ltr'>nabot</span> <span class='ocrx_word' id='word_1_366' title='bbox 554 4710 696 4782; x_wconf 72' lang='lat' dir='ltr'>syllabam</span> <span class='ocrx_word' id='word_1_367' title='bbox 715 4709 832 4780; x_wconf 76' lang='lat' dir='ltr'>longam</span> <span class='ocrx_word' id='word_1_368' title='bbox 852 4705 883 4762; x_wconf 88' lang='lat' dir='ltr'><em>F</em></span> <span class='ocrx_word' id='word_1_369' title='bbox 949 4710 985 4760; x_wconf 81' lang='lat' dir='ltr'>et</span> <span class='ocrx_word' id='word_1_370' title='bbox 1002 4704 1073 4759; x_wconf 86' lang='lat' dir='ltr'>ibcm</span> <span class='ocrx_word' id='word_1_371' title='bbox 1093 4704 1143 4772; x_wconf 81' lang='lat' dir='ltr'>Lf</span> <span class='ocrx_word' id='word_1_372' title='bbox 1157 4703 1233 4760; x_wconf 90' lang='lat' dir='ltr'>idem</span> <span class='ocrx_word' id='word_1_373' title='bbox 1253 4701 1315 4758; x_wconf 87' lang='lat' dir='ltr'>FP</span> <span class='ocrx_word' id='word_1_374' title='bbox 1375 4705 1410 4755; x_wconf 79' lang='lat'>26</span> <span class='ocrx_word' id='word_1_375' title='bbox 1429 4700 1473 4754; x_wconf 77' lang='lat' dir='ltr'>esi</span> <span class='ocrx_word' id='word_1_376' title='bbox 1491 4713 1542 4754; x_wconf 84' lang='lat' dir='ltr'>out.</span> <span class='ocrx_word' id='word_1_377' title='bbox 1557 4697 1600 4766; x_wconf 89' lang='lat' dir='ltr'>·F,</span> <span class='ocrx_word' id='word_1_378' title='bbox 1619 4701 1684 4756; x_wconf 83' lang='lat' dir='ltr'>odd.</span> 
     </span>
    </p>
   </div>
   <div class='ocr_carea' id='block_1_6' title="bbox 354 4777 1686 4857">
    <p class='ocr_par' dir='ltr' id='par_1_12' title="bbox 354 4777 1686 4857">
     <span class='ocr_line' id='line_1_43' title="bbox 354 4777 1686 4857; baseline -0.011 -5"><span class='ocrx_word' id='word_1_379' title='bbox 354 4791 441 4852; x_wconf 75' lang='lat' dir='ltr'>sLP</span> <span class='ocrx_word' id='word_1_380' title='bbox 511 4798 546 4848; x_wconf 81' lang='lat' dir='ltr'>ut</span> <span class='ocrx_word' id='word_1_381' title='bbox 567 4791 713 4850; x_wconf 82' lang='lat' dir='ltr'>scanditur</span> <span class='ocrx_word' id='word_1_382' title='bbox 730 4808 781 4848; x_wconf 83' lang='lat' dir='ltr'>om.</span> <span class='ocrx_word' id='word_1_383' title='bbox 801 4788 839 4857; x_wconf 87' lang='lat' dir='ltr'>F,</span> <span class='ocrx_word' id='word_1_384' title='bbox 858 4786 961 4854; x_wconf 74' lang='lat' dir='ltr'>adds</span> <span class='ocrx_word' id='word_1_385' title='bbox 1042 4789 1077 4839; x_wconf 71' lang='lat'>29</span> <span class='ocrx_word' id='word_1_386' title='bbox 1098 4783 1224 4840; x_wconf 83' lang='lat' dir='ltr'>seruauit</span> <span class='ocrx_word' id='word_1_387' title='bbox 1242 4781 1369 4855; x_wconf 79' lang='lat' dir='ltr'>regulam</span> <span class='ocrx_word' id='word_1_388' title='bbox 1389 4779 1464 4850; x_wconf 81' lang='lat' dir='ltr'>egis,</span> <span class='ocrx_word' id='word_1_389' title='bbox 1482 4777 1530 4835; x_wconf 83' lang='lat' dir='ltr'>sed</span> <span class='ocrx_word' id='word_1_390' title='bbox 1547 4785 1686 4850; x_wconf 68' lang='lat' dir='ltr'>wpuncto</span> 
     </span>
    </p>
   </div>
   <div class='ocr_carea' id='block_1_7' title="bbox 353 4860 1688 4954">
    <p class='ocr_par' dir='ltr' id='par_1_13' title="bbox 353 4860 1688 4954">
     <span class='ocr_line' id='line_1_44' title="bbox 353 4860 1688 4954; baseline -0.008 -17"><span class='ocrx_word' id='word_1_391' title='bbox 353 4881 483 4954; x_wconf 72' lang='lat' dir='ltr'>regulam</span> <span class='ocrx_word' id='word_1_392' title='bbox 502 4881 531 4936; x_wconf 84' lang='lat' dir='ltr'><em>P</em></span> <span class='ocrx_word' id='word_1_393' title='bbox 604 4889 639 4939; x_wconf 85' lang='lat' dir='ltr'>so</span> <span class='ocrx_word' id='word_1_394' title='bbox 658 4885 691 4939; x_wconf 85' lang='lat' dir='ltr'>ut</span> <span class='ocrx_word' id='word_1_395' title='bbox 709 4879 877 4938; x_wconf 74' lang='lat' dir='ltr'>immutet</span> <span class='ocrx_word' id='word_1_396' title='bbox 896 4875 928 4932; x_wconf 78' lang='lat' dir='ltr'><em>F</em></span> <span class='ocrx_word' id='word_1_397' title='bbox 1008 4881 1041 4931; x_wconf 84' lang='lat' dir='ltr'>aa</span> <span class='ocrx_word' id='word_1_398' title='bbox 1061 4860 1191 4947; x_wconf 72' lang='lat' dir='ltr'>piponut</span> <span class='ocrx_word' id='word_1_399' title='bbox 1208 4875 1236 4929; x_wconf 83' lang='grc' dir='ltr'><strong><em>Ρ</em></strong></span> <span class='ocrx_word' id='word_1_400' title='bbox 1324 4877 1359 4928; x_wconf 87' lang='lat' dir='ltr'>ao</span> <span class='ocrx_word' id='word_1_401' title='bbox 1377 4869 1480 4927; x_wconf 69' lang='lat' dir='ltr'>ututur</span> <span class='ocrx_word' id='word_1_402' title='bbox 1498 4884 1569 4933; x_wconf 76' lang='lat' dir='ltr'>eon.</span> <span class='ocrx_word' id='word_1_403' title='bbox 1589 4869 1638 4927; x_wconf 79' lang='lat' dir='ltr'>-m</span> <span class='ocrx_word' id='word_1_404' title='bbox 1657 4870 1688 4926; x_wconf 73' lang='lat' dir='ltr'><em>F</em></span> 
     </span>
    </p>
   </div>
   <div class='ocr_carea' id='block_1_8' title="bbox 0 0 1815 5486">
    <p class='ocr_par' dir='ltr' id='par_1_14' title="bbox 0 0 1815 5486">
     <span class='ocr_line' id='line_1_45' title="bbox 0 0 1815 5486; baseline 0 0"><span class='ocrx_word' id='word_1_405' title='bbox 0 0 1815 5486; x_wconf 95' lang='lat' dir='ltr'> </span> 
     </span>
    </p>
   </div>
  </div>
 </body>
</html>
