3616 5482
330 313 395 381 166
587 381 593 386 ,
878 309 1113 370 cessiononn
1228 357 1231 364 .

254 481 260 490 Ι
329 427 352 466 n.
366 417 421 460 ma
435 415 460 457 1¹.

329 503 413 578 iacit,
438 519 498 583 quo
526 499 613 564 modo
637 503 728 583 pingo
752 502 844 583 pinxi.
882 509 913 562 ct
937 509 1036 562 tamen
1060 501 1174 562 nomini
1199 500 1278 581 qrrod
1309 499 1380 564 bine
1403 501 1527 582 tingitur
1550 501 1594 562 sic
1618 490 1663 562 iri·

330 618 442 673 sertam
467 608 603 674 ridemus
622 621 647 672 u
670 609 817 692 litteram,
842 618 875 672 ut
898 607 984 671 evelli
1008 626 1070 681 nou
1092 611 1206 693 possit,
1229 611 1309 672 sicut
1332 609 1411 691 apud
1436 607 1566 673 eundem
1591 607 1664 670 Ver·

195 721 219 734 '‘
327 717 432 800 gilium
463 713 516 781 ‘et
550 720 699 800 pinguis
735 719 896 800 unguine
929 711 1065 800 eeras’3
1099 717 1131 780 et
1162 719 1193 780 in
1230 716 1450 781 consuetudine
1481 722 1664 799 usurpatum

157 4805 158 4810 η
257 4847 262 4853 ’
335 4847 449 4920 quoN

329 834 516 908 unguentum
542 824 669 902 dicitur,
693 825 777 908 quod
797 835 898 890 tamen
922 827 988 888 sine
1013 845 1033 889 u
1056 825 1148 889 debet
1171 825 1272 889 scribi

420 932 546 1016 Leprosi
565 951 581 995 a
600 936 721 1016 pruritu
739 936 833 1002 nimio
853 935 949 1016 ipsius
969 933 1081 996 scabiei
1100 933 1173 996 dicti
1192 943 1277 1018 sunt,
1306 941 1336 996 et
1359 933 1427 996 ideo
1451 954 1507 1018 per
1525 954 1544 1018 p
1568 933 1663 998 scribi
1679 952 1714 1010 ⁵¹

264 1095 267 1103 .
327 1039 448 1104 debent.
1215 1114 1222 1123 ,

419 1148 499 1228 blilie
519 1169 665 1214 numerus
685 1170 702 1214 a
721 1147 901 1232 quibusdam
925 1152 1123 1249 pcrounuml
1147 1150 1306 1235 scribitur,
1331 1153 1400 1232 quia
1420 1151 1501 1213 milia
1525 1151 1665 1236 dicimus,

327 1276 388 1320 non
414 1255 520 1339 millia,
544 1257 594 1322 aiii
619 1258 726 1322 melius
749 1277 805 1340 per
829 1256 889 1320 duo
914 1257 924 1320 l
948 1261 1120 1323 existimant
1144 1258 1347 1323 scribendum.
1376 1267 1380 1276 '
1568 1257 1569 1262 ’

421 1477 434 1526 t
461 1472 491 1527 et
514 1473 611 1528 umen
629 1469 746 1526 nomina
764 1483 836 1539 quae
861 1468 903 1534 (in
921 1485 1009 1538 marn.
1027 1467 1047 1522 1·
1067 1467 1154 1538 quod)
1173 1457 1240 1524 hine'
1258 1467 1377 1540 iinmtur
1394 1468 1422 1523 Β
1441 1471 1585 1528 ettamen
1607 1489 1666 1528 non

327 1552 426 1624 ntique
447 1551 556 1608 nomini
574 1549 652 1621 quod
676 1551 760 1621 (quae
781 1547 817 1618 0)
842 1547 909 1604 hino
931 1547 1049 1620 lingitur
1062 1546 1131 1618 AO,
1157 1551 1301 1606 ettamen
1320 1549 1351 1604 in
1370 1551 1484 1608 nomine
1503 1552 1577 1623 quod
1597 1552 1666 1609 hine

327 1632 445 1705 fingitur
472 1631 566 1687 Velius
584 1631 700 1702 Laupas
791 1629 1028 1688 audemusne
1047 1629 1171 1687 uidimus
1192 1628 1252 1686 Bo
1340 1633 1409 1686 itai
1428 1629 1554 1706 pinguis]
1583 1633 1665 1706 Vera.

326 1731 416 1787 peorp.
438 1713 501 1770 ΙΙΙ
519 1717 575 1770 450
667 1710 756 1784 ungui
778 1727 896 1768 neceras
919 1713 947 1768 A
971 1710 1041 1783 ungi
1063 1711 1185 1768 necedna
1207 1711 1231 1768 0
1253 1712 1379 1784 sangnine
1401 1713 1483 1769 tedes
1502 1713 1554 1773 Βς
1634 1716 1666 1772 in

328 1793 561 1854 consuetudinem
581 1792 648 1850 Pur.
668 1808 685 1852 s
704 1799 730 1850 et
748 1794 836 1850 deleta
855 1812 884 1850 rn
902 1794 930 1849 Β
986 1795 1180 1866 tangentum
1199 1808 1270 1850 corr.
1290 1795 1467 1864 unguentum
1485 1795 1513 1850 Β
1586 1795 1666 1865 quod

328 1879 427 1933 tumen
442 1891 459 1936 s
476 1875 545 1932 Por.
565 1891 639 1946 qnae
654 1877 751 1932 temen
764 1874 824 1931 BG
836 1876 946 1947 quirent
960 1875 989 1932 A
1043 1875 1150 1932 debent
1167 1875 1197 1931 A
1250 1880 1267 1931 t
1287 1873 1461 1949 aproritus
1510 1877 1669 1936 scabiaeG

380 1957 496 2030 iouia]
516 1975 591 2027 qu..
610 1975 681 2014 corr.
696 1956 764 2028 quia
782 1957 824 2026 B,
844 1957 920 2029 qnod
939 1959 1024 2015 mdes
1041 1957 1270 2014 Hennensium

791 2285 979 2358 unsruuu
997 2299 1047 2358 nn
1067 2300 1090 2355 s
1110 2299 1203 2357 nrv

327 2473 419 2534 tionis
442 2470 552 2533 latinae
578 2472 659 2533 visus
683 2479 731 2532 est
760 2489 821 2533 non
850 2471 959 2554 lutilis,
987 2480 1134 2553 quamum
1159 2478 1265 2533 natura
1290 2473 1485 2557 ministravit,
1510 2482 1664 2555 exponere

327 2579 458 2642 duorum
481 2579 586 2660 gratia.
624 2596 660 2640 ex
680 2577 737 2641 hoc
757 2581 842 2641 enim
862 2579 1007 2661 prodesse
1027 2578 1150 2660 quidem
1174 2577 1246 2641 licet
1269 2597 1359 2660 parva
1382 2580 1554 2662 legentibus
1572 2592 1664 2664 atque

329 2685 548 2769 scribentibus,
571 2695 725 2749 aeternam
745 2705 816 2748 rero
839 2685 965 2769 gloriam
986 2697 1089 2750 nostro
1114 2686 1209 2749 labori
1232 2705 1338 2768 parare
1360 2690 1426 2751 sine
1450 2687 1543 2752 dubio
1566 2690 1664 2753 credi·

326 2815 402 2860 mus.
421 2783 425 2788 ⁸
444 2793 571 2878 syllabas
590 2796 683 2878 igitur
702 2797 793 2858 unius
813 2795 962 2886 cuiusque
981 2793 1123 2858 dictionis
1143 2813 1235 2876 supra
1254 2794 1343 2859 dietis
1366 2795 1477 2860 litteris
1496 2817 1664 2862 accommo-

326 2904 412 2968 datas
431 2905 493 2966 sive
514 2905 611 2987 capite
636 2902 787 2985 fulgentes
807 2906 868 2966 sive
888 2902 987 2966 medio
1008 2902 1128 2966 vallatas
1148 2923 1202 2966 seu
1226 2905 1316 2967 finem
1341 2903 1547 2990 observantes,
1570 2926 1693 2988 quan-s

327 3021 391 3075 turn
424 3013 502 3075 ratio
536 3013 692 3094 exposcit,
732 3011 928 3074 tractabimus
962 3013 1107 3094 inspeetis
1141 3015 1304 3094 praecipue
1338 3011 1499 3094 diligenter
1532 3017 1665 3097 antiquis

252 3105 256 3114 ’
325 3118 530 3203 exemplariis,
559 3115 636 3200 quae
665 3130 737 3181 suut
765 3139 781 3182 a
805 3123 918 3183 nostris
945 3119 1143 3182 iamdudum
1172 3118 1297 3201 probata
1322 3104 1495 3183 maioribus.
1540 3131 1570 3186 et
1595 3127 1664 3205 quia

326 3233 391 3292 sine
421 3227 569 3292 vocalium
596 3229 702 3291 ordine
731 3227 859 3310 syllabas
887 3247 977 3310 posse
1006 3226 1088 3290 nullo
1117 3225 1206 3290 modo
1235 3207 1402 3292 consistere
1437 3231 1503 3311 ipsa
1531 3233 1665 3320 primum

325 3346 447 3421 tratura,
475 3336 717 3410 institutionibus
746 3335 854 3399 deinde
884 3337 1117 3418 praeceptisque
1145 3334 1306 3399 doctorum
1334 3337 1476 3400 instructi
1508 3341 1664 3420 cognosci·

327 3464 394 3509 mus
424 3443 503 3525 [turn
532 3443 709 3529 vocaliumJ,
738 3465 793 3528 pro
823 3463 927 3507 earum
956 3444 1100 3527 dignitate
1128 3445 1283 3526 inceptum
1308 3447 1409 3530 operis
1437 3444 1564 3508 huiusce
1592 3467 1663 3530 pro·
1680 3473 1708 3510 io

326 3573 483 3638 ponemus.
521 3571 636 3617 summa
665 3556 767 3636 itaque
796 3562 827 3617 et
854 3553 1004 3635 generalis
1033 3564 1137 3617 nostra
1165 3553 1271 3615 divisio
1301 3555 1332 3615 in
1362 3556 1484 3617 nomine
1508 3553 1663 3638 verboque

325 3662 521 3745 spectabitur.
559 3661 612 3726 sed
638 3661 693 3725 irae
714 3681 835 3744 quinque
854 3673 958 3744 partes
976 3659 1149 3724 dividentur
1169 3663 1330 3744 trifariam,
1354 3660 1384 3723 id
1408 3663 1509 3725 estin
1534 3665 1663 3745 primam

325 3772 470 3855 mediam,
487 3779 577 3852 atque
613 3771 748 3835 ultimam
781 3769 942 3854 syllabam,
975 3769 1049 3832 haec
1082 3768 1256 3832 distributio
1291 3771 1426 3850 quamvis
1459 3771 1538 3852 apud
1571 3771 1664 3834 Grae·

325 3898 377 3942 cos
401 3878 572 3942 Herodiano
597 3878 757 3960 displicuit.
805 3888 835 3941 et
865 3880 997 3960 primurn
1021 3879 1201 3970 incipiamus
1224 3876 1261 3940 de
1286 3881 1407 3940 nomine
1436 3897 1471 3941 ae
1499 3877 1536 3942 dc
1565 3882 1664 3961 prima

326 3989 456 4050 nominis
484 3985 611 4070 syllaba,
641 3995 819 4050 exercentes
847 3985 960 4067 ubique
988 3983 1105 4047 scilieet
1134 3985 1364 4068 nominativum,
1393 3987 1473 4067 quod
1501 3985 1551 4049 alii
1575 4007 1665 4052 casus
1682 4013 1709 4054 rs

326 4095 514 4160 notabuntur
553 4094 700 4158 similiter.
747 4104 778 4156 et
816 4095 957 4174 quioniam
995 4094 1026 4154 in
1065 4091 1245 4173 quibusdam
1281 4095 1373 4156 istium
1411 4094 1541 4158 deiicere
1581 4099 1665 4158 novi·

324 4211 407 4288 niuis,
444 4223 499 4286 per
536 4222 744 4286 quoscumque
776 4221 864 4265 casus
899 4203 1102 4284 inveniemus,
1138 4200 1187 4264 illa
1221 4221 1342 4284 quoque
1376 4205 1496 4266 nomina
1534 4211 1665 4268 tractare

328 4313 550 4395 temptabimus.

415 4529 431 4578 2
457 4523 543 4597 enim]
571 4523 623 4580 ein'
641 4523 684 4594 N,
708 4540 760 4580 orn.
785 4523 819 4577 P
902 4535 992 4592 parva
1016 4520 1045 4576 P
1066 4531 1139 4592 pura
1163 4521 1198 4576 N
1287 4529 1303 4578 9
1328 4522 1489 4595 praeceptis
1509 4540 1583 4595 quae
1600 4523 1671 4580 NP

372 4608 414 4659 10
443 4607 506 4662 tum
537 4605 680 4663 vocalium
709 4622 760 4661 om.
786 4602 815 4658 P
920 4602 1066 4672 inceptum
1096 4601 1190 4674 operis
1219 4601 1335 4658 huiusce
1363 4620 1555 4676 proponemus
1581 4606 1610 4660 P
1636 4605 1669 4662 in

329 4685 437 4757 optimo
457 4686 550 4758 operis
574 4685 691 4742 hninme
716 4683 900 4757 proponimus
920 4683 954 4739 N
1022 4685 1072 4738 ‘tt
1095 4681 1270 4754 spectabitur
1295 4683 1351 4738 sed·
1369 4683 1440 4741 haee
1464 4702 1578 4758 qnoque
1602 4703 1668 4758 par-

327 4769 370 4823 tes
394 4766 557 4826 dividentur
575 4766 604 4822 P
626 4767 782 4824 sectabitur
801 4764 852 4822 sed
870 4766 941 4821 haec
960 4781 1072 4836 quoque
1091 4767 1189 4836 portes
1208 4763 1367 4821 dividentes
1386 4765 1421 4820 N
1492 4774 1526 4825 ts
1545 4768 1624 4839 qnod
1642 4770 1673 4827 P
