3610 5482
635 303 999 398 11011111111111
1257 360 1271 386 ,-
1467 339 1486 406 1

146 532 246 594 veniri
264 531 412 620 potuisse,
436 547 474 592 ne
493 527 568 590 haec
587 527 711 611 quidem
729 537 799 611 post
817 531 968 610 cognitam
987 528 1152 592 Bernensis
1171 527 1284 593 codicis
1303 531 1486 612 scripturam

144 638 316 722 quidquam
338 640 408 700 nori
432 635 470 700 ad
493 639 670 710 memoriam
694 655 786 701 manu
809 638 994 720 scriptorum
1014 635 1162 701 librorum
1182 636 1304 703 addunt.
1328 647 1487 721 praeterea

145 745 267 810 sarhieci
289 743 422 810 indicem
445 764 552 809 eornm
576 745 723 831 locorum,
745 747 778 808 in
802 744 914 828 quihus
937 745 1062 809 eaedem
1080 763 1131 808 res
1150 744 1187 807 ab
1206 747 1273 828 ipso
1291 750 1486 829 grammatico

144 863 328 919 tractantur.
366 873 436 918 nam
459 854 496 918 ad
520 853 655 936 reliquos
678 855 890 936 grammaticos
914 853 1028 936 quide
1053 852 1160 918 iisdem
1184 850 1277 918 rehus
1297 855 1488 936 scripserunt

145 964 196 1028 rel
218 963 328 1028 11111111
350 961 486 1027 lontibus
511 971 601 1046 atque
621 962 756 1026 Scaurus
780 965 828 1026 usi
851 971 924 1026 sunt
947 981 1012 1025 eam
1037 980 1160 1046 operam
1185 973 1362 1027 convertere
1387 964 1486 1028 influi-

146 1083 214 1136 tum
242 1073 315 1157 luit,
342 1091 525 1154 quamquam
554 1073 664 1136 horum
693 1074 877 1155 comparatio
902 1071 939 1134 ad
968 1082 1143 1155 corruptam
1172 1074 1355 1155 scripturam
1383 1091 1485 1137 emen·

145 1181 277 1244 dandam
309 1181 483 1265 plurimum.
506 1179 633 1264 proluit.
675 1183 707 1244 in
740 1183 805 1264 ipsa
837 1180 1047 1244 emendatione
1079 1190 1195 1264 autem,
1225 1183 1361 1263 quamvis
1392 1183 1485 1245 sciam

145 1290 236 1373 plura
265 1308 365 1371 quam·
384 1291 449 1372 ipse
479 1292 599 1352 correxi
628 1290 715 1353 iacile
744 1293 857 1372 corrigi
880 1309 985 1372 posse,
1009 1298 1110 1352 tamen
1134 1289 1257 1353 modum
1281 1289 1485 1354 adhibendum

147 1417 217 1462 esse
240 1401 356 1482 censui,
378 1408 540 1482 propterea
564 1397 646 1480 quod
670 1397 782 1462 librum
806 1417 866 1471 non
891 1398 989 1461 solum
1009 1415 1114 1460 errore
1134 1396 1287 1462 scribendi
1306 1408 1486 1481 corruptum
1574 1435 1579 1448 ι

146 1505 203 1570 sed
231 1509 323 1570 etiam
350 1505 534 1589 excerpendi
562 1505 752 1588 neglegentia
775 1506 971 1592 depravatum
996 1523 1064 1568 esse
1088 1507 1237 1570 existimo.
1275 1525 1370 1588 quare
1394 1513 1514 1590 quae·‘

146 1615 217 1678 dam
245 1618 383 1697 quaein
411 1617 491 1680 iusta
519 1623 551 1678 et
577 1615 667 1698 digna
701 1623 803 1680 vetera
839 1617 1036 1697 grammatico
1065 1614 1236 1679 elocutione
1268 1615 1393 1680 serenda
1423 1635 1485 1680 non

146 1733 221 1786 sunt
242 1723 417 1806 relinquere
440 1742 530 1806 quam
554 1727 681 1788 incertis
705 1721 891 1789 coniecturis
914 1731 1064 1805 temptare
1087 1722 1188 1787 malua
1370 1804 1380 1818 .

238 1832 418 1897 Terentium
442 1833 591 1898 Scaurum
614 1833 759 1898 Hadriani
783 1832 972 1916 temporibus
1000 1834 1230 1914 grammaticum
1258 1833 1305 1896 rei
1333 1833 1484 1898 nobilissi-

147 1959 231 2004 mum
257 1943 351 2006 luisse
375 1944 549 2007 testimonio
572 1952 693 2006 constat
716 1941 803 2006 Gellii
827 1949 907 2005 noct
926 1951 978 2004 att
998 1939 1039 2004 Xl
1061 1938 1111 2025 15,
1139 1944 1191 2024 qui
1210 1960 1282 2006 eum
1300 1941 1338 2006 de
1357 1941 1484 2008 Caeselli

146 2050 305 2114 erroribus
334 2053 493 2134 scripsisse
522 2052 627 2115 refert
664 2051 771 2114 eodem
798 2052 933 2134 pertinet
953 2047 1086 2136 ¹Capitol.
1116 2051 1166 2112 rit
1189 2047 1257 2112 Ver.
1281 2052 1387 2132 imper.
1412 2069 1437 2115 c.
1461 2049 1483 2116 2

146 2163 269 2223 11111111
287 2161 477 2224 &cunnum
493 2163 892 2239 promnnncnnaiattnom,
916 2160 1035 2222 811111·
1052 2162 1161 2237 nilum,
1184 2163 1240 2236 qni
1259 2163 1485 2237 orommoticns

146 2269 310 2332 Hadriani
328 2268 400 2348 suit.
438 2287 623 2351 praenomen
638 2267 744 2342 Quinti
759 2267 806 2330 bis
820 2271 924 2350 posuit
937 2266 1031 2331 iulius
1046 2266 1200 2331 Romanus
1220 2266 1298 2348 apud
1314 2265 1484 2332 charisium

145 2395 174 2460 p.
189 2374 267 2470 202,
282 2375 326 2442 28
345 2387 377 2440 et
396 2373 472 2460 210,
486 2373 541 2460 21,
560 2379 616 2440 uli
639 2380 670 2452 Q.
690 2377 852 2440 Terentius
871 2378 1013 2440 8111111
1033 2380 1065 2438 in
1084 2361 1314 2439 commentariis
1333 2379 1365 2438 in
1384 2387 1484 2442 artem

3 2473 4 2558 J
142 2490 299 2566 poeticam
331 2488 412 2549 lihro
440 2485 481 2548 Χ.
518 2483 600 2548 idem
633 2484 740 2548 Scauri
774 2483 868 2547 libros
899 2487 973 2547 artis
1003 2485 1215 2566 grammaticae
1246 2483 1293 2546 bis
1326 2484 1485 2567 appellauit

146 2612 175 2677 p.
196 2590 310 2677 133‚.1
336 2589 535 2676 1113616.
560 2592 769 2658 adnotationes
798 2594 865 2656 eins
888 2595 919 2656 in
939 2591 1103 2675 Vergilium
1127 2611 1239 2675 paucae
1264 2593 1387 2656 relictae
1412 2601 1484 2658 sunt
1610 2633 1613 2640 -

146 2703 177 2762 in
203 2699 325 2764 scholiis
352 2699 593 2784 Veronensibus,
623 2700 659 2763 de
687 2699 799 2782 quihus
819 2699 1004 2764 llibheclxius
1029 2700 1105 2783 prol
1129 2703 1162 2763 in
1186 2699 1272 2783 Verg.
1295 2721 1324 2784 p.
1351 2698 1414 2766 171
1438 2720 1483 2784 sq.

146 2809 318 2891 disputavit
350 2793 509 2891 praeterea
536 2808 636 2872 Plauti
666 2808 781 2872 fabulas
809 2811 1028 2892 interpretatus
1058 2827 1125 2871 esse
1149 2811 1323 2872 testimonio
1347 2809 1484 2874 creditur

147 2917 262 3000 llnlini,
291 2920 344 2999 qui
371 2936 482 2982 nomen
510 2921 699 3001 grammatici
728 2936 787 2982 aina
816 2937 886 2980 cnm
914 2919 1065 3000 excerptis
1094 2936 1131 2980 ex
1156 2917 1300 2981 Sisennae
1330 2936 1482 2982 commen·

147 3028 231 3090 tariis
254 3025 414 3109 appellavit
437 3045 544 3090 comm
568 3028 600 3088 in
624 3035 713 3089 metr.
737 3024 859 3088 Terent.
883 3045 912 3108 p.
936 3023 1018 3108 560,
1041 3023 1094 3103 27,
1119 3027 1252 3089 sesenna
1276 3031 1309 3090 in
1333 3045 1482 3091 commen·

146 3137 229 3198 tario
262 3136 395 3198 Poennlc'
426 3135 592 3198 Plautinae
621 3134 754 3214 [noaino
784 3167 822 3180 -··
855 3139 887 3197 in
917 3136 1070 3198 Pseudulo
1100 3139 1147 3198 n'c
1177 3130 1291 3198 ‘moloc‘
1318 3133 1484 3233 denipsocg

145 3247 237 3307 111111·
259 3239 380 3308 consu?
417 3246 560 3308 scanno
585 3249 615 3306 in
640 3246 748 3308 endem
769 3243 882 3321 sabain
904 3247 964 3321 alc,
996 3237 1097 3306 ‘nnnc
1125 3247 1202 3306 inm:
1231 3249 1293 3307 inm
1322 3247 1426 3307 divisit
1450 3249 1482 3308 in
1562 3247 1575 3280 ·’

145 3356 225 3416 duos
252 3355 391 3434 syttnhm
418 3357 511 3418 metri
538 3347 656 3416 consa?
691 3353 823 3416 Sisenna
851 3356 884 3414 in
909 3353 1052 3414 Rudente
1079 3355 1126 3415 sic
1150 3369 1215 3434 sqq.
1239 3371 1420 3436 quamquam
1444 3353 1482 3416 de

146 3459 261 3524 Scauro
286 3479 346 3524 non
371 3462 444 3523 satis
468 3471 587 3526 certum
611 3471 679 3524 esse
702 3461 848 3524 indicium
873 3462 1081 3523 commentarii
1100 3459 1231 3524 Plautini
1255 3470 1388 3543 apparet
1412 3479 1482 3523 nam

144 3568 326 3652 interpolata
354 3577 491 3634 veterum
521 3571 688 3634 editionum
716 3568 847 3633 lectione
877 3587 951 3630 usus
979 3575 1026 3631 est
1050 3567 1235 3632 llitschelins
1262 3568 1300 3631 de
1329 3572 1481 3652 excerptis
1515 3629 1520 3634 .
1624 3553 1627 3560 ¹

144 3676 246 3740 liuilni
269 3677 429 3760 disputans
455 3697 574 3760 parerg.
593 3677 689 3741 Plani.
708 3697 737 3760 p.
757 3673 833 3740 374.
857 3695 918 3738 rann
937 3678 1032 3758 magis
1056 3658 1174 3739 certum
1198 3685 1246 3740 est
1268 3677 1306 3739 ad
1330 3695 1481 3742 commen·

145 3789 256 3850 larium
284 3785 402 3850 Horatii
430 3788 592 3852 relerenda
618 3805 685 3850 esse
716 3803 791 3868 quae
824 3785 968 3867 leguntur
996 3787 1027 3847 in
1056 3783 1179 3848 scholiis
1202 3785 1420 3868 Porphyrionis
1449 3789 1481 3849 in

145 3891 475 3978 1111.111115,92
503 3903 564 3958 stes
595 3900 699 3975 cupite
727 3896 857 3974 obstipo,
891 3897 974 3956 arisit
1001 3913 1042 3958 oc
1069 3913 1191 3957 severo:
1224 3895 1366 3958 Scunrns
1395 3899 1480 3958 incli-

144 4011 219 4066 noto
246 4004 338 4078 dicii,
367 4002 414 4066 rel
442 4002 522 4085 apud
550 4002 721 4066 charisium
749 4002 767 4064 l.
792 4021 817 4065 c.
847 4005 880 4078 (i.
909 4001 1070 4066 Terennnc
1098 4004 1240 4066 Scaurus
1270 4008 1302 4066 in
1330 4021 1480 4068 commen·

144 4114 236 4173 turias
260 4115 293 4172 in
320 4119 421 4174 arim
444 4115 600 4191 poeticum
623 4113 703 4175 libro
727 4111 773 4186 X,
802 4109 839 4172 de
863 4108 975 4191 quihus
998 4119 1086 4173 acuta
1110 4119 1158 4174 est
1180 4111 1344 4194 disputatio
1368 4111 1480 4194 Zange-

144 4219 280 4282 melsterl
309 4216 347 4281 da
370 4215 492 4282 Horatii
521 4217 674 4281 vocabulis
708 4216 921 4299 singularibus·
942 4212 1090 4301 (Berolinl
1118 4237 1143 4281 a.
1174 4213 1277 4303 1862)
1308 4238 1336 4301 p.
1360 4217 1414 4284 40.
1443 4241 1479 4284 ex

143 4337 209 4390 arte
232 4327 427 4409 grammatica
450 4325 591 4389 ridentur
614 4328 708 4408 petita
732 4343 799 4389 esse
831 4344 907 4407 quae
932 4325 1041 4390 Scauri
1065 4329 1185 4390 nomine
1209 4327 1362 4409 adscripto
1385 4328 1481 4394 lulius
1549 4401 1552 4408 ,

143 4434 298 4498 llomanus
321 4434 359 4498 de
383 4433 525 4518 adrerhio
548 4431 925 4517 11111011611209,
946 4433 988 4497 14
1012 4444 1043 4498 et
1061 4433 1235 4497 Priscianus
1258 4434 1297 4497 de
1320 4439 1480 4520 participio

119 4543 319 4634 Ι1111111111
344 4542 372 4605 X
394 4562 424 4626 p.
451 4539 528 4627 547,
555 4538 598 4605 10
620 4541 801 4626 attulerunt3
825 4545 899 4606 item
922 4543 1113 4606 definitiones
1137 4550 1167 4605 et
1191 4542 1418 4608 ohservationes
1442 4546 1479 4610 do

143 4655 234 4716 variis
257 4653 332 4716 artis
351 4653 563 4734 grammaticae
582 4649 720 4734 partibus
739 4651 819 4734 apud
838 4650 1012 4714 Diomedem
1031 4669 1060 4732 p.
1080 4647 1158 4734 300,
1179 4648 1233 4736 193
1257 4650 1310 4715 27.
1329 4650 1406 4738 818,
1428 4651 1479 4717 14.

142 4755 291 4844 32013.
315 4756 393 4844 403,
412 4757 464 4824 20.
488 4757 637 4843 421,16.
662 4755 738 4844 444,
757 4757 810 4823 29.
834 4757 911 4843 449,
929 4758 982 4824 26.
1006 4757 1083 4843 456,
1102 4756 1144 4822 27
1177 4769 1208 4823 et
1236 4763 1266 4822 in
1296 4761 1477 4844 explanatio·

98 4925 102 4934 .
142 4869 233 4934 nibus
254 4873 287 4934 in
312 4869 461 4935 [1111111111
485 4889 514 4957 p.
537 4866 615 4958 486,
634 4867 668 4934 i).
693 4867 769 4950 535,
793 4866 823 4937 5.
848 4865 924 4957 552,
947 4866 999 4938 31.
1024 4866 1100 4955 560,
1127 4866 1176 4932 19.
1199 4867 1277 4955 662,
1303 4871 1331 4938 1.
