3564 5482
530 343 709 404 exiturus
727 343 1001 406 ELOOV'I'IONVM
1367 343 1435 412 469

99 447 284 500 emma

191 535 334 600 Detreeto
366 533 444 599 hane
478 553 557 620 rem,
590 535 650 600 Cio.
685 556 754 601 cunr
787 544 931 620 quaestor
963 533 1105 618 Lilybaeo
1138 537 1203 600 dee.
1236 533 1332 619 quod
1364 553 1435 598 non

100 645 311 709 detrectare
335 644 517 730 militIam,
541 643 605 708 sed
628 645 829 710 defendere
852 647 1080 730 provinciam
1102 645 1265 710 indicata
1290 655 1345 710 est
1369 694 1376 708 .

192 753 356 819 Damnatus
380 751 417 816 de
442 752 533 817 caede
557 763 589 817 et
612 755 727 839 caesim,
750 763 915 837 utrumque
939 753 999 818 Cio.
1024 753 1154 838 Philipp.
1177 755 1190 818 Ι
1214 755 1319 833 (923)
1344 772 1435 838 quae

102 864 233 928 iubent
255 867 287 927 ei
313 865 374 946 qui
398 861 440 925 de
465 864 500 926 ri
522 865 685 945 itemque
709 866 743 926 ei
766 865 828 946 qui
851 865 1061 926 maiestatis
1085 861 1278 928 damnatus
1301 867 1381 928 sit.

73 985 86 1027 o
192 971 340 1056 Experiar
367 971 425 1034 hoo
454 970 568 1056 Iacere,
596 969 683 1055 Verg.
706 972 780 1036 bue.
804 973 912 1051 (8,6d)
940 974 1092 1054 magieis
1125 991 1234 1036 sanos
1267 983 1435 1037 avertere

100 1084 220 1146 sacris
253 1083 425 1166 experiar
456 1099 590 1144 sensus
613 1129 621 1144 .
646 1085 787 1164 experior
820 1101 889 1146 enm
922 1080 986 1166 hin,
1019 1081 1080 1145 Cio.
1112 1100 1169 1165 pro
1202 1082 1271 1146 Cor.
1302 1082 1316 1145 1
1347 1083 1434 1166 quid

100 1191 196 1275 qnod
229 1209 273 1254 ne
306 1208 386 1254 oum
418 1188 477 1253 hle
509 1188 656 1272 quidem
689 1199 866 1274 expertus
898 1210 951 1274 es,
984 1207 1074 1273 quos
1102 1189 1215 1256 duces
1242 1210 1436 1276 operarum

100 1301 218 1365 iuisse
251 1299 381 1364 dixisti
409 1349 415 1362 .
447 1301 588 1383 experior
620 1298 702 1362 iilam
733 1317 813 1376 rem,
846 1297 934 1380 Verg.
967 1317 1050 1380 geor.
1081 1297 1136 1362 1111
1168 1299 1263 1376 (156)
1296 1309 1436 1364 aestate

100 1409 263 1473 lahorem
287 1411 551 1493 experiantur.
567 1411 709 1492 experior
726 1407 804 1472 hane
823 1425 889 1472 rem
909 1417 941 1470 et
958 1406 1015 1470 hao
1034 1426 1079 1493 re,
1092 1407 1161 1471 Ter.
1175 1407 1253 1472 Eun.
1268 1408 1336 1484 (IV
1349 1409 1436 1486 7,19)
1494 1466 1499 1480 ,

63 1532 88 1574 ¹⁰
226 1521 343 1583 omnia
366 1520 471 1602 prius
495 1519 659 1602 expertri
683 1535 786 1600 quam
810 1519 924 1581 armis
948 1517 1151 1600 sapIentam
1176 1505 1314 1582 decet.

102 1638 248 1712 expertus
269 1627 370 1711 illum,
393 1625 480 1710 Verg.
504 1629 577 1691 den.
600 1625 643 1690 XI
666 1626 763 1704 (996)
785 1622 790 1709 Ι

265 1736 361 1801 haud
384 1739 434 1800 ita
458 1755 510 1800 me
534 1737 680 1820 experti
701 1733 819 1799 Bitias
843 1743 879 1800 et
901 1733 1090 1800 Pandarus
1112 1737 1242 1817 ingens
1267 1785 1273 1798 .

102 1855 248 1930 expertus
271 1845 364 1930 iliius,
388 1845 470 1910 idem
493 1847 566 1909 den
590 1843 618 1908 x
642 1845 738 1921 (173)
762 1853 937 1928 expertos
960 1843 1050 1908 belii
1073 1847 1239 1908 iuvenes.

193 1953 271 2036 Eget
293 1953 375 2018 iliius
398 1957 457 2038 rei,
480 1951 567 2036 Verg.
591 1971 673 2039 geor.
697 1953 724 2016 11
748 1953 820 2030 (28)
843 1952 898 2016 nil
926 1951 1066 2016 radicis
1089 1963 1198 2036 agent
1220 1953 1312 2016 aliae
1337 2002 1345 2016 .
1368 1965 1438 2037 eget

64 2063 151 2126 nun
175 2082 225 2142 re,
247 2061 328 2126 idem
351 2063 424 2126 den.
448 2061 475 2124 II
500 2062 593 2139 (521)

365 2191 436 2236 non
461 2172 526 2236 tali
549 2172 687 2236 auxilio
710 2190 776 2236 nee
800 2170 1066 2235 defensoribus
1089 2174 1175 2236 istis

245 2263 249 2272 ¹
366 2291 510 2366 tempus
535 2290 649 2364 eget.
1071 2273 1077 2288 ⁸

102 2410 196 2476 egens
228 2391 310 2454 Illius
341 2395 403 2469 rei,
436 2389 516 2454 idem
549 2391 624 2453 den,
646 2387 713 2454 VIII
741 2389 837 2465 (299)
870 2407 940 2453 non
974 2399 1009 2454 te
1042 2393 1202 2454 rationis
1234 2399 1437 2473 egentem.

103 2517 219 2584 egenus
242 2499 512 2582 itidentidem
536 2499 609 2562 Aen.
633 2497 646 2560 I
670 2497 767 2575 (599)

64 2621 90 2662 ²⁰
241 2605 410 2672 omnibus
435 2607 637 2672 exhaustos
660 2608 728 2670 iam
753 2607 920 2693 nasibus,
944 2609 1104 2673 omnium
1127 2626 1262 2691 egenos
1286 2657 1293 2672 .

193 2716 295 2781 Evado
319 2716 380 2802 his,
409 2714 496 2798 Verg.
521 2717 593 2780 Aen.
617 2715 697 2778 VIIII
721 2716 794 2793 (99)
822 2735 1074 2801 quaecumque
1103 2720 1266 2782 eraserit
1297 2718 1405 2781 undis
1430 2766 1437 2780 .

103 2825 196 2890 erado
216 2827 287 2910 iios,
309 2823 391 2890 idem
410 2829 443 2889 in
462 2827 570 2890 eodem
589 2825 686 2901 (388)
706 2827 848 2907 iamque
871 2825 1087 2909 imprudens
1111 2815 1437 2890 eraserat'hostes.

194 2934 304 3000 Exulat
327 2933 386 2998 Illis
410 2934 500 3019 IooIs,
522 2932 610 3016 Verg.
629 2953 712 3016 geor.
732 2933 773 2996 III
797 2934 891 3009 (225)
915 2937 1054 3017 ignotis
1078 2934 1201 2998 exulat
1224 2937 1300 2998 oris
1314 2984 1323 2998 .
1337 2935 1438 3000 exedat

101 3063 202 3128 usqne
227 3043 264 3107 ad
289 3043 339 3108 Illa
362 3043 443 3128 loca,
466 3041 553 3125 Verg.
577 3043 650 3106 Aen.
674 3042 715 3105 XI
739 3043 835 3120 (262)

65 3165 90 3208 2⁶
308 3153 458 3216 Atrides
481 3152 608 3216 Protei
631 3151 818 3216 Menelaus
842 3151 883 3214 ad
908 3171 1024 3235 usque
1047 3153 1234 3218 columnas
1282 3133 1283 3136 ¹

309 3261 465 3326 exulat.

194 3369 343 3453 EgredIor
361 3369 412 3433 iile
431 3369 512 3446 loeo,
536 3367 622 3452 I'erg.
637 3367 752 3432 Aenii
772 3370 867 3446 (713)
887 3381 944 3434 est
962 3369 1053 3434 urbe
1073 3375 1238 3452 egressis
1261 3371 1439 3456 tumulus,

103 3479 165 3544 Cio.
189 3464 246 3563 pro
270 3477 390 3562 Ligario
418 3476 503 3562 (2,4)
531 3478 634 3543 domo
668 3489 724 3543 est
757 3498 966 3562 egressus.
991 3499 1134 3562 egressus
1162 3481 1242 3546 iiiam
1271 3501 1351 3566 rem,
1379 3479 1439 3544 Sal.

102 3589 175 3652 hist
208 3587 222 3650 I
253 3607 341 3671 gens
373 3607 457 3651 raro
491 3607 640 3672 egressa
678 3590 775 3653 iines
813 3607 915 3674 suos,
952 3588 1032 3653 idem
1070 3589 1139 3654 hist
1172 3589 1213 3652 III
1245 3601 1438 3673 postquam

66 3713 280 3780 soegressus
304 3701 493 3779 angustias
518 3749 525 3761 .
1274 3684 1283 3692 ⁸

196 3803 267 3869 Exit
285 3805 335 3868 ilia
354 3825 402 3891 re,
426 3806 486 3870 Cic.
502 3807 539 3871 de
554 3806 645 3890 rep.I
664 3803 788 3890 (1218)
812 3809 1021 3871 nuntiatum
1045 3817 1101 3872 est
1125 3811 1251 3873 venire
1275 3807 1438 3872 Laelium

199 4127 292 4186 &aa
310 4125 460 4184 Perrhae&
506 4129 659 4200 lqneator
680 4127 793 4184 Lilibeo
812 4125 872 4184 den
956 4129 1028 4186 Ide
1046 4129 1076 4185 ri
1094 4129 1233 4204 iiemque]
1254 4129 1438 4204 devitentque
1563 4139 1573 4146 ’

143 4209 250 4350 ¹212·ss
259 4215 325 4267 ente
342 4207 419 4266 idem
438 4213 625 4281 metroque
642 4211 701 4267 toro
774 4215 807 4265 21
829 4208 921 4284 Villi]
942 4208 1009 4265 VIII
1087 4216 1121 4265 11
1141 4209 1171 4266 In
1189 4211 1290 4267 eodem
1309 4227 1360 4267 nm.

107 4299 141 4351 11
251 4292 279 4349 ei

198 4583 363 4644 rinnon
391 4568 435 4640 'ost
462 4583 495 4639 n
521 4587 639 4654 neapo
657 4583 778 4639 meum
803 4583 917 4649 nasso,
948 4583 1001 4640 ‘sta
1020 4583 1061 4639 ee.
1081 4587 1107 4638 e
1125 4583 1183 4639 eoa.
1203 4599 1279 4638 usn
1299 4625 1305 4638 .
1325 4581 1440 4654 derepto

108 4669 186 4727 oodd.
205 4666 334 4724 Indiosts
352 4666 406 4722 est’
428 4667 575 4722 ednotoos't
593 4665 666 4722 idem
684 4666 716 4720 in
734 4663 855 4721 editione
869 4663 1000 4720 Romano
1016 4707 1022 4719 .
1037 4662 1164 4720 iudicata
1183 4665 1227 4719 est
1245 4679 1280 4718 ee
1295 4661 1440 4720 Frontone

107 4753 141 4806 ita
162 4749 327 4821 {repandis
346 4747 488 4806 OEoerons's
505 4747 630 4804 diderat
650 4745 810 4814 Patricius,
832 4745 961 4802 iudioatn
983 4745 1022 4800 sii
1042 4743 1068 4799 G
1155 4743 1248 4803 acie.
1267 4743 1392 4816 Philipp.
1412 4743 1437 4818 I]

108 4833 143 4902 of.
165 4848 194 4902 p.
219 4834 301 4898 dm
394 4836 411 4886 9
435 4829 619 4901 experiuntur
647 4825 787 4898 repersus
878 4834 911 4883 31
936 4843 1007 4898 puer
1030 4826 1175 4884 nuntiarii
1197 4825 1293 4883 venire
1318 4827 1355 4882 ad
1374 4845 1439 4884 eum

108 4911 239 4972 Lesiinm
258 4911 399 4983 domoque
418 4911 478 4966 eius
496 4908 555 4966 ism
574 4909 664 4965 exisse
684 4907 779 4964 Oieero
844 4943 850 4954 ·
