3610 5482
373 311 429 385 ιι·
501 312 505 318 “
920 317 1023 420 vanu
1040 318 1157 378 eonor

372 423 501 472 n-sraer.
554 427 557 438 ·

373 507 501 572 ducatur
516 509 581 572 eius
595 507 677 590 quod
692 515 740 571 est
753 501 925 590 ‘expectare
944 505 1030 571 ilittm
1047 501 1127 570 volo’
1147 514 1178 570 et
1192 501 1341 590 ‘spectare
1356 507 1430 572 mibi
1450 501 1570 592 placet’.
1594 525 1704 570 verum

372 634 433 706 uno
462 615 552 679 modo
578 625 744 699 utrumque
772 615 865 680 scribi
887 615 960 680 licet
982 634 1039 678 nec
1063 617 1260 694 timereeam
1283 615 1524 700 ambiguitatem,
1553 631 1630 698 quae
1655 622 1704 676 est

372 723 476 787 multis
503 723 604 788 verbis
632 723 874 806 familiarissima,
902 741 972 786 eum
995 725 1027 786 ln
1055 722 1110 786 bac
1138 722 1281 786 litterar
1305 727 1395 788 etiam
1419 725 1555 806 aposita
1579 726 1633 807 sit,
1662 724 1703 784 si·

373 831 496 913 quidem
519 840 581 894 tam
605 830 683 913 apud
707 848 764 894 uos
787 847 877 912 quam
900 829 979 914 apud
1004 830 1136 895 Graecos
1159 830 1271 914 duplex
1295 833 1334 896 sit
1358 840 1389 895 et
1412 833 1586 915 composita.

462 938 664 1002 Transeamus
687 957 769 1002 nunc
800 937 838 1000 ad
866 937 952 1002 allam
980 924 1243 1022 praepositionem.
1280 938 1318 1002 ob
1341 941 1525 1022 praepositio
1547 937 1759 1002 interdume*

292 1055 296 1062 '
372 1047 498 1128 ponitur
526 1046 628 1130 plena,
658 1039 694 1110 ut¹
719 1055 766 1110 est
794 1046 879 1109 obba
907 1045 1065 1130 oberrare,
1094 1047 1248 1110 interdum
1276 1045 1312 1110 ad
1341 1065 1407 1110 eam
1429 1047 1560 1111 litteram
1584 1047 1704 1121 transit,

372 1171 467 1235 aqua
486 1171 618 1236 sequens
636 1172 693 1218 vor
711 1154 826 1238 incipit,
849 1161 884 1217 ut
906 1163 955 1217 est
977 1153 1093 1218 oliulsit
1111 1157 1287 1218 ommutuit:
1308 1156 1383 1218 item
1406 1163 1437 1218 et
1460 1157 1487 1218 st
1508 1174 1529 1238 p
1548 1163 1705 1236 sequatur,

372 1271 408 1325 ut
426 1265 576 1344 opposuit
609 1261 748 1326 similiter
772 1261 893 1344 quidam
918 1270 947 1325 et
971 1263 1002 1324 in
1027 1281 1063 1326 eo
1087 1261 1168 1344 quod
1192 1270 1240 1326 est
1263 1260 1381 1324 obstitit
1402 1281 1423 1343 p
1447 1279 1567 1324 servare
1591 1261 1705 1324 malue-

258 1449 263 1458 .
375 1377 457 1452 runt,
480 1371 549 1450 quia
564 1368 638 1430 baec
652 1368 751 1432 littera
767 1366 966 1430 semivocalis
981 1368 1105 1431 conlusa
1121 1369 1186 1431 eius
1201 1367 1318 1462 litterae
1333 1387 1441 1433 sonum
1448 1357 1607 1452 exprimit,
1625 1387 1704 1450 quae

373 1486 421 1540 est
443 1477 522 1559 apud
546 1475 677 1540 Giaeeos
701 1475 739 1558 Ψ,
762 1484 853 1558 atque
883 1475 959 1540 hauc
983 1475 1026 1538 illi
1050 1476 1201 1558 duplicem
1225 1485 1364 1541 constare
1388 1478 1494 1542 dieunt
1521 1494 1600 1559 exp
1624 1484 1655 1539 et
1679 1495 1704 1539 s.
1720 1499 1746 1538 ro

467 1583 675 1665 llulcsimilis
699 1591 751 1647 est·
770 1592 799 1646 et
824 1582 880 1646 sub
904 1587 1101 1669 praepositio,
1121 1603 1198 1666 quae
1221 1585 1373 1649 interdum
1397 1585 1417 1648 b
1440 1585 1571 1649 litteram
1594 1593 1706 1667 servat,

379 1693 467 1754 utin
492 1711 528 1754 eo
552 1691 632 1774 quod
657 1700 704 1756 est
727 1690 843 1776 subdit3
863 1691 1015 1756 interdum
1039 1701 1144 1770 mutat,
1167 1702 1202 1756 ut
1225 1711 1316 1776 supra
1340 1693 1411 1778 disi,
1432 1696 1463 1756 in
1488 1712 1553 1758 eam
1571 1691 1705 1754 litteram

374 1816 390 1859 a
415 1817 473 1881 qua
498 1817 629 1881 sequens
651 1801 759 1882 incipit
781 1799 917 1884 verbum,
940 1802 1079 1863 utinen
1105 1799 1185 1882 quod
1209 1808 1256 1863 est
1279 1802 1392 1864 suiileit
1415 1799 1539 1865 suliodit
1561 1808 1592 1864 et
1614 1802 1647 1862 in
1666 1819 1704 1862 eo

375 1907 457 1988 quod
480 1915 527 1970 est
551 1907 713 1971 summovit
735 1909 984 1971 sumministravit
1008 1917 1097 1989 atque
1122 1910 1153 1970 in
1177 1927 1214 1970 eo
1238 1909 1319 1991 quod
1338 1917 1386 1971 est
1405 1911 1573 1992 supposuit.
1611 1917 1703 1989 atque

373 2012 639 2079 animadvertimus
667 2019 699 2078 in
727 2015 936 2079 semivocalem
962 2034 978 2077 s
1006 2017 1151 2098 transire,
1174 2025 1209 2078 ut
1231 2019 1263 2078 in
1287 2034 1323 2078 eo
1348 2015 1428 2098 quod
1453 2025 1499 2078 est
1523 2013 1648 2078 sustulit
1672 2023 1704 2076 et
1720 2035 1745 2076 ss

374 2124 516 2204 suscepit
544 2141 676 2187 necnon
694 2127 789 2187 variat
807 2123 1055 2206 significationem
1074 2125 1192 2205 munina
1212 2125 1419 2186 enuntiatione
1438 2123 1557 2185 litterae
1572 2140 1704 2203 sequen-

373 2237 435 2292 tem
454 2248 559 2294 vocem
577 2231 756 2317 inchoantis,
778 2241 813 2296 ut
836 2240 883 2295 est
901 2233 1073 2313 succipere:
1096 2230 1177 2294 aliud
1196 2239 1243 2294 est
1262 2232 1343 2293 eninr
1363 2225 1504 2294 ‘amicum
1524 2223 1706 2313 suscipere’,

377 2337 457 2400 aliud
482 2333 605 2420 ‘aquam
629 2335 813 2430 succiperef.

464 2447 501 2509 Αι
524 2449 555 2510 in
578 2451 800 2531 praepositione
823 2448 862 2511 de
882 2449 1040 2510 urinimum
1060 2455 1107 2509 est
1125 2444 1354 2531 observationis,
1378 2456 1524 2529 quantum
1543 2445 1580 2508 ad
1600 2446 1724 2529 οιιιιο-ι

304 2577 311 2593 ·
373 2553 542 2637 graphium,
571 2571 631 2617 non
661 2554 742 2637 quod
770 2554 807 2617 ad
831 2555 1081 2636 significationem
1103 2555 1261 2640 pertinet,
1282 2553 1369 2636 plena
1395 2557 1476 2618 enim
1498 2557 1529 2617 in
1553 2549 1703 2637 'composi-
1720 2574 1747 2614 aa

372 2661 506 2724 tionibus
533 2664 671 2746 ponitur,
704 2671 737 2725 ut
764 2646 915 2725 deducere
949 2659 1102 2742 depellere
1131 2658 1339 2724 demonstrare
1368 2661 1536 2726 destruere.
1578 2679 1647 2724 nam
1678 2665 1706 2723 si

374 2770 493 2852 quatmo
517 2790 534 2834 e
556 2773 589 2834 ln
612 2773 623 2832 i
645 2769 782 2833 litteram
800 2773 917 2854 transit,
941 2768 977 2832 ab
1001 2769 1057 2831 alla
1082 2771 1305 2850 praepositione
1329 2773 1477 2852 originem
1502 2769 1593 2832 ducit.
1632 2787 1713 2838 curn,

374 2880 455 2942 enim
490 2879 619 2942 dicimus
654 2879 861 2963 dimovit,.nt
890 2885 937 2940 est
970 2871 1140 2968 ‘dimovit
1170 2875 1362 2940 obstantes
1395 2872 1642 2961 propinquos'
1673 2887 1707 2940 et

464 3131 557 3190 Undae
576 3133 729 3190 Posrisuss's'
769 3129 949 3204 dobere-ars]
970 3131 1089 3188 obarare
1178 3130 1311 3188 'ioliusit
1328 3131 1499 3188 omminanit
1584 3133 1706 3189 tuemi-

373 3211 481 3268 uoealis
501 3213 620 3270 cuniam
701 3220 735 3271 ιι
754 3212 886 3286 verbum]
906 3230 1005 3269 nerum
1089 3219 1122 3269 tt
1142 3231 1156 3270 s
1174 3229 1251 3269 ossa·
1315 3219 1349 3270 te
1368 3211 1513 3285 mutinum
1532 3211 1706 3269 enuntiatio·

373 3310 439 3349 nam
532 3298 622 3352 lint
644 3298 688 3352 eat
711 3295 855 3368 suscipere
947 3292 1026 3350 alind
1045 3296 1090 3350 est
1108 3293 1185 3350 enim
1203 3293 1327 3350 amicum
1347 3293 1489 3366 suscipere
1508 3294 1551 3350 bs'a
1568 3295 1707 3364 scriptum

371 3379 412 3430 est
430 3377 465 3446 (t)
552 3381 588 3432 ιο
605 3377 749 3448 pertineat
834 3365 910 3432 enim
929 3389 981 3430 ossa.
1002 3371 1036 3442 0,
1055 3375 1087 3429 iss
1105 3391 1193 3447 mero.
1213 3375 1314 3432 udde
1401 3381 1435 3431 ιι
1455 3371 1630 3446 propinquas

464 3625 481 3674 3
497 3619 638 3691 siqnidem
648 3649 682 3661 -
697 3618 802 3691 duplex
815 3616 854 3673 sit
871 3631 923 3673 ests.
942 3614 971 3671 R
1026 3617 1094 3674 bob
1108 3617 1282 3690 praepositio
1293 3649 1326 3660 -
1338 3624 1381 3688 bb,
1393 3623 1427 3674 tu
1440 3620 1474 3674 ut
1487 3615 1602 3673 diffudit
1616 3615 1706 3687 Popi-

373 3697 475 3754 rs'nsssss
493 3699 572 3770 opud
591 3699 799 3756 emunctorium
813 3715 844 3769 p.
865 3703 945 3756 2293
1038 3704 1054 3755 ι
1073 3697 1152 3755 obire
1172 3699 1289 3754 obarare
1307 3697 1349 3768 R,
1368 3700 1447 3756 obire
1466 3698 1597 3754 oberrare
1615 3697 1706 3769 Papi·

362 3779 474 3836 rs'uossa
563 3779 708 3836 interdum
724 3779 756 3834 iu
773 3777 894 3834 eandem
917 3779 1044 3836 litteram
1069 3776 1172 3834 musii
1191 3777 1366 3848 Papinianus
1458 3780 1526 3834 tut
1544 3781 1589 3834 est
1606 3778 1707 3834 offusit

373 3859 544 3916 omminauit
561 3859 602 3930 R,
622 3863 655 3916 ut
673 3861 716 3916 est
734 3859 842 3915 ndulsit
861 3859 1016 3917 ommutuit
1035 3859 1211 3930 Papiriomsa
1283 3860 1351 3917 item
1372 3860 1397 3917 si
1414 3877 1435 3931 p
1453 3861 1589 3930 sequatur
1607 3858 1635 3915 R

373 3945 390 3996 a
409 3940 527 4007 sortasse
544 3958 564 4012 p
583 3940 706 3997 scribere
725 3939 887 3996 maluerunt
979 3947 995 3996 9
1021 3939 1186 3997 semiuoeali
1210 3939 1329 3996 confusa
1347 3939 1375 3994 R
1468 3945 1501 3995 ιι
1525 3940 1654 3997 mutatur
1672 3944 1707 3998 ut

310 4073 314 4076 .
372 4038 459 4094 supra
476 4022 536 4078 diri
554 4021 584 4077 in
603 4036 666 4078 eam
685 4020 811 4078 litteram
826 4035 844 4075 a
857 4038 915 4092 qua
929 4037 1051 4093 sequens
1069 4019 1182 4091 incipit.
1211 4019 1319 4078 Verum
1332 4020 1373 4092 R,
1393 4023 1488 4078 mutat
1501 4021 1530 4077 in
1545 4037 1608 4076 eam
1627 4020 1706 4077 litte-

372 4119 433 4160 ram
453 4119 471 4160 a
489 4119 547 4177 qna
565 4119 686 4175 sequem
704 4101 821 4158 inchoet
839 4102 956 4159 verbum
976 4102 1153 4175 Papiriouue
1228 4107 1262 4158 ιι
1279 4103 1398 4170 fumone
1416 4118 1507 4174 aeque
1527 4100 1706 4157 animadver-

371 4183 459 4242 timus
533 4191 565 4241 ιι
581 4183 611 4240 in
625 4181 825 4240 seminoealem
843 4183 965 4240 trausim
980 4183 1016 4254 tt,
1035 4183 1066 4240 in
1084 4202 1097 4240 s
1116 4183 1317 4241 semiuoealem
1335 4177 1465 4241 transire
1476 4187 1612 4239 comessa
1630 4182 1706 4236 coda·-

359 4267 413 4321 ‘cs's
436 4261 569 4322 Voticoiss'
586 4269 612 4321 et
630 4263 814 4320 Sebosidessss
832 4279 946 4335 promas.
967 4265 1016 4320 lot.
1034 4279 1058 4320 o.
1080 4263 1103 4318 I
1115 4280 1147 4334 p.
1165 4268 1223 4320 637
1290 4270 1323 4321 ιι
1344 4264 1438 4321 variat
1456 4261 1705 4335 significationem,
1779 4264 1783 4270 '

372 4345 516 4417 &minam
535 4343 759 4402 enuntiationem
777 4341 892 4400 litterae
910 4347 1077 4415 sequentem
1094 4359 1194 4400 vocem
1212 4343 1385 4415 inchoantis,
1404 4347 1438 4400 ut
1455 4346 1500 4400 est
1518 4341 1660 4412 suscipere
1676 4341 1706 4397 R

445 4431 479 4482 ιι
502 4425 652 4499 geminans
670 4421 896 4482 enuntiationem
915 4429 1050 4496 mercem
1073 4425 1181 4481 mdies'a
1200 4424 1341 4492 Vaticani,
1366 4423 1482 4495 gemina
1507 4421 1706 4479 enuntiatione

324 4505 333 4514 “
371 4507 414 4563 uel
425 4523 477 4578 per
492 4507 634 4579 gannim
650 4501 875 4562 enuntiationem
889 4504 1004 4562 litterae
1018 4508 1184 4578 mouentem
1193 4521 1292 4563 vooem
1303 4503 1498 4560 antecedentis
1509 4501 1705 4559 sunem

373 4586 567 4658 geminatione
585 4591 738 4646 miscunt
756 4587 893 4644 Sensisrue
967 4593 999 4643 lt
1019 4589 1053 4642 ut
1071 4589 1115 4644 est
1133 4587 1278 4658 succipere
1297 4590 1434 4640 conemur
1452 4583 1555 4640 codicis
1570 4581 1706 4639 Vaticani

373 4674 409 4724 ιο
427 4669 569 4740 pertineat
587 4669 616 4726 tt
688 4675 722 4726 ιι
742 4671 776 4725 ut
793 4667 932 4724 deducere
950 4666 1145 4724 demonstrare
1163 4665 1315 4722 detrudere
1334 4662 1511 4735 Pups'ss'ussssa
1590 4669 1626 4718 ιι
1645 4663 1676 4720 in
1695 4666 1706 4720 l

373 4743 500 4806 litteram
513 4749 542 4806 tt
560 4756 586 4806 et
604 4752 689 4808 eadee
704 4749 814 4818 Vrsa‘sss',
832 4748 863 4804 in
881 4748 892 4805 i
910 4745 1079 4803 litteramR
1098 4749 1130 4802 s'ss
1148 4746 1318 4818 conpendia
1391 4750 1426 4800 ιι
1445 4743 1578 4817 dimovit]
1599 4744 1704 4804 Ηοναι.

271 4847 275 4853 ·
372 4847 456 4888 eorssa
476 4830 542 4886 III
559 4836 586 4900 5,
605 4836 638 4887 51
711 4829 886 4904 propinquas
904 4827 933 4884 R
980 4835 987 4846 “
