3602 5482
368 362 435 430 310
490 354 497 370 '
966 361 1095 420 eostur

319 491 322 498 .
364 477 385 516 μ.
400 465 509 508 ιειε-ιι
522 465 549 506 a.

301 531 307 544 ¹
365 551 481 615 Sensus
495 569 605 616 nomen
621 562 668 616 εει
686 563 811 637 quartae
826 553 1036 630 declinationis
1056 563 1087 616 ει
1104 555 1297 636 participium
1314 562 1362 616 εει
1375 555 1533 638 ριεειειιιι
1552 555 1697 635 ιειιιρειιε

364 669 380 712 a
405 649 498 713 verbo
523 656 656 738 passivo,
680 654 760 737 quod
785 664 832 717 est
855 655 980 735 sentior,
1003 656 1091 718 cuius
1109 653 1200 716 etiam
1224 653 1394 736 perlectum
1418 663 1465 716 est
1488 661 1599 717 seusus
1623 671 1698 734 sum,

362 767 472 814 sensus
502 769 550 835 εε,
579 771 687 818 seusus
714 762 774 838 est,
802 772 863 817 nou
894 757 1033 818 sentitus.
1082 751 1244 837 Secturus,
1272 771 1333 816 nou
1363 763 1537 838 secaturus,
1564 773 1582 817 a
1607 752 1697 816 verbo

363 867 442 911 seco.
490 849 680 917 sterceratos
704 871 806 937 agros,
834 872 894 916 nou
919 863 1103 918 stercoratos
1132 853 1228 937 dicas,
1255 852 1367 934 quibus
1390 851 1509 916 stereus
1532 852 1569 916 ad
1595 853 1697 916 lenun-

362 947 493 1012 dandum
514 952 655 1017 iniertur.
694 953 806 1016 Saevus
826 955 924 1016 saevio
944 955 1024 1016 saevi
1044 955 1165 1016 saevisti
1184 971 1239 1035 per
1258 971 1293 1016 ae
1312 952 1528 1034 diphthongon.
1562 943 1695 1036 Sagenai
1723 975 1735 1015 s

361 1065 417 1129 per
446 1069 477 1134 ε,
506 1069 575 1114 cram
605 1055 681 1116 retia
709 1050 870 1135 significem
899 1055 1001 1136 sagina
1029 1073 1084 1138 per
1112 1055 1137 1137 i,
1165 1071 1234 1117 oum
1263 1061 1383 1136 pastum
1413 1061 1445 1116 et
1471 1053 1695 1135 pinguedinem

363 1147 514 1230 Segnities
539 1153 603 1215 vitii
634 1161 694 1229 est,
722 1155 850 1235 segnitia
880 1153 1009 1236 trigoris.
1058 1151 1202 1234 Supplico
1226 1151 1344 1215 divinae
1373 1154 1478 1233 pietati
1507 1169 1563 1234 per
1586 1153 1650 1216 duo
1670 1171 1695 1233 p.

362 1246 477 1311 Solium
507 1253 630 1333 proprie
654 1251 742 1334 sedes
767 1253 875 1334 regalis
905 1263 965 1337 est,
993 1252 1074 1316 rande
1102 1270 1209 1335 graeca
1238 1250 1378 1314 basilicos
1407 1250 1533 1314 thronos
1564 1261 1695 1314 vocatur.

362 1346 462 1430 Super
481 1359 529 1412 est
548 1349 628 1432 quod
648 1353 774 1428 eminet,
799 1371 891 1434 supra
911 1353 990 1436 quod
1015 1351 1202 1415 substratum
1222 1349 1348 1432 aliquid
1358 1349 1462 1430 habet,
1487 1357 1595 1432 supter
1617 1349 1695 1432 qood

362 1465 395 1509 ιε
419 1447 518 1530 aliqua
543 1452 701 1531 superiore
725 1442 892 1534 premitur,
912 1461 1020 1534 suptus
1044 1449 1123 1533 quod
1154 1450 1319 1514 demissum
1343 1449 1433 1512 altius
1464 1469 1524 1512 non
1553 1453 1733 1532 longiturna

362 1547 525 1612 Servitium
547 1549 707 1613 multitudo
727 1559 774 1612 est
797 1568 968 1628 serrorum,
992 1554 1122 1615 servitus
1147 1550 1284 1613 condicio
1312 1549 1471 1612 serviendi.
1506 1547 1559 1610 sad
1578 1559 1697 1612 veteres

362 1649 573 1713 indifferenter
596 1651 753 1713 seruitium
776 1669 832 1732 pro
857 1652 1015 1714 serviendo
1040 1659 1218 1734 posuerunt.
1265 1648 1371 1713 Sal-et
1394 1647 1560 1711 masculino
1585 1667 1697 1730 genere

308 1737 314 1748 '
363 1757 393 1810 et
420 1759 530 1812 neutro
557 1750 616 1813 dici
645 1759 754 1833 potest.
802 1748 952 1813 Saturitas
979 1753 1011 1812 iu
1035 1750 1117 1834 cibo,
1145 1755 1176 1814 ln
1206 1753 1318 1815 ceteris
1341 1751 1414 1811 vero
1444 1749 1577 1810 satietas.
1622 1747 1696 1810 Sero

361 1867 514 1935 rumores,
538 1849 568 1915 id
594 1860 640 1914 εει
663 1849 792 1932 divulgo.
830 1848 960 1931 Sanguis
983 1849 1105 1934 dicitur,
1128 1849 1201 1913 dom
1221 1857 1339 1928 manat3
1360 1849 1475 1911 etlusus
1499 1865 1571 1910 rero
1596 1865 1696 1912 cruror.

364 1951 518 2014 sumimus
538 1954 613 2036 ipsi,
636 1952 800 2034 accipimus
820 1949 858 2011 ab
877 1950 943 2012 alio.
981 1951 1025 2012 sic
1045 1967 1115 2013 curn
1134 1950 1255 2032 damus,
1274 1946 1435 2011 dicendum
1456 1941 1602 2030 ‘accipe’3
1626 1965 1694 2010 cum
1710 1971 1733 2010 n

364 2053 569 2133 permittimus
592 2054 650 2134 ipsi
674 2051 794 2134 tollere,
818 2050 979 2114 dicendum
1004 2045 1133 2113 ‘sume'.
1176 2049 1272 2131 Saepe
1292 2047 1311 2110 b
1335 2049 1367 2110 iu
1391 2047 1615 2130 praepositione
1640 2047 1695 2110 sub

361 2149 529 2232 euphoniae
554 2169 643 2213 causa
667 2154 698 2212 in
722 2161 900 2232 sequentem
925 2149 1093 2213 mutabitur
1116 2157 1347 2230 consonantem,
1371 2156 1406 2210 ut
1428 2147 1541 2210 suiiero
1566 2165 1696 2228 suggero

361 2251 518 2311 sormmitto
542 2269 681 2333 suppono
706 2259 737 2312 et
760 2258 861 2312 cetera
885 2249 968 2332 talia3
997 2258 1142 2330 saepest
1167 2251 1284 2330 integra
1313 2243 1485 2329 perma'net,
1513 2247 1539 2308 ει
1563 2263 1695 2327 sequens

362 2347 472 2430 syllaba
493 2367 508 2411 a
528 2349 623 2411 vocali
646 2351 766 2432 incipit,
789 2360 824 2413 ut
842 2347 990 2412 subaudio
1010 2347 1135 2411 subesse
1156 2345 1267 2411 subire.
1308 2345 1395 2408 Sicut
1418 2347 1535 2426 primus
1555 2364 1572 2407 e
1592 2345 1695 2407 multis

361 2456 392 2510 et
415 2449 500 2529 prior
519 2467 555 2510 ex
576 2447 709 2532 duobus,
733 2451 773 2511 ita
792 2459 965 2531 postremus
989 2448 1026 2509 de
1047 2447 1163 2530 multis,
1187 2448 1339 2530 posterior
1359 2444 1397 2507 de
1417 2443 1544 2508 duobus.
1583 2443 1694 2527 Super·
1709 2465 1733 2505 so

361 2545 419 2608 hus
443 2547 496 2627 qui
521 2565 614 2628 super
638 2547 701 2611 vult
725 2547 792 2630 plus
817 2547 911 2611 rideri
936 2566 1026 2630 quam
1051 2557 1105 2610 est.
1148 2547 1223 2609 Sero
1248 2564 1332 2608 seras
1356 2547 1453 2608 serari
1478 2563 1494 2606 a
1518 2544 1695 2626 claudendo,

349 2653 393 2723 et
411 2643 482 2707 inde
503 2663 599 2728 serae,
618 2645 716 2716 idest
734 2655 845 2731 rectas,
863 2646 974 2730 quibus
995 2646 1118 2710 urbium
1137 2645 1320 2709 clauduntur
1338 2654 1455 2727 portae,
1474 2663 1551 2726 quae
1571 2648 1695 2708 veniunt

340 2761 375 2805 ·a
400 2741 482 2828 sera,
505 2745 536 2808 id
562 2753 608 2808 est
632 2763 770 2829 vespera,
794 2756 829 2810 ut
853 2749 885 2809 io
905 2746 1027 2828 psalmis
1056 2741 1216 2828 ‘quando
1236 2746 1463 2808 confortarit
1486 2762 1589 2807 seras
1613 2763 1694 2827 por·

361 2856 482 2907 tarum
507 2841 676 2928 tuarum'3
701 2856 732 2910 et
754 2845 812 2910 hoc
831 2848 902 2928 quia
921 2865 1005 2930 sero,
1028 2846 1057 2909 id
1078 2855 1124 2909 est
1143 2863 1279 2928 vespere,
1298 2846 1453 2909 ciuitatum
1472 2843 1696 2907 obclauduntur

329 2955 475 3027 portae.
518 2963 587 3006 sero
616 2947 693 3008 seris
717 2947 781 3008 seri
810 2964 825 3007 a
851 2945 1035 3008 seminando.
1084 2945 1200 3028 Syriam
1224 2945 1389 3028 Syracusas
1413 2941 1582 3026 symbolum
1606 2954 1642 3007 ut
1663 2948 1733 3007 inse
1770 3019 1772 3022 Ι

360 3054 497 3108 aeterum
526 3043 612 3107 libris
645 3046 689 3108 sic
716 3047 748 3106 in
778 3049 890 3108 nostris
918 3064 974 3127 per
997 3065 1015 3127 y
1043 3043 1136 3107 scribi
1165 3052 1293 3126 oportet
1341 3043 1464 3126 Sumpsi
1494 3061 1550 3125 ρει
1573 3063 1593 3126 ρ
1622 3049 1695 3108 seri·

336 3143 493 3230 bendum
522 3152 582 3227 εει,
609 3145 748 3206 similiter
776 3155 807 3208 et
835 3153 1022 3227 sumpturus.
1076 3143 1136 3207 Sed
1165 3147 1281 3225 antiqui
1310 3143 1417 3206 sedum
1445 3142 1600 3226 dicebant,
1629 3145 1695 3207 ideo

361 3241 415 3305 sed
439 3261 493 3324 per
518 3241 535 3304 d
560 3241 653 3305 debet
676 3243 785 3328 scribi;
810 3253 855 3307 sat
878 3263 934 3326 per
958 3255 982 3328 t,
1006 3246 1076 3325 quia
1100 3263 1156 3326 per
1179 3261 1343 3326 apocopam
1366 3261 1382 3305 a
1409 3243 1548 3306 satisfit
1587 3242 1695 3307 Scribo

361 3359 416 3424 per
439 3340 473 3424 b,
502 3345 610 3424 scripsi
638 3362 737 3426 perp
766 3343 960 3407 scribendum
989 3353 1052 3426 est,
1079 3345 1149 3424 quia
1174 3342 1192 3404 h
1222 3345 1390 3404 transitio
1421 3359 1441 3422 p
1470 3343 1501 3403 in
1529 3345 1696 3424 praeterito

361 3451 507 3522 tempore.
547 3441 659 3526 Supter
682 3462 789 3527 per-p,
814 3462 874 3506 non
898 3462 954 3526 per
974 3443 995 3504 b
1014 3441 1167 3505 scribitur.
1206 3441 1319 3504 Saevus
1339 3450 1370 3503 et
1389 3459 1495 3503 seruus
1514 3459 1570 3522 per
1589 3441 1650 3504 doro
1669 3463 1695 3527 v,
1708 3457 1731 3496 so

361 3543 401 3602 ita
422 3549 456 3602 ut
480 3544 564 3623 prior
583 3542 769 3628 digammon,
794 3561 925 3625 sequens
944 3542 1055 3605 uocalis
1075 3545 1128 3622 sit3
1151 3541 1290 3603 similiter
1314 3558 1425 3622 parvus
1448 3558 1559 3621 prauus
1579 3550 1610 3603 ει
1629 3561 1694 3604 cor-

361 3659 425 3702 uus.
461 3635 575 3704 Serrle
597 3639 601 3723 Ι
623 3642 709 3704 civile
729 3651 760 3705 ει
778 3643 855 3705 ovile
873 3661 929 3724 per
945 3661 961 3702 ι
980 3641 1138 3704 scribenda
1159 3651 1244 3725 sunt,
1263 3643 1273 3702 ι
1291 3639 1379 3721 longa
1399 3649 1468 3702 ante
1487 3639 1506 3703 l.
1546 3640 1695 3718 Solemne,

362 3761 399 3804 eo
424 3741 504 3822 quod
533 3741 610 3804 solet
638 3745 670 3804 in
695 3761 788 3826 anuo,
815 3761 871 3824 per
895 3740 1023 3804 unuml
1052 3735 1247 3804 scribendum
1272 3749 1331 3824 est3
1360 3738 1412 3802 sed
1442 3748 1473 3802 et
1496 3757 1527 3800 m
1555 3745 1694 3822 sequenti

363 3841 493 3923 syllabae
513 3842 680 3904 secundum
700 3841 889 3904 Priscianum
913 3843 998 3922 iungi
1021 3840 1119 3903 debet.
1158 3838 1695 3923 Sedeosedi31ndesessui-usper
1782 3825 1785 3837 Α

361 3942 421 4004 duo
452 3961 467 4004 s
496 3941 649 4004 scribitur.
698 3942 839 4024 Spondeo
867 3941 1030 4023 spopondi,
1059 3939 1138 4020 quod
1169 3957 1183 4000 s
1211 3942 1244 4001 in
1272 3937 1404 4001 secunda
1434 3940 1545 4002 amittit
1572 3940 1728 4024 syllabast

361 4041 443 4104 velot
466 4041 622 4104 Prisciano
650 4041 757 4124 placet.
805 4039 874 4102 Scio
904 4042 977 4102 seiri
1006 4041 1115 4101 scitum
1145 4041 1278 4102 sciturus
1307 4039 1379 4100 iacit
1406 4047 1437 4100 ει
1460 4056 1497 4100 ει
1523 4057 1559 4100 eo
1588 4041 1694 4102 scisco.

451 4139 590 4203 Totidem
614 4159 670 4222 per
693 4148 706 4203 ι
729 4139 890 4222 scribitur,
916 4141 985 4220 quia
1010 4157 1027 4200 a
1051 4146 1095 4200 tot
1119 4156 1246 4200 nramero
1271 4136 1432 4200 adverbiali
1460 4139 1551 4200 venit.
1599 4139 1695 4202 Trans

433 4349 452 4397 ι
471 4344 640 4400 ειειεειειοε
659 4359 744 4415 agros
764 4359 821 4398 nou
839 4343 1010 4398 stercoratos
1029 4339 1067 4395 Μ
1087 4343 1258 4397 ειειεοιειεε
1277 4356 1361 4411 agros
1379 4354 1437 4395 non
1455 4339 1626 4396 sterceratos
1648 4339 1695 4412 pS

398 4423 672 4495 tpinguidinemS
745 4421 863 4479 Ssedas
878 4421 929 4492 pS
947 4421 1021 4478 sedis
1037 4423 1074 4476 M
1144 4425 1264 4479 uocatur
1276 4413 1345 4493 'pM
1360 4419 1509 4477 oooehtS
1581 4421 1694 4492 equod

361 4505 535 4562 substratum
551 4506 618 4577 pM
637 4505 715 4578 quod
738 4503 902 4562 stratumS
974 4507 1073 4576 supter
1092 4505 1114 4561 S
1135 4505 1232 4562 subter
1251 4505 1296 4560 est
1314 4503 1353 4558 M
1424 4507 1457 4558 12
1481 4517 1533 4574 pro
1557 4501 1694 4560 seruitute

361 4591 517 4657 posuerunt
539 4588 620 4644 Beda
640 4606 670 4659 ρ.
691 4591 798 4654 291,2
887 4590 921 4640 14
945 4583 1070 4658 deuulgo
1094 4586 1116 4642 S
1204 4590 1238 4640 lb
1266 4584 1403 4640 sumimus
1427 4583 1485 4655 ipsi
1508 4581 1532 4638 S
1556 4581 1694 4640 sumimus

362 4686 427 4724 cum
445 4669 501 4740 ipsi
516 4669 582 4740 pM
652 4675 686 4725 21
705 4668 771 4740 plus
790 4683 842 4724 om.
852 4664 928 4737 pbr,
948 4666 1051 4722 adds
1119 4683 1204 4736 quam
1220 4669 1264 4722 est
1277 4681 1327 4722 om.
1342 4665 1390 4735 M,
1406 4665 1471 4722 adn.
1483 4663 1534 4735 pS
1598 4665 1691 4737 aaut]

362 4751 392 4804 et
411 4751 505 4821 pem
556 4756 591 4806 th
611 4751 721 4823 Syriam
736 4750 889 4822 Syracusas
908 4749 1070 4819 symbulum
1090 4751 1166 4806 sieut
1183 4748 1212 4804 in
1227 4747 1332 4805 ueteris
1350 4746 1431 4803 libris
1444 4746 1485 4803 sie
1501 4747 1530 4802 st
1542 4744 1575 4801 iu
1589 4747 1693 4804 nostris

362 4847 412 4901 per
430 4849 450 4900 y
468 4833 614 4901 (superam.
633 4835 663 4898 u)
683 4831 769 4888 scribi
789 4831 902 4901 oportet
925 4828 964 4882 M
1033 4837 1069 4886 ³0
1093 4834 1191 4902 supter
1213 4847 1265 4901 per
1288 4848 1306 4900 p
1330 4845 1387 4885 non
1406 4829 1462 4900 'per
1485 4827 1505 4884 b
1523 4825 1575 4898 μθ
1599 4829 1694 4886 subter

362 4913 450 4984 perh
469 4930 525 4969 non
545 4930 633 4985 perp
653 4912 691 4968 Μ
760 4920 795 4970 36
814 4913 959 4970 Prisoiano
978 4912 1087 4986 placet]
1107 4913 1125 4972 i.
1146 4913 1211 4984 Ip.
1231 4917 1319 4981 23,2
