3610 5482
586 325 636 382 nu
658 303 955 386 onruoosaran
1392 327 1435 394 79

94 433 114 471 tr
128 423 184 464 mi
200 421 228 464 P:

94 511 146 588 qni
170 508 320 590 quasdam
340 507 457 570 litteras
476 507 608 576 lenitatis
631 531 721 578 causa
745 519 924 597 omiserunt,
947 517 1027 577 sicut
1051 514 1168 598 Cicero,
1191 518 1244 597 qui
1267 517 1378 578 loresia
1403 523 1433 578 et

92 615 258 696 llegalesia
282 625 313 678 et
342 617 475 680 hortesis
503 619 569 682 eine
593 640 613 683 n
638 621 738 686 littera
766 621 898 685 libenter
926 621 1046 685 dicebat
1074 631 1119 707 et,
1147 633 1181 686 ut
1209 622 1310 686 verbis
1339 626 1435 705 ipsius

92 734 230 805 utamur,
255 718 560 805 ‘posmeridianas
585 747 730 811 quoque
755 725 970 812 quadrigas'
993 732 1093 812 inquit
1117 724 1315 794 ‘libentius
1334 731 1435 794 dixe·
1482 769 1483 772 =

93 834 162 893 rim
193 850 300 912 qnam
329 833 667 915 postmeridianae’.
715 841 759 899 sie
789 848 820 900 et
846 836 972 900 dossum
999 857 1055 921 per
1084 837 1144 902 duo
1173 857 1188 900 s
1218 858 1307 920 quarn
1336 859 1392 922 per
1419 859 1436 902 r

67 939 222 1002 adorsum
252 941 376 1023 quidam
400 953 435 1006 ut
457 943 556 1006 lenius
585 946 828 1008 enuntiaverunt
871 964 906 1008 ac
930 954 992 1008 tota
1017 965 1033 1008 r
1056 946 1157 1010 littera
1187 946 1303 1012 sublata
1333 957 1380 1011 est
1403 952 1435 1012 in

92 1066 129 1108 eo
153 1048 240 1129 quod
266 1061 313 1113 est
336 1069 443 1115 rusum
467 1062 499 1115 et
521 1063 683 1117 retrosum.

188 1157 305 1222 Cocum
329 1179 388 1224 non
413 1161 489 1224 nulli
511 1164 543 1224 in
567 1173 695 1244 utraque
719 1162 830 1246 syllaba
854 1183 911 1246 per
934 1182 954 1245 q
977 1162 1126 1247 scribunt,
1150 1184 1209 1228 non
1234 1167 1309 1230 nulli
1333 1178 1363 1231 et
1388 1165 1432 1230 in·

91 1275 176 1328 serta
201 1287 240 1328 a:
264 1269 296 1330 in
320 1267 412 1332 verba
437 1271 527 1332 etiam
552 1289 708 1352 quoquere
734 1291 789 1353 per
812 1290 881 1353 quo.
929 1271 1021 1336 Nisus
1047 1283 1153 1336 censet
1178 1272 1290 1356 ubique
1315 1293 1332 1336 a
1356 1275 1434 1339 litte·

11 1375 12 1416 ³
92 1393 156 1437 ram
183 1377 356 1458 ponendam
377 1389 438 1440 tam
461 1379 492 1441 in
517 1381 640 1442 nomine
664 1398 755 1461 quam
778 1382 809 1444 in
833 1380 936 1464 verbo,
952 1379 1041 1462 'quod
1065 1381 1139 1445 mibi
1163 1385 1291 1446 nimium
1313 1383 1434 1446 videtur

11 1519 12 1524 κ
56 1499 77 1537 10
92 1484 182 1546 exile.
224 1503 296 1547 nam
318 1488 398 1549 siout
422 1503 482 1548 non
507 1499 555 1550 eet
577 1490 673 1568 prima
698 1487 810 1570 syllaba
833 1489 996 1572 oneranda,
1020 1491 1064 1552 sie
1084 1509 1216 1571 sequens
1240 1491 1361 1553 videtur
1383 1509 1434 1552 er-

91 1592 214 1675 plenda.
263 1612 300 1655 eo
327 1595 485 1658 decentius
514 1595 593 1677 apud
623 1595 786 1678 Vergilium
817 1597 929 1680 legitur
960 1593 1012 1661 ‘et
1041 1595 1273 1674 †caeteram
1305 1601 1435 1680 coquit

91 1700 289 1783 improbas
312 1699 478 1787 hastam',
502 1705 635 1768 secunda
659 1705 770 1786 syllaba
794 1725 850 1789 per
869 1725 888 1788 q
912 1709 1034 1790 scripta,
1058 1727 1149 1790 quiam
1173 1719 1207 1772 ut
1229 1719 1358 1790 utraque
1378 1726 1435 1789 per

16 1789 18 1792 ⁵
90 1828 107 1871 c
135 1815 262 1890 scripta
292 1812 470 1874 enuntietur
498 1812 527 1874 lr.
575 1812 757 1876 locutionem
787 1833 908 1896 quoque
927 1810 1080 1903 'latonius
1105 1816 1203 1880 liuius
1231 1835 1287 1898 per
1312 1834 1332 1897 q
1360 1814 1434 1878 dicit

90 1937 162 1980 esse
187 1917 397 2002 scribendam,
424 1919 506 2001 quod
530 1922 570 1982 eit
594 1921 631 1982 ab
657 1941 693 1985 eo
718 1921 798 2003 quod
823 1933 870 1986 est
893 1923 989 2005 loqui3
1020 1927 1092 1986 item
1120 1924 1291 2006 periculum
1315 1933 1345 1986 et
1374 1924 1433 1985 ier·

56 2039 79 2078 1⁵
92 2025 209 2088 culum.
258 2045 334 2108 quae
359 2031 481 2091 nomina
504 2039 646 2092 contenta
671 2049 738 2092 esse
762 2049 779 2092 a
803 2029 904 2092 littera
927 2033 1080 2114 existimo,
1109 2043 1169 2095 tam
1196 2031 1319 2096 hercule
1345 2049 1434 2113 qnam

91 2134 163 2196 illos
185 2137 293 2198 vitiose
313 2146 343 2200 et
362 2135 465 2198 dicere
485 2146 517 2198 et
536 2137 680 2221 seribere,
703 2143 759 2216 qai
772 2144 876 2218 patius
895 2158 951 2220 per
971 2157 1031 2220 quo
1050 2140 1184 2221 quotidie
1204 2140 1320 2223 dicunt,
1344 2159 1434 2222 quam

11 2239 12 2244 ’
90 2262 150 2324 per
175 2261 212 2304 co
236 2244 357 2327 cotidie,
381 2263 451 2307 cnm
471 2254 502 2307 et
526 2244 644 2308 dicatur
661 2245 776 2308 ¹melius
801 2255 831 2309 et
854 2246 1015 2310 scribatur.
1054 2267 1115 2310 non
1136 2250 1215 2312 enim
1236 2258 1283 2311 est
1302 2267 1319 2310 a
1341 2257 1433 2329 quoto

91 2349 142 2412 die
169 2351 305 2430 quotidie
330 2352 459 2434 dictum,
483 2352 536 2416 sed
561 2371 577 2414 a
602 2356 771 2416 continenti
794 2354 842 2416 die
867 2355 977 2417 cotidie
1002 2364 1141 2418 tractum.

187 2457 304 2520 Nimiae
334 2477 444 2522 rursus
472 2461 638 2543 elegantiae
667 2470 833 2524 sectatores
861 2480 923 2524 non
951 2461 1084 2526 arbitror
1110 2465 1286 2550 imitandos,
1314 2468 1433 2528 mmetsi

55 2581 78 2620 a
92 2566 188 2628 Nisus
213 2576 321 2629 auctor
340 2578 388 2630 est
406 2576 441 2631 ut
460 2587 579 2632 eomese
600 2579 630 2632 et
649 2588 797 2632 oonsuese
816 2589 872 2652 per
893 2589 988 2633 unum
1008 2589 1024 2642 s
1048 2571 1216 2636 scribamus
1236 2584 1267 2636 et
1290 2573 1363 2636 dicit
1386 2592 1432 2636 ra-

92 2668 225 2749 tionem',
257 2676 328 2754 quia
355 2678 439 2738 iuxta
464 2675 644 2758 productam
668 2675 800 2772 vocalem
822 2682 983 2754 pemiaata
1007 2697 1177 2743 consonans
1201 2681 1343 2764 progredi
1372 2700 1432 2744 uon

184 2866 280 2925 cauea
299 2867 454 2924 Parrhasii
490 2865 654 2924 tleuibstis
718 2867 858 2940 alonius]
879 2868 972 2925 leuius
1028 2869 1173 2928 Sinserte
1190 2873 1221 2928 in
1236 2861 1323 2930 uerbo
1345 2872 1433 2930 etiam

90 2983 239 3040 quoquere
257 2983 309 3039 per
326 2984 472 3040 quoquere
491 2954 642 3024 ussuee¹e¹ua
661 2970 690 3024 et
709 2969 740 3023 11
758 2967 865 3038 ubique
907 3043 911 3049 Ι
931 2974 964 3024 11
984 2985 1036 3040 par
1054 2987 1070 3026 c
1089 2971 1253 3029 enuntietur
1271 2973 1291 3027 k
1309 2973 1433 3044 loqutio-

89 3065 159 3105 uem
218 3054 252 3104 to
267 3047 408 3106 existumo
464 3055 499 3105 ta
517 3047 596 3121 illos]
611 3049 662 3106 illo
717 3049 768 3121 qui
781 3049 878 3122 potius
892 3066 942 3107 ora.
1001 3057 1034 3107 17
1049 3068 1107 3109 nou
1121 3053 1198 3110 enim
1212 3055 1256 3108 est
1271 3070 1289 3107 a
1303 3053 1433 3124 quotidie

91 3146 225 3218 quotidie
244 3147 353 3204 dicium
429 3153 462 3204 19
482 3147 603 3204 nimium
675 3149 817 3205 tamensi
885 3142 1219 3229 10111111111113111
1242 3170 1432 3225 perunume

148 3229 354 3301 21geruinste
371 3247 424 3286 ora.

187 3392 350 3450 tleniiatis
370 3398 506 3449 amreetor
524 3393 628 3448 codicis
654 3391 799 3460 Vaticani,
817 3393 945 3450 leuitatis
964 3392 993 3449 R
1060 3401 1097 3450 ·s
1117 3394 1353 3468 posmeridianas]
1375 3395 1431 3454 Oia.

90 3477 163 3529 orat.
183 3477 230 3544 47,
248 3479 312 3531 137.
341 3475 447 3533 loresia
465 3481 490 3532 et
508 3472 665 3546 Megalesia
683 3477 708 3526 et
727 3473 854 3530 hortesis
872 3477 923 3532 abi
942 3475 1037 3533 Cicera
1056 3476 1160 3532 1011111
1178 3491 1237 3531 aaa
1255 3482 1364 3533 emetat

91 3561 108 3609 a
128 3555 235 3629 leuius]
256 3555 348 3612 leuius
367 3554 396 3611 R
483 3554 598 3612 sublata
616 3558 661 3610 111
679 3553 709 3610 iu
729 3571 762 3611 eo
782 3573 879 3612 meum
897 3555 926 3612 R
1009 3563 1026 3614 8
1046 3556 1076 3613 iu
1095 3557 1183 3613 verbo
1203 3557 1291 3613 etiam
1311 3574 1431 3628 coquere

91 3653 145 3707 pro
164 3651 311 3706 quoquere
329 3637 417 3693 Nisae
436 3637 547 3703 censet,
567 3634 719 3707 elabique
739 3653 754 3692 c
773 3635 901 3693 litteram
919 3637 948 3692 1t
1023 3643 1055 3692 11
1077 3639 1106 3694 11
1125 3635 1274 3694 decentius
1293 3635 1432 3696 Semierue

128 3720 159 3774 11
178 3721 287 3774 certam
301 3717 397 3791 quatit
414 3716 562 3789 improbus
581 3717 696 3774 hesim
710 3715 807 3786 11111
826 3718 956 3774 lammam
971 3724 1037 3789 poet
1051 3717 1165 3774 basiam
1180 3719 1317 3775 indicauit
1332 3719 1430 3778 Sente-

91 3814 149 3856 1111,
185 3805 346 3870 corruptam
370 3798 473 3854 codicis
497 3797 650 3867 lectionesa,
674 3799 712 3855 ud
735 3816 818 3870 qaam
842 3800 873 3856 id
900 3801 975 3871 qaod
996 3802 1135 3872 sequitur,
1165 3801 1291 3857 secunda
1320 3801 1432 3872 syllaba

91 3897 144 3951 per
163 3897 185 3950 q
203 3878 318 3950 scripte,
334 3880 465 3949 pertinet,
483 3879 603 3946 retinui,
622 3896 792 3950 quamquam
801 3879 931 3952 Longam
946 3881 1052 3952 coquit,
1071 3899 1129 3938 asoa
1148 3881 1252 3952 quatit,
1272 3883 1349 3953 apud
1367 3881 1431 3939 Ver-

90 3961 195 4031 uttam
212 3961 308 4032 legisse
320 3977 428 4031 param
441 3959 589 4031 probabile
607 3965 653 4017 eet.
685 3961 733 4016 sed
751 3961 807 4016 duo
825 3978 921 4019 emese
938 3980 1028 4036 georg.
1046 3964 1089 4019 II
1102 3970 1160 4022 523
1179 3963 1258 4020 mitis
1277 3964 1306 4019 in
1326 3964 1430 4035 apricis

91 4041 228 4113 coquitur
250 4039 395 4098 vindemia
418 4039 507 4111 saxis,
531 4058 585 4111 quo
608 4041 729 4112 scorpio
755 4041 932 4112 Papirianae
955 4046 1033 4116 apstd
1058 4043 1181 4102 Cassiod.
1202 4063 1234 4117 p.
1257 4050 1339 4102 2295
1363 4062 1431 4101 usus

90 4130 143 4192 est,
168 4128 195 4180 et
218 4123 288 4178 Aen.
311 4118 364 4176 XI
381 4125 438 4176 tat
462 4126 492 4177 11
515 4125 621 4178 certam
645 4121 740 4193 quatit
762 4122 909 4194 improbus
932 4125 1057 4194 1111111,
1077 4129 1127 4196 qai
1150 4127 1183 4182 de
1205 4126 1286 4182 aerbo
1312 4127 1430 4196 quatere

90 4209 172 4278 (1111
190 4205 264 4261 allud
282 4219 388 4274 quoque
405 4202 437 4256 ta
455 4202 508 4256 irae
526 4205 684 4273 quaestione
703 4222 722 4259 a
739 4207 931 4274 praausaticis
949 4207 1107 4264 adhibitum
1126 4212 1176 4262 eet:
1202 4208 1237 4274 ef.
1250 4199 1338 4262 'Mae
1360 4205 1430 4265 Vici.

87 4306 118 4358 p.
129 4292 177 4354 13,
191 4287 241 4356 21)
256 4284 381 4342 adscribi
389 4285 697 4356 poterat,·aeglepeutia
711 4286 894 4342 librariorum
907 4287 1039 4344 videatur
1052 4289 1164 4355 contusi
1177 4304 1232 4342 esse
1298 4293 1331 4342 11
1346 4305 1397 4360 per
1412 4307 1428 4345 c

91 4367 258 4425 enuntietur
275 4367 295 4423 tr
313 4365 351 4436 1t,
369 4383 421 4439 per
440 4365 640 4422 renuntietur
658 4365 768 4434 (moiseo
787 4367 817 4437 k)
837 4368 976 4426 Semleruss
1052 4375 1084 4424 tt
1104 4385 1190 4438 quam
1209 4367 1261 4423 illa
1279 4367 1383 4425 vitiose
1402 4373 1432 4426 11

92 4449 188 4506 dicere
208 4451 239 4504 et
256 4448 388 4506 scribere:
415 4447 470 4505 Per
489 4465 545 4519 qno
565 4445 692 4518 qnotidie
711 4447 856 4520 dicunth
936 4459 970 4508 11
990 4448 1130 4522 qnotidie]
1157 4447 1333 4520 Papirianae
1352 4451 1430 4522 apud

94 4530 220 4588 Cassiod.
235 4547 266 4601 p.
281 4535 362 4587 2290
436 4535 471 4586 17
490 4546 548 4586 nou
566 4529 643 4585 enim
662 4531 706 4586 111
725 4530 852 4601 qnotidie
871 4549 889 4588 s
908 4537 996 4602 quoto
1015 4529 1125 4587 dietum
1144 4529 1172 4585 tt
1248 4537 1281 4588 19
1301 4529 1430 4588 Nimium

91 4631 189 4669 rursus
206 4609 236 4667 R
310 4617 345 4667 10
363 4609 448 4667 Nisus
466 4612 645 4680 auctorest,
666 4627 795 4668 comesse
814 4615 843 4668 11
861 4629 978 4670 aenaeae
997 4629 1048 4683 per
1067 4631 1154 4667 unum
1174 4631 1187 4667 s
1207 4611 1243 4667 R.
1269 4629 1380 4671 comesa
1399 4617 1429 4670 11

93 4709 174 4750 anese
199 4691 313 4748 Pieriae
337 4691 507 4749 Valerianus
530 4693 562 4747 iu
587 4690 666 4763 Verp.
690 4695 760 4750 Aea.
786 4693 876 4765 VIII
899 4700 954 4752 184
982 4699 1008 4750 et
1032 4692 1230 4760 damnatitius,
1259 4711 1371 4751 comesa
1398 4696 1428 4751 11

93 4790 192 4830 masse
211 4772 357 4846 Seyferius
373 4790 488 4845 gramm.
509 4773 557 4829 iat.
577 4771 670 4844 §132
685 4792 716 4845 p.
727 4781 764 4831 90
838 4782 872 4830 11
893 4775 973 4830 iuxta
990 4775 1161 4845 productam
1180 4775 1310 4832 vocalem
1330 4792 1428 4832 conso·

94 4871 164 4910 nans
181 4855 315 4926 progredi
334 4872 391 4912 non
405 4855 497 4912 111111
515 4855 557 4922 tt,
576 4854 651 4925 quod
668 4856 710 4911 ita
729 4858 841 4925 defendi
856 4861 981 4927 poterat,
1000 4861 1032 4910 ut
1046 4861 1112 4925 post
1126 4855 1293 4926 prodactam-
1307 4856 1427 4912 esculea
