<?xml version="1.0" encoding="UTF-8"?>
<!DOCTYPE html PUBLIC "-//W3C//DTD XHTML 1.0 Transitional//EN"
    "http://www.w3.org/TR/xhtml1/DTD/xhtml1-transitional.dtd">
<html xmlns="http://www.w3.org/1999/xhtml" xml:lang="en" lang="en">
 <head>
  <title>
</title>
<meta http-equiv="Content-Type" content="text/html;charset=utf-8" />
  <meta name='ocr-system' content='tesseract 3.04.00' />
  <meta name='ocr-capabilities' content='ocr_page ocr_carea ocr_par ocr_line ocrx_word'/>
</head>
<body>
  <div class='ocr_page' id='page_1' title='image "./grammaticilatin00unkngoog/grammaticilatin00unkngoog_0317.png"; bbox 0 0 3602 5482; ppageno 0'>
   <div class='ocr_carea' id='block_1_1' title="bbox 346 289 1078 447">
    <p class='ocr_par' dir='ltr' id='par_1_1' title="bbox 346 289 1078 447">
     <span class='ocr_line' id='line_1_1' title="bbox 346 289 1078 360; baseline -0.008 -2"><span class='ocrx_word' id='word_1_1' title='bbox 346 289 414 360; x_wconf 77' lang='grc'><strong>302</strong></span> <span class='ocrx_word' id='word_1_2' title='bbox 950 293 1078 352; x_wconf 74' lang='lat' dir='ltr'>ALBINI</span> 
     </span>
     <span class='ocr_line' id='line_1_2' title="bbox 346 394 526 447; baseline 0 -9"><span class='ocrx_word' id='word_1_3' title='bbox 346 407 370 447; x_wconf 65' lang='grc' dir='ltr'><strong>μ.</strong></span> <span class='ocrx_word' id='word_1_4' title='bbox 383 395 445 438; x_wconf 79' lang='lat' dir='ltr'><strong>rosc.</strong></span> <span class='ocrx_word' id='word_1_5' title='bbox 459 397 486 440; x_wconf 85' lang='grc' dir='ltr'><strong>ιι</strong></span> <span class='ocrx_word' id='word_1_6' title='bbox 500 394 526 438; x_wconf 82' lang='lat' dir='ltr'><strong>r.</strong></span> 
     </span>
    </p>
   </div>
   <div class='ocr_carea' id='block_1_2' title="bbox 267 481 1689 892">
    <p class='ocr_par' dir='ltr' id='par_1_2' title="bbox 267 481 1689 892">
     <span class='ocr_line' id='line_1_3' title="bbox 346 481 1689 568; baseline -0.001 -22"><span class='ocrx_word' id='word_1_7' title='bbox 346 482 427 568; x_wconf 81' lang='lat' dir='ltr'><strong>quod</strong></span> <span class='ocrx_word' id='word_1_8' title='bbox 457 491 505 546; x_wconf 84' lang='lat' dir='ltr'><strong>est</strong></span> <span class='ocrx_word' id='word_1_9' title='bbox 535 481 694 566; x_wconf 89' lang='lat' dir='ltr'><strong>dciormls,</strong></span> <span class='ocrx_word' id='word_1_10' title='bbox 722 499 778 565; x_wconf 89' lang='lat' dir='ltr'><strong>per</strong></span> <span class='ocrx_word' id='word_1_11' title='bbox 807 481 974 564; x_wconf 72' lang='lat' dir='ltr'><strong>simplicem</strong></span> <span class='ocrx_word' id='word_1_12' title='bbox 1004 502 1036 565; x_wconf 70' lang='grc' dir='ltr'><strong>ις</strong></span> <span class='ocrx_word' id='word_1_13' title='bbox 1065 481 1185 558; x_wconf 87' lang='lat' dir='ltr'><strong>ioedus,</strong></span> <span class='ocrx_word' id='word_1_14' title='bbox 1214 481 1296 564; x_wconf 81' lang='lat' dir='ltr'><strong>quoti</strong></span> <span class='ocrx_word' id='word_1_15' title='bbox 1324 492 1372 546; x_wconf 88' lang='lat' dir='ltr'><strong>est</strong></span> <span class='ocrx_word' id='word_1_16' title='bbox 1399 490 1536 566; x_wconf 87' lang='lat' dir='ltr'><strong>pactum,</strong></span> <span class='ocrx_word' id='word_1_17' title='bbox 1565 501 1621 565; x_wconf 91' lang='lat' dir='ltr'><strong>per</strong></span> <span class='ocrx_word' id='word_1_18' title='bbox 1651 502 1689 544; x_wconf 85' lang='lat' dir='ltr'><strong>oe</strong></span> 
     </span>
     <span class='ocr_line' id='line_1_4' title="bbox 346 589 1689 675; baseline -0.001 -21"><span class='ocrx_word' id='word_1_19' title='bbox 346 591 557 674; x_wconf 77' lang='lat' dir='ltr'><strong>diphthongon</strong></span> <span class='ocrx_word' id='word_1_20' title='bbox 578 589 733 654; x_wconf 72' lang='lat' dir='ltr'><strong>scribitur.</strong></span> <span class='ocrx_word' id='word_1_21' title='bbox 762 589 849 654; x_wconf 83' lang='lat' dir='ltr'><strong>Falso</strong></span> <span class='ocrx_word' id='word_1_22' title='bbox 869 609 979 654; x_wconf 90' lang='lat' dir='ltr'><strong>nomen</strong></span> <span class='ocrx_word' id='word_1_23' title='bbox 999 589 1121 654; x_wconf 82' lang='lat' dir='ltr'><strong>ablativi</strong></span> <span class='ocrx_word' id='word_1_24' title='bbox 1140 609 1229 653; x_wconf 89' lang='lat' dir='ltr'><strong>casus</strong></span> <span class='ocrx_word' id='word_1_25' title='bbox 1248 599 1280 654; x_wconf 88' lang='lat' dir='ltr'><strong>et</strong></span> <span class='ocrx_word' id='word_1_26' title='bbox 1298 590 1424 654; x_wconf 78' lang='lat' dir='ltr'><strong>verbum</strong></span> <span class='ocrx_word' id='word_1_27' title='bbox 1444 595 1561 675; x_wconf 90' lang='lat' dir='ltr'><strong>primae</strong></span> <span class='ocrx_word' id='word_1_28' title='bbox 1580 595 1689 654; x_wconf 89' lang='lat' dir='ltr'><strong>conin-</strong></span> 
     </span>
     <span class='ocr_line' id='line_1_5' title="bbox 346 682 1689 785; baseline -0.001 -21"><span class='ocrx_word' id='word_1_29' title='bbox 346 703 475 784; x_wconf 79' lang='lat' dir='ltr'><strong>qatioula</strong></span> <span class='ocrx_word' id='word_1_30' title='bbox 495 710 526 764; x_wconf 91' lang='lat' dir='ltr'><strong>et</strong></span> <span class='ocrx_word' id='word_1_31' title='bbox 544 699 729 764; x_wconf 78' lang='lat' dir='ltr'><strong>adverbium.</strong></span> <span class='ocrx_word' id='word_1_32' title='bbox 768 699 893 782; x_wconf 76' lang='lat' dir='ltr'><strong>Flagitia</strong></span> <span class='ocrx_word' id='word_1_33' title='bbox 913 718 990 782; x_wconf 91' lang='lat' dir='ltr'><strong>quae</strong></span> <span class='ocrx_word' id='word_1_34' title='bbox 1010 702 1041 762; x_wconf 94' lang='lat' dir='ltr'><strong>in</strong></span> <span class='ocrx_word' id='word_1_35' title='bbox 1061 700 1152 762; x_wconf 89' lang='lat' dir='ltr'><strong>deum</strong></span> <span class='ocrx_word' id='word_1_36' title='bbox 1177 719 1353 785; x_wconf 76' lang='lat' dir='ltr'><strong>peccamus,</strong></span> <span class='ocrx_word' id='word_1_37' title='bbox 1368 682 1509 764; x_wconf 77' lang='lat' dir='ltr'><strong>¹iacinorn</strong></span> <span class='ocrx_word' id='word_1_38' title='bbox 1533 705 1565 764; x_wconf 93' lang='lat' dir='ltr'><strong>in</strong></span> <span class='ocrx_word' id='word_1_39' title='bbox 1589 701 1689 776; x_wconf 79' lang='lat' dir='ltr'><strong>bomi;</strong></span> 
     </span>
     <span class='ocr_line' id='line_1_6' title="bbox 267 807 1689 892; baseline -0.002 -18"><span class='ocrx_word' id='word_1_40' title='bbox 267 856 269 862; x_wconf 70' lang='lat'><strong>,</strong></span> <span class='ocrx_word' id='word_1_41' title='bbox 347 829 425 874; x_wconf 90' lang='lat' dir='ltr'><strong>nem.</strong></span> <span class='ocrx_word' id='word_1_42' title='bbox 464 809 568 874; x_wconf 84' lang='lat' dir='ltr'><strong>Fimus</strong></span> <span class='ocrx_word' id='word_1_43' title='bbox 587 819 618 872; x_wconf 92' lang='lat' dir='ltr'><strong>et</strong></span> <span class='ocrx_word' id='word_1_44' title='bbox 637 809 739 872; x_wconf 83' lang='lat' dir='ltr'><strong>lutuno</strong></span> <span class='ocrx_word' id='word_1_45' title='bbox 759 810 853 872; x_wconf 78' lang='lat' dir='ltr'><strong>irrues</strong></span> <span class='ocrx_word' id='word_1_46' title='bbox 872 811 994 874; x_wconf 87' lang='lat' dir='ltr'><strong>laeuum</strong></span> <span class='ocrx_word' id='word_1_47' title='bbox 1014 819 1045 872; x_wconf 90' lang='lat' dir='ltr'><strong>et</strong></span> <span class='ocrx_word' id='word_1_48' title='bbox 1067 809 1107 872; x_wconf 88' lang='lat' dir='ltr'><strong>iel</strong></span> <span class='ocrx_word' id='word_1_49' title='bbox 1130 807 1277 892; x_wconf 90' lang='lat' dir='ltr'><strong>pluralem</strong></span> <span class='ocrx_word' id='word_1_50' title='bbox 1298 827 1458 872; x_wconf 88' lang='lat' dir='ltr'><strong>numerum</strong></span> <span class='ocrx_word' id='word_1_51' title='bbox 1479 829 1539 874; x_wconf 91' lang='lat' dir='ltr'><strong>nou</strong></span> <span class='ocrx_word' id='word_1_52' title='bbox 1564 809 1689 890; x_wconf 85' lang='lat' dir='ltr'><strong>babent.</strong></span> 
     </span>
    </p>
   </div>
   <div class='ocr_carea' id='block_1_3' title="bbox 237 917 1716 1014">
    <p class='ocr_par' dir='ltr' id='par_1_3' title="bbox 237 917 1716 1014">
     <span class='ocr_line' id='line_1_7' title="bbox 237 917 1716 1014; baseline 0.001 -32"><span class='ocrx_word' id='word_1_53' title='bbox 237 1003 245 1014; x_wconf 29' lang='grc' dir='ltr'>ι</span> <span class='ocrx_word' id='word_1_54' title='bbox 346 920 440 984; x_wconf 81' lang='lat' dir='ltr'><strong>lidus</strong></span> <span class='ocrx_word' id='word_1_55' title='bbox 459 920 623 984; x_wconf 80' lang='lat' dir='ltr'><strong>fidissimus</strong></span> <span class='ocrx_word' id='word_1_56' title='bbox 642 920 879 1000; x_wconf 80' lang='lat' dir='ltr'><strong>comparativum</strong></span> <span class='ocrx_word' id='word_1_57' title='bbox 899 917 1080 1001; x_wconf 87' lang='lat' dir='ltr'><strong>nonhabet,</strong></span> <span class='ocrx_word' id='word_1_58' title='bbox 1101 918 1154 980; x_wconf 76' lang='lat' dir='ltr'><strong>secl</strong></span> <span class='ocrx_word' id='word_1_59' title='bbox 1174 937 1230 1002; x_wconf 93' lang='lat' dir='ltr'><strong>pro</strong></span> <span class='ocrx_word' id='word_1_60' title='bbox 1245 937 1281 981; x_wconf 88' lang='lat' dir='ltr'><strong>eo</strong></span> <span class='ocrx_word' id='word_1_61' title='bbox 1301 918 1464 982; x_wconf 84' lang='lat' dir='ltr'><strong>(licendum</strong></span> <span class='ocrx_word' id='word_1_62' title='bbox 1484 922 1579 1002; x_wconf 75' lang='lat' dir='ltr'><strong>magis</strong></span> <span class='ocrx_word' id='word_1_63' title='bbox 1598 920 1716 1004; x_wconf 77' lang='lat' dir='ltr'><strong>lidus,c</strong></span> 
     </span>
    </p>
   </div>
   <div class='ocr_carea' id='block_1_4' title="bbox 346 1025 1729 1760">
    <p class='ocr_par' dir='ltr' id='par_1_4' title="bbox 346 1025 1729 1760">
     <span class='ocr_line' id='line_1_8' title="bbox 347 1025 1686 1109; baseline 0 -17"><span class='ocrx_word' id='word_1_64' title='bbox 347 1033 447 1092; x_wconf 86' lang='lat' dir='ltr'><strong>minus</strong></span> <span class='ocrx_word' id='word_1_65' title='bbox 466 1028 554 1092; x_wconf 81' lang='lat' dir='ltr'><strong>lidus.</strong></span> <span class='ocrx_word' id='word_1_66' title='bbox 592 1026 705 1109; x_wconf 78' lang='lat' dir='ltr'><strong>Fulgeo</strong></span> <span class='ocrx_word' id='word_1_67' title='bbox 725 1037 757 1090; x_wconf 90' lang='lat' dir='ltr'><strong>et</strong></span> <span class='ocrx_word' id='word_1_68' title='bbox 781 1025 872 1090; x_wconf 90' lang='lat' dir='ltr'><strong>iulcio</strong></span> <span class='ocrx_word' id='word_1_69' title='bbox 891 1028 1021 1090; x_wconf 89' lang='lat' dir='ltr'><strong>eundem</strong></span> <span class='ocrx_word' id='word_1_70' title='bbox 1046 1025 1159 1092; x_wconf 86' lang='lat' dir='ltr'><strong>babent</strong></span> <span class='ocrx_word' id='word_1_71' title='bbox 1182 1029 1352 1109; x_wconf 89' lang='lat' dir='ltr'><strong>perlectum</strong></span> <span class='ocrx_word' id='word_1_72' title='bbox 1372 1027 1451 1090; x_wconf 89' lang='lat' dir='ltr'><strong>iulsi.</strong></span> <span class='ocrx_word' id='word_1_73' title='bbox 1489 1028 1513 1090; x_wconf 82' lang='lat' dir='ltr'>F</span> <span class='ocrx_word' id='word_1_74' title='bbox 1532 1027 1634 1092; x_wconf 87' lang='lat' dir='ltr'><strong>littera</strong></span> <span class='ocrx_word' id='word_1_75' title='bbox 1655 1033 1686 1092; x_wconf 90' lang='lat' dir='ltr'><strong>in</strong></span> 
     </span>
     <span class='ocr_line' id='line_1_9' title="bbox 346 1133 1688 1220; baseline -0.001 -19"><span class='ocrx_word' id='word_1_76' title='bbox 346 1139 480 1220; x_wconf 86' lang='lat' dir='ltr'><strong>speciem</strong></span> <span class='ocrx_word' id='word_1_77' title='bbox 505 1137 631 1218; x_wconf 77' lang='lat' dir='ltr'><strong>figurata</strong></span> <span class='ocrx_word' id='word_1_78' title='bbox 650 1145 698 1198; x_wconf 89' lang='lat' dir='ltr'><strong>est</strong></span> <span class='ocrx_word' id='word_1_79' title='bbox 721 1133 878 1198; x_wconf 83' lang='lat' dir='ltr'><strong>cuiusdam</strong></span> <span class='ocrx_word' id='word_1_80' title='bbox 903 1135 1020 1200; x_wconf 87' lang='lat' dir='ltr'><strong>litterae</strong></span> <span class='ocrx_word' id='word_1_81' title='bbox 1045 1155 1122 1218; x_wconf 87' lang='lat' dir='ltr'><strong>qnae</strong></span> <span class='ocrx_word' id='word_1_82' title='bbox 1147 1135 1296 1217; x_wconf 78' lang='lat' dir='ltr'><strong>digamma</strong></span> <span class='ocrx_word' id='word_1_83' title='bbox 1316 1137 1498 1220; x_wconf 89' lang='lat' dir='ltr'><strong>nominatur,</strong></span> <span class='ocrx_word' id='word_1_84' title='bbox 1518 1141 1588 1219; x_wconf 88' lang='lat' dir='ltr'><strong>quia</strong></span> <span class='ocrx_word' id='word_1_85' title='bbox 1608 1138 1688 1200; x_wconf 85' lang='lat' dir='ltr'><strong>duos</strong></span> 
     </span>
     <span class='ocr_line' id='line_1_10' title="bbox 348 1242 1687 1328; baseline -0.001 -20"><span class='ocrx_word' id='word_1_86' title='bbox 348 1248 450 1328; x_wconf 81' lang='lat' dir='ltr'><strong>apices</strong></span> <span class='ocrx_word' id='word_1_87' title='bbox 474 1265 510 1309; x_wconf 86' lang='lat' dir='ltr'><strong>ex</strong></span> <span class='ocrx_word' id='word_1_88' title='bbox 539 1263 656 1328; x_wconf 76' lang='lat' dir='ltr'><strong>gamma</strong></span> <span class='ocrx_word' id='word_1_89' title='bbox 684 1244 784 1307; x_wconf 90' lang='lat' dir='ltr'><strong>littera</strong></span> <span class='ocrx_word' id='word_1_90' title='bbox 813 1242 924 1307; x_wconf 87' lang='lat' dir='ltr'><strong>babere</strong></span> <span class='ocrx_word' id='word_1_91' title='bbox 949 1245 1096 1308; x_wconf 81' lang='lat' dir='ltr'><strong>rideatur.</strong></span> <span class='ocrx_word' id='word_1_92' title='bbox 1133 1244 1170 1306; x_wconf 89' lang='lat' dir='ltr'><strong>ad</strong></span> <span class='ocrx_word' id='word_1_93' title='bbox 1200 1243 1292 1307; x_wconf 85' lang='lat' dir='ltr'><strong>huius</strong></span> <span class='ocrx_word' id='word_1_94' title='bbox 1316 1247 1383 1306; x_wconf 83' lang='lat' dir='ltr'><strong>soni</strong></span> <span class='ocrx_word' id='word_1_95' title='bbox 1414 1244 1645 1308; x_wconf 86' lang='lat' dir='ltr'><strong>similitudinem</strong></span> <span class='ocrx_word' id='word_1_96' title='bbox 1670 1267 1687 1306; x_wconf 83' lang='grc' dir='ltr'>ι</span> 
     </span>
     <span class='ocr_line' id='line_1_11' title="bbox 349 1353 1687 1436; baseline 0 -20"><span class='ocrx_word' id='word_1_97' title='bbox 349 1365 566 1419; x_wconf 74' lang='lat' dir='ltr'><strong>consonantem</strong></span> <span class='ocrx_word' id='word_1_98' title='bbox 589 1354 657 1416; x_wconf 89' lang='lat' dir='ltr'><strong>loco</strong></span> <span class='ocrx_word' id='word_1_99' title='bbox 680 1355 747 1416; x_wconf 91' lang='lat' dir='ltr'><strong>eius</strong></span> <span class='ocrx_word' id='word_1_100' title='bbox 772 1355 869 1416; x_wconf 81' lang='lat' dir='ltr'><strong>nostri</strong></span> <span class='ocrx_word' id='word_1_101' title='bbox 898 1361 1081 1436; x_wconf 86' lang='lat' dir='ltr'><strong>posueruut,</strong></span> <span class='ocrx_word' id='word_1_102' title='bbox 1108 1361 1143 1416; x_wconf 89' lang='lat' dir='ltr'><strong>ut</strong></span> <span class='ocrx_word' id='word_1_103' title='bbox 1171 1361 1274 1414; x_wconf 80' lang='lat' dir='ltr'><strong>votum</strong></span> <span class='ocrx_word' id='word_1_104' title='bbox 1304 1354 1402 1434; x_wconf 79' lang='lat' dir='ltr'><strong>virgo:</strong></span> <span class='ocrx_word' id='word_1_105' title='bbox 1431 1353 1579 1434; x_wconf 79' lang='lat' dir='ltr'><strong>digamma</strong></span> <span class='ocrx_word' id='word_1_106' title='bbox 1605 1357 1687 1417; x_wconf 91' lang='lat' dir='ltr'><strong>euim</strong></span> 
     </span>
     <span class='ocr_line' id='line_1_12' title="bbox 347 1459 1729 1546; baseline 0.001 -22"><span class='ocrx_word' id='word_1_107' title='bbox 347 1465 483 1544; x_wconf 87' lang='lat' dir='ltr'><strong>oportuit</strong></span> <span class='ocrx_word' id='word_1_108' title='bbox 500 1465 583 1546; x_wconf 85' lang='lat' dir='ltr'><strong>poni,</strong></span> <span class='ocrx_word' id='word_1_109' title='bbox 600 1461 708 1524; x_wconf 74' lang='lat' dir='ltr'><strong>lotum</strong></span> <span class='ocrx_word' id='word_1_110' title='bbox 728 1461 828 1544; x_wconf 76' lang='lat' dir='ltr'><strong>lingo.</strong></span> <span class='ocrx_word' id='word_1_111' title='bbox 861 1460 1031 1545; x_wconf 83' lang='lat' dir='ltr'><strong>Festucam,</strong></span> <span class='ocrx_word' id='word_1_112' title='bbox 1050 1479 1110 1524; x_wconf 91' lang='lat' dir='ltr'><strong>non</strong></span> <span class='ocrx_word' id='word_1_113' title='bbox 1130 1461 1267 1523; x_wconf 84' lang='lat' dir='ltr'><strong>fistucam</strong></span> <span class='ocrx_word' id='word_1_114' title='bbox 1287 1459 1390 1523; x_wconf 84' lang='lat' dir='ltr'><strong>dicito.</strong></span> <span class='ocrx_word' id='word_1_115' title='bbox 1423 1460 1557 1524; x_wconf 81' lang='lat' dir='ltr'><strong>Fnrflcas</strong></span> <span class='ocrx_word' id='word_1_116' title='bbox 1577 1481 1685 1525; x_wconf 89' lang='lat' dir='ltr'><strong>secun·</strong></span> <span class='ocrx_word' id='word_1_117' title='bbox 1705 1489 1729 1526; x_wconf 82' lang='grc' dir='ltr'><strong>ιι</strong></span> 
     </span>
     <span class='ocr_line' id='line_1_13' title="bbox 346 1567 1687 1652; baseline 0.001 -20"><span class='ocrx_word' id='word_1_118' title='bbox 346 1570 419 1634; x_wconf 88' lang='lat' dir='ltr'><strong>dum</strong></span> <span class='ocrx_word' id='word_1_119' title='bbox 439 1569 663 1652; x_wconf 73' lang='lat' dir='ltr'><strong>etymologiam,</strong></span> <span class='ocrx_word' id='word_1_120' title='bbox 687 1571 713 1631; x_wconf 86' lang='lat' dir='ltr'><strong>si</strong></span> <span class='ocrx_word' id='word_1_121' title='bbox 732 1587 748 1630; x_wconf 91' lang='lat' dir='ltr'><strong>a</strong></span> <span class='ocrx_word' id='word_1_122' title='bbox 769 1569 818 1630; x_wconf 89' lang='lat' dir='ltr'><strong>iilo</strong></span> <span class='ocrx_word' id='word_1_123' title='bbox 838 1568 992 1650; x_wconf 83' lang='lat' dir='ltr'><strong>dicuntur,</strong></span> <span class='ocrx_word' id='word_1_124' title='bbox 1016 1569 1030 1632; x_wconf 88' lang='lat' dir='ltr'><strong>l</strong></span> <span class='ocrx_word' id='word_1_125' title='bbox 1050 1571 1183 1651; x_wconf 89' lang='lat' dir='ltr'><strong>ponitur,</strong></span> <span class='ocrx_word' id='word_1_126' title='bbox 1207 1577 1242 1630; x_wconf 89' lang='lat' dir='ltr'><strong>ut</strong></span> <span class='ocrx_word' id='word_1_127' title='bbox 1265 1567 1401 1651; x_wconf 88' lang='lat' dir='ltr'><strong>lorliccs,</strong></span> <span class='ocrx_word' id='word_1_128' title='bbox 1425 1587 1501 1650; x_wconf 91' lang='lat' dir='ltr'><strong>qnae</strong></span> <span class='ocrx_word' id='word_1_129' title='bbox 1526 1579 1600 1633; x_wconf 86' lang='lat' dir='ltr'><strong>suut</strong></span> <span class='ocrx_word' id='word_1_130' title='bbox 1623 1589 1687 1633; x_wconf 86' lang='lat' dir='ltr'><strong>sar·</strong></span> 
     </span>
     <span class='ocr_line' id='line_1_14' title="bbox 349 1674 1689 1760; baseline -0.001 -18"><span class='ocrx_word' id='word_1_131' title='bbox 349 1689 469 1757; x_wconf 87' lang='lat' dir='ltr'><strong>torum;</strong></span> <span class='ocrx_word' id='word_1_132' title='bbox 489 1680 515 1740; x_wconf 91' lang='lat' dir='ltr'><strong>si</strong></span> <span class='ocrx_word' id='word_1_133' title='bbox 534 1696 550 1740; x_wconf 92' lang='lat' dir='ltr'><strong>a</strong></span> <span class='ocrx_word' id='word_1_134' title='bbox 570 1676 642 1759; x_wconf 89' lang='lat' dir='ltr'><strong>pilo,</strong></span> <span class='ocrx_word' id='word_1_135' title='bbox 660 1695 716 1759; x_wconf 89' lang='lat' dir='ltr'><strong>per</strong></span> <span class='ocrx_word' id='word_1_136' title='bbox 735 1696 763 1759; x_wconf 91' lang='lat' dir='ltr'><strong>p,</strong></span> <span class='ocrx_word' id='word_1_137' title='bbox 783 1685 818 1740; x_wconf 92' lang='lat' dir='ltr'><strong>ut</strong></span> <span class='ocrx_word' id='word_1_138' title='bbox 837 1677 979 1759; x_wconf 88' lang='lat' dir='ltr'><strong>iorpices,</strong></span> <span class='ocrx_word' id='word_1_139' title='bbox 998 1695 1075 1758; x_wconf 91' lang='lat' dir='ltr'><strong>qnae</strong></span> <span class='ocrx_word' id='word_1_140' title='bbox 1096 1687 1167 1739; x_wconf 90' lang='lat' dir='ltr'><strong>sunt</strong></span> <span class='ocrx_word' id='word_1_141' title='bbox 1188 1685 1360 1759; x_wconf 81' lang='lat' dir='ltr'><strong>tonsorum3</strong></span> <span class='ocrx_word' id='word_1_142' title='bbox 1380 1678 1406 1738; x_wconf 87' lang='lat' dir='ltr'><strong>si</strong></span> <span class='ocrx_word' id='word_1_143' title='bbox 1426 1676 1462 1738; x_wconf 90' lang='lat' dir='ltr'><strong>ab</strong></span> <span class='ocrx_word' id='word_1_144' title='bbox 1483 1674 1488 1757; x_wconf 85' lang='grc' dir='ltr'>Ι</span> <span class='ocrx_word' id='word_1_145' title='bbox 1509 1679 1689 1760; x_wconf 87' lang='lat' dir='ltr'><strong>accipiendo</strong></span> 
     </span>
    </p>
   </div>
   <div class='ocr_carea' id='block_1_5' title="bbox 236 1779 1689 1870">
    <p class='ocr_par' dir='ltr' id='par_1_5' title="bbox 236 1779 1689 1870">
     <span class='ocr_line' id='line_1_15' title="bbox 236 1779 1689 1870; baseline 0.001 -19"><span class='ocrx_word' id='word_1_146' title='bbox 236 1779 267 1864; x_wconf 49' lang='lat' dir='ltr'><strong><em>s</em></strong></span> <span class='ocrx_word' id='word_1_147' title='bbox 349 1805 404 1869; x_wconf 89' lang='lat' dir='ltr'><strong>per</strong></span> <span class='ocrx_word' id='word_1_148' title='bbox 423 1805 449 1870; x_wconf 91' lang='lat' dir='ltr'><strong>c,</strong></span> <span class='ocrx_word' id='word_1_149' title='bbox 469 1797 503 1850; x_wconf 89' lang='lat' dir='ltr'><strong>ut</strong></span> <span class='ocrx_word' id='word_1_150' title='bbox 521 1787 668 1868; x_wconf 76' lang='lat' dir='ltr'><strong>forcipes,</strong></span> <span class='ocrx_word' id='word_1_151' title='bbox 691 1804 728 1848; x_wconf 90' lang='lat' dir='ltr'><strong>eo</strong></span> <span class='ocrx_word' id='word_1_152' title='bbox 748 1786 830 1868; x_wconf 83' lang='lat' dir='ltr'><strong>quod</strong></span> <span class='ocrx_word' id='word_1_153' title='bbox 849 1788 981 1850; x_wconf 90' lang='lat' dir='ltr'><strong>iormum</strong></span> <span class='ocrx_word' id='word_1_154' title='bbox 1001 1789 1138 1868; x_wconf 90' lang='lat' dir='ltr'><strong>capiunt,</strong></span> <span class='ocrx_word' id='word_1_155' title='bbox 1163 1805 1240 1868; x_wconf 91' lang='lat' dir='ltr'><strong>quae</strong></span> <span class='ocrx_word' id='word_1_156' title='bbox 1260 1796 1332 1849; x_wconf 91' lang='lat' dir='ltr'><strong>sunt</strong></span> <span class='ocrx_word' id='word_1_157' title='bbox 1352 1785 1515 1849; x_wconf 88' lang='lat' dir='ltr'><strong>labrorum.</strong></span> <span class='ocrx_word' id='word_1_158' title='bbox 1554 1789 1689 1852; x_wconf 91' lang='lat' dir='ltr'><strong>lormum</strong></span> 
     </span>
    </p>
   </div>
   <div class='ocr_carea' id='block_1_6' title="bbox 348 1893 1731 2411">
    <p class='ocr_par' dir='ltr' id='par_1_6' title="bbox 348 1893 1731 2411">
     <span class='ocr_line' id='line_1_16' title="bbox 349 1893 1691 1983; baseline 0.004 -27"><span class='ocrx_word' id='word_1_159' title='bbox 349 1898 430 1958; x_wconf 89' lang='lat' dir='ltr'><strong>enim</strong></span> <span class='ocrx_word' id='word_1_160' title='bbox 454 1895 597 1958; x_wconf 79' lang='lat' dir='ltr'><strong>‹lirenrnt</strong></span> <span class='ocrx_word' id='word_1_161' title='bbox 619 1898 736 1978; x_wconf 79' lang='lat' dir='ltr'><strong>antiqui</strong></span> <span class='ocrx_word' id='word_1_162' title='bbox 760 1895 904 1978; x_wconf 89' lang='lat' dir='ltr'><strong>calidum,</strong></span> <span class='ocrx_word' id='word_1_163' title='bbox 928 1895 1008 1958; x_wconf 89' lang='lat' dir='ltr'><strong>unde</strong></span> <span class='ocrx_word' id='word_1_164' title='bbox 1033 1905 1063 1958; x_wconf 91' lang='lat' dir='ltr'><strong>et</strong></span> <span class='ocrx_word' id='word_1_165' title='bbox 1086 1896 1247 1960; x_wconf 89' lang='lat' dir='ltr'><strong>lormosus.</strong></span> <span class='ocrx_word' id='word_1_166' title='bbox 1285 1893 1370 1958; x_wconf 80' lang='lat' dir='ltr'><strong>Foris</strong></span> <span class='ocrx_word' id='word_1_167' title='bbox 1393 1897 1474 1958; x_wconf 88' lang='lat' dir='ltr'><strong>latur</strong></span> <span class='ocrx_word' id='word_1_168' title='bbox 1497 1915 1513 1958; x_wconf 90' lang='lat' dir='ltr'><strong>a</strong></span> <span class='ocrx_word' id='word_1_169' title='bbox 1538 1897 1629 1962; x_wconf 87' lang='lat' dir='ltr'><strong>lando</strong></span> <span class='ocrx_word' id='word_1_170' title='bbox 1647 1909 1691 1983; x_wconf 90' lang='lat' dir='ltr'><strong>et,</strong></span> 
     </span>
     <span class='ocr_line' id='line_1_17' title="bbox 349 2001 1731 2086; baseline 0.002 -19"><span class='ocrx_word' id='word_1_171' title='bbox 349 2022 409 2067; x_wconf 90' lang='lat' dir='ltr'><strong>non</strong></span> <span class='ocrx_word' id='word_1_172' title='bbox 434 2003 525 2068; x_wconf 91' lang='lat' dir='ltr'><strong>babet</strong></span> <span class='ocrx_word' id='word_1_173' title='bbox 547 2005 674 2084; x_wconf 86' lang='lat' dir='ltr'><strong>primam</strong></span> <span class='ocrx_word' id='word_1_174' title='bbox 698 2021 867 2086; x_wconf 78' lang='lat' dir='ltr'><strong>pemonam.</strong></span> <span class='ocrx_word' id='word_1_175' title='bbox 906 2001 988 2067; x_wconf 78' lang='lat' dir='ltr'><strong>lielix</strong></span> <span class='ocrx_word' id='word_1_176' title='bbox 1011 2005 1064 2083; x_wconf 90' lang='lat' dir='ltr'><strong>qui</strong></span> <span class='ocrx_word' id='word_1_177' title='bbox 1083 2005 1206 2086; x_wconf 87' lang='lat' dir='ltr'><strong>accipit,</strong></span> <span class='ocrx_word' id='word_1_178' title='bbox 1230 2002 1298 2066; x_wconf 85' lang='lat' dir='ltr'><strong>illex</strong></span> <span class='ocrx_word' id='word_1_179' title='bbox 1322 2021 1487 2086; x_wconf 88' lang='lat' dir='ltr'><strong>perquem</strong></span> <span class='ocrx_word' id='word_1_180' title='bbox 1507 2005 1597 2069; x_wconf 83' lang='grc' dir='ltr'>ιΙιιιιι·</span> <span class='ocrx_word' id='word_1_181' title='bbox 1622 2007 1685 2070; x_wconf 85' lang='lat' dir='ltr'><strong>ieli-</strong></span> <span class='ocrx_word' id='word_1_182' title='bbox 1706 2031 1731 2070; x_wconf 85' lang='grc' dir='ltr'><strong>ιι</strong></span> 
     </span>
     <span class='ocr_line' id='line_1_18' title="bbox 350 2109 1688 2196; baseline 0.001 -20"><span class='ocrx_word' id='word_1_183' title='bbox 350 2115 441 2176; x_wconf 72' lang='lat' dir='ltr'><strong>citas</strong></span> <span class='ocrx_word' id='word_1_184' title='bbox 471 2111 568 2193; x_wconf 77' lang='lat' dir='ltr'><strong>lingo</strong></span> <span class='ocrx_word' id='word_1_185' title='bbox 595 2113 668 2175; x_wconf 84' lang='lat' dir='ltr'><strong>tinxi</strong></span> <span class='ocrx_word' id='word_1_186' title='bbox 695 2112 800 2174; x_wconf 85' lang='lat' dir='ltr'><strong>lictum</strong></span> <span class='ocrx_word' id='word_1_187' title='bbox 829 2112 957 2174; x_wconf 85' lang='lat' dir='ltr'><strong>licuuns</strong></span> <span class='ocrx_word' id='word_1_188' title='bbox 980 2111 1065 2195; x_wconf 86' lang='lat' dir='ltr'><strong>iacit,</strong></span> <span class='ocrx_word' id='word_1_189' title='bbox 1094 2109 1174 2172; x_wconf 89' lang='lat' dir='ltr'><strong>lindo</strong></span> <span class='ocrx_word' id='word_1_190' title='bbox 1204 2111 1255 2174; x_wconf 88' lang='lat' dir='ltr'><strong>lidi</strong></span> <span class='ocrx_word' id='word_1_191' title='bbox 1278 2112 1425 2196; x_wconf 82' lang='lat' dir='ltr'><strong>fissurus,</strong></span> <span class='ocrx_word' id='word_1_192' title='bbox 1448 2115 1507 2195; x_wconf 74' lang='lat' dir='ltr'><strong>ligo</strong></span> <span class='ocrx_word' id='word_1_193' title='bbox 1531 2115 1582 2177; x_wconf 87' lang='lat' dir='ltr'><strong>lixi</strong></span> <span class='ocrx_word' id='word_1_194' title='bbox 1606 2117 1688 2178; x_wconf 88' lang='lat' dir='ltr'><strong>lacit.</strong></span> 
     </span>
     <span class='ocr_line' id='line_1_19' title="bbox 348 2218 1687 2310; baseline 0.001 -27"><span class='ocrx_word' id='word_1_195' title='bbox 348 2219 454 2284; x_wconf 85' lang='lat' dir='ltr'><strong>Fundo</strong></span> <span class='ocrx_word' id='word_1_196' title='bbox 484 2220 592 2284; x_wconf 76' lang='lat' dir='ltr'><strong>luridas</strong></span> <span class='ocrx_word' id='word_1_197' title='bbox 620 2238 636 2282; x_wconf 93' lang='lat' dir='ltr'><strong>a</strong></span> <span class='ocrx_word' id='word_1_198' title='bbox 667 2219 837 2310; x_wconf 75' lang='lat' dir='ltr'><strong>fundando,</strong></span> <span class='ocrx_word' id='word_1_199' title='bbox 863 2218 956 2282; x_wconf 81' lang='lat' dir='ltr'><strong>iuutlo</strong></span> <span class='ocrx_word' id='word_1_200' title='bbox 986 2219 1087 2282; x_wconf 89' lang='lat' dir='ltr'><strong>lundis</strong></span> <span class='ocrx_word' id='word_1_201' title='bbox 1115 2219 1325 2283; x_wconf 82' lang='lat' dir='ltr'><strong>ainndentlo.</strong></span> <span class='ocrx_word' id='word_1_202' title='bbox 1367 2220 1456 2284; x_wconf 79' lang='lat' dir='ltr'><strong>Ferio</strong></span> <span class='ocrx_word' id='word_1_203' title='bbox 1485 2231 1516 2284; x_wconf 91' lang='lat' dir='ltr'><strong>et</strong></span> <span class='ocrx_word' id='word_1_204' title='bbox 1545 2225 1687 2304; x_wconf 88' lang='lat' dir='ltr'><strong>percutio</strong></span> 
     </span>
     <span class='ocr_line' id='line_1_20' title="bbox 350 2327 1687 2411; baseline 0.002 -20"><span class='ocrx_word' id='word_1_205' title='bbox 350 2347 443 2392; x_wconf 89' lang='lat' dir='ltr'><strong>unum</strong></span> <span class='ocrx_word' id='word_1_206' title='bbox 468 2331 665 2411; x_wconf 86' lang='lat' dir='ltr'><strong>praeteritum</strong></span> <span class='ocrx_word' id='word_1_207' title='bbox 690 2327 815 2410; x_wconf 90' lang='lat' dir='ltr'><strong>babent,</strong></span> <span class='ocrx_word' id='word_1_208' title='bbox 844 2327 873 2390; x_wconf 90' lang='lat' dir='ltr'><strong>id</strong></span> <span class='ocrx_word' id='word_1_209' title='bbox 902 2337 950 2390; x_wconf 82' lang='lat' dir='ltr'><strong>est</strong></span> <span class='ocrx_word' id='word_1_210' title='bbox 973 2329 1128 2410; x_wconf 83' lang='lat' dir='ltr'><strong>percussi,</strong></span> <span class='ocrx_word' id='word_1_211' title='bbox 1152 2337 1183 2390; x_wconf 88' lang='lat' dir='ltr'><strong>ct</strong></span> <span class='ocrx_word' id='word_1_212' title='bbox 1206 2327 1263 2390; x_wconf 92' lang='lat' dir='ltr'><strong>boc</strong></span> <span class='ocrx_word' id='word_1_213' title='bbox 1287 2347 1343 2410; x_wconf 95' lang='lat' dir='ltr'><strong>per</strong></span> <span class='ocrx_word' id='word_1_214' title='bbox 1367 2330 1427 2392; x_wconf 87' lang='lat' dir='ltr'><strong>duo</strong></span> <span class='ocrx_word' id='word_1_215' title='bbox 1452 2349 1466 2392; x_wconf 91' lang='lat' dir='ltr'><strong>s</strong></span> <span class='ocrx_word' id='word_1_216' title='bbox 1490 2330 1687 2394; x_wconf 86' lang='lat' dir='ltr'><strong>scribendum</strong></span> 
     </span>
    </p>
   </div>
   <div class='ocr_carea' id='block_1_7' title="bbox 225 2435 1688 2520">
    <p class='ocr_par' dir='ltr' id='par_1_7' title="bbox 225 2435 1688 2520">
     <span class='ocr_line' id='line_1_21' title="bbox 225 2435 1688 2520; baseline 0.003 -22"><span class='ocrx_word' id='word_1_217' title='bbox 225 2443 229 2450; x_wconf 87' lang='grc'><strong>’</strong></span> <span class='ocrx_word' id='word_1_218' title='bbox 348 2445 409 2520; x_wconf 87' lang='lat' dir='ltr'><strong>est,</strong></span> <span class='ocrx_word' id='word_1_219' title='bbox 433 2437 514 2499; x_wconf 91' lang='lat' dir='ltr'><strong>sicut</strong></span> <span class='ocrx_word' id='word_1_220' title='bbox 538 2455 593 2498; x_wconf 95' lang='lat' dir='ltr'><strong>uro</strong></span> <span class='ocrx_word' id='word_1_221' title='bbox 618 2439 690 2498; x_wconf 89' lang='lat' dir='ltr'><strong>ussi.</strong></span> <span class='ocrx_word' id='word_1_222' title='bbox 737 2435 815 2499; x_wconf 78' lang='lat' dir='ltr'><strong>Fero</strong></span> <span class='ocrx_word' id='word_1_223' title='bbox 845 2437 906 2499; x_wconf 88' lang='lat' dir='ltr'><strong>iers</strong></span> <span class='ocrx_word' id='word_1_224' title='bbox 931 2436 991 2498; x_wconf 88' lang='lat' dir='ltr'><strong>lert</strong></span> <span class='ocrx_word' id='word_1_225' title='bbox 1021 2437 1092 2498; x_wconf 87' lang='lat' dir='ltr'><strong>lacit</strong></span> <span class='ocrx_word' id='word_1_226' title='bbox 1115 2435 1304 2500; x_wconf 78' lang='lat' dir='ltr'><strong>differentiae</strong></span> <span class='ocrx_word' id='word_1_227' title='bbox 1328 2457 1418 2502; x_wconf 89' lang='lat' dir='ltr'><strong>causa</strong></span> <span class='ocrx_word' id='word_1_228' title='bbox 1442 2442 1474 2500; x_wconf 94' lang='lat' dir='ltr'><strong>in</strong></span> <span class='ocrx_word' id='word_1_229' title='bbox 1498 2439 1631 2502; x_wconf 85' lang='lat' dir='ltr'><strong>secunda</strong></span> <span class='ocrx_word' id='word_1_230' title='bbox 1655 2449 1688 2502; x_wconf 91' lang='lat' dir='ltr'><strong>et</strong></span> 
     </span>
    </p>
   </div>
   <div class='ocr_carea' id='block_1_8' title="bbox 249 2537 1730 3834">
    <p class='ocr_par' dir='ltr' id='par_1_8' title="bbox 249 2537 1730 3834">
     <span class='ocr_line' id='line_1_22' title="bbox 350 2537 1730 2629; baseline 0.001 -21"><span class='ocrx_word' id='word_1_231' title='bbox 350 2548 440 2608; x_wconf 88' lang='lat' dir='ltr'><strong>tertia</strong></span> <span class='ocrx_word' id='word_1_232' title='bbox 467 2564 611 2628; x_wconf 87' lang='lat' dir='ltr'><strong>persona,</strong></span> <span class='ocrx_word' id='word_1_233' title='bbox 639 2563 692 2629; x_wconf 90' lang='lat' dir='ltr'><strong>ne,</strong></span> <span class='ocrx_word' id='word_1_234' title='bbox 721 2546 746 2606; x_wconf 90' lang='lat' dir='ltr'><strong>si</strong></span> <span class='ocrx_word' id='word_1_235' title='bbox 777 2537 851 2607; x_wconf 86' lang='lat' dir='ltr'><strong>ieris</strong></span> <span class='ocrx_word' id='word_1_236' title='bbox 880 2544 951 2606; x_wconf 89' lang='lat' dir='ltr'><strong>ierit</strong></span> <span class='ocrx_word' id='word_1_237' title='bbox 974 2543 1138 2626; x_wconf 87' lang='lat' dir='ltr'><strong>diceretur,</strong></span> <span class='ocrx_word' id='word_1_238' title='bbox 1167 2563 1183 2606; x_wconf 96' lang='lat' dir='ltr'><strong>a</strong></span> <span class='ocrx_word' id='word_1_239' title='bbox 1213 2545 1289 2607; x_wconf 90' lang='lat' dir='ltr'><strong>ierio</strong></span> <span class='ocrx_word' id='word_1_240' title='bbox 1318 2545 1392 2608; x_wconf 89' lang='lat' dir='ltr'><strong>ieris</strong></span> <span class='ocrx_word' id='word_1_241' title='bbox 1426 2547 1497 2610; x_wconf 87' lang='lat' dir='ltr'><strong>ierit</strong></span> <span class='ocrx_word' id='word_1_242' title='bbox 1524 2556 1687 2629; x_wconf 90' lang='lat' dir='ltr'><strong>putaretur</strong></span> <span class='ocrx_word' id='word_1_243' title='bbox 1702 2571 1730 2610; x_wconf 78' lang='lat' dir='ltr'><strong>so</strong></span> 
     </span>
     <span class='ocr_line' id='line_1_23' title="bbox 347 2652 1687 2734; baseline 0.002 -18"><span class='ocrx_word' id='word_1_244' title='bbox 347 2657 460 2718; x_wconf 83' lang='lat' dir='ltr'><strong>venire.</strong></span> <span class='ocrx_word' id='word_1_245' title='bbox 507 2653 585 2717; x_wconf 86' lang='lat' dir='ltr'><strong>Fero</strong></span> <span class='ocrx_word' id='word_1_246' title='bbox 612 2663 644 2716; x_wconf 91' lang='lat' dir='ltr'><strong>et</strong></span> <span class='ocrx_word' id='word_1_247' title='bbox 677 2653 749 2715; x_wconf 92' lang='lat' dir='ltr'><strong>tollo</strong></span> <span class='ocrx_word' id='word_1_248' title='bbox 784 2653 900 2716; x_wconf 88' lang='lat' dir='ltr'><strong>iaciunt</strong></span> <span class='ocrx_word' id='word_1_249' title='bbox 934 2654 1131 2734; x_wconf 87' lang='lat' dir='ltr'><strong>praeteritum</strong></span> <span class='ocrx_word' id='word_1_250' title='bbox 1161 2652 1226 2715; x_wconf 91' lang='lat' dir='ltr'><strong>tuli.</strong></span> <span class='ocrx_word' id='word_1_251' title='bbox 1273 2653 1355 2716; x_wconf 82' lang='lat' dir='ltr'><strong>Furn</strong></span> <span class='ocrx_word' id='word_1_252' title='bbox 1383 2664 1414 2716; x_wconf 91' lang='lat' dir='ltr'><strong>et</strong></span> <span class='ocrx_word' id='word_1_253' title='bbox 1444 2657 1562 2718; x_wconf 90' lang='lat' dir='ltr'><strong>insanio</strong></span> <span class='ocrx_word' id='word_1_254' title='bbox 1591 2675 1687 2719; x_wconf 86' lang='lat' dir='ltr'><strong>rrnum</strong></span> 
     </span>
     <span class='ocr_line' id='line_1_24' title="bbox 348 2760 1687 2848; baseline 0.003 -23"><span class='ocrx_word' id='word_1_255' title='bbox 348 2761 461 2826; x_wconf 89' lang='lat' dir='ltr'><strong>babent</strong></span> <span class='ocrx_word' id='word_1_256' title='bbox 483 2765 682 2845; x_wconf 89' lang='lat' dir='ltr'><strong>praeteritum</strong></span> <span class='ocrx_word' id='word_1_257' title='bbox 705 2763 840 2826; x_wconf 76' lang='lat' dir='ltr'><strong>insanivi.</strong></span> <span class='ocrx_word' id='word_1_258' title='bbox 880 2760 969 2822; x_wconf 83' lang='lat' dir='ltr'><strong>Facio</strong></span> <span class='ocrx_word' id='word_1_259' title='bbox 989 2763 1199 2843; x_wconf 85' lang='lat' dir='ltr'><strong>imperativum</strong></span> <span class='ocrx_word' id='word_1_260' title='bbox 1220 2761 1292 2824; x_wconf 87' lang='lat' dir='ltr'><strong>iacit</strong></span> <span class='ocrx_word' id='word_1_261' title='bbox 1311 2762 1357 2824; x_wconf 90' lang='lat' dir='ltr'><strong>lac</strong></span> <span class='ocrx_word' id='word_1_262' title='bbox 1377 2763 1566 2828; x_wconf 88' lang='lat' dir='ltr'><strong>dillereutiae</strong></span> <span class='ocrx_word' id='word_1_263' title='bbox 1587 2783 1687 2848; x_wconf 88' lang='lat' dir='ltr'><strong>cansa,</strong></span> 
     </span>
     <span class='ocr_line' id='line_1_25' title="bbox 300 2861 1687 2956; baseline -0.001 -21"><span class='ocrx_word' id='word_1_264' title='bbox 300 2861 305 2870; x_wconf 77' lang='grc'><strong>’</strong></span> <span class='ocrx_word' id='word_1_265' title='bbox 349 2891 402 2956; x_wconf 91' lang='lat' dir='ltr'><strong>ne,</strong></span> <span class='ocrx_word' id='word_1_266' title='bbox 426 2875 452 2935; x_wconf 86' lang='lat' dir='ltr'><strong>si</strong></span> <span class='ocrx_word' id='word_1_267' title='bbox 471 2873 535 2936; x_wconf 89' lang='lat' dir='ltr'><strong>lace</strong></span> <span class='ocrx_word' id='word_1_268' title='bbox 555 2872 688 2954; x_wconf 87' lang='lat' dir='ltr'><strong>diceres,</strong></span> <span class='ocrx_word' id='word_1_269' title='bbox 712 2890 728 2932; x_wconf 92' lang='lat' dir='ltr'><strong>a</strong></span> <span class='ocrx_word' id='word_1_270' title='bbox 750 2872 871 2932; x_wconf 90' lang='lat' dir='ltr'><strong>nomine</strong></span> <span class='ocrx_word' id='word_1_271' title='bbox 890 2879 1051 2952; x_wconf 90' lang='lat' dir='ltr'><strong>putaretur</strong></span> <span class='ocrx_word' id='word_1_272' title='bbox 1071 2873 1189 2954; x_wconf 89' lang='lat' dir='ltr'><strong>venire,</strong></span> <span class='ocrx_word' id='word_1_273' title='bbox 1213 2869 1294 2952; x_wconf 85' lang='lat' dir='ltr'><strong>quon</strong></span> <span class='ocrx_word' id='word_1_274' title='bbox 1314 2880 1362 2932; x_wconf 89' lang='lat' dir='ltr'><strong>est</strong></span> <span class='ocrx_word' id='word_1_275' title='bbox 1384 2872 1442 2934; x_wconf 83' lang='lat' dir='ltr'><strong>lox.</strong></span> <span class='ocrx_word' id='word_1_276' title='bbox 1480 2873 1620 2936; x_wconf 89' lang='lat' dir='ltr'><strong>similiter</strong></span> <span class='ocrx_word' id='word_1_277' title='bbox 1639 2874 1687 2935; x_wconf 87' lang='lat' dir='ltr'><strong>dic</strong></span> 
     </span>
     <span class='ocr_line' id='line_1_26' title="bbox 281 2980 1686 3061; baseline -0.001 -18"><span class='ocrx_word' id='word_1_278' title='bbox 281 2994 283 3000; x_wconf 78' lang='grc'>’</span> <span class='ocrx_word' id='word_1_279' title='bbox 349 2982 408 3045; x_wconf 88' lang='lat' dir='ltr'><strong>doc</strong></span> <span class='ocrx_word' id='word_1_280' title='bbox 428 2991 459 3044; x_wconf 90' lang='lat' dir='ltr'><strong>et</strong></span> <span class='ocrx_word' id='word_1_281' title='bbox 482 2982 529 3044; x_wconf 90' lang='lat' dir='ltr'><strong>ier</strong></span> <span class='ocrx_word' id='word_1_282' title='bbox 552 2981 739 3044; x_wconf 80' lang='lat' dir='ltr'><strong>differentiae</strong></span> <span class='ocrx_word' id='word_1_283' title='bbox 760 2997 850 3042; x_wconf 91' lang='lat' dir='ltr'><strong>causa</strong></span> <span class='ocrx_word' id='word_1_284' title='bbox 875 2998 930 3061; x_wconf 93' lang='lat' dir='ltr'><strong>per</strong></span> <span class='ocrx_word' id='word_1_285' title='bbox 953 2997 1117 3060; x_wconf 84' lang='lat' dir='ltr'><strong>apocopam</strong></span> <span class='ocrx_word' id='word_1_286' title='bbox 1141 2981 1355 3061; x_wconf 79' lang='lat' dir='ltr'><strong>proteruntur:</strong></span> <span class='ocrx_word' id='word_1_287' title='bbox 1378 2982 1492 3042; x_wconf 89' lang='lat' dir='ltr'><strong>namsi</strong></span> <span class='ocrx_word' id='word_1_288' title='bbox 1515 2980 1594 3044; x_wconf 84' lang='lat' dir='ltr'><strong>duce</strong></span> <span class='ocrx_word' id='word_1_289' title='bbox 1619 2981 1686 3043; x_wconf 85' lang='lat' dir='ltr'><strong>dice</strong></span> 
     </span>
     <span class='ocr_line' id='line_1_27' title="bbox 350 3088 1726 3171; baseline -0.002 -19"><span class='ocrx_word' id='word_1_290' title='bbox 350 3091 414 3152; x_wconf 90' lang='lat' dir='ltr'><strong>iere</strong></span> <span class='ocrx_word' id='word_1_291' title='bbox 438 3091 625 3171; x_wconf 86' lang='lat' dir='ltr'><strong>diceremus,</strong></span> <span class='ocrx_word' id='word_1_292' title='bbox 649 3088 728 3151; x_wconf 89' lang='lat' dir='ltr'><strong>aliud</strong></span> <span class='ocrx_word' id='word_1_293' title='bbox 753 3088 924 3170; x_wconf 79' lang='lat' dir='ltr'><strong>siguificare</strong></span> <span class='ocrx_word' id='word_1_294' title='bbox 948 3095 1135 3168; x_wconf 89' lang='lat' dir='ltr'><strong>putaremur.</strong></span> <span class='ocrx_word' id='word_1_295' title='bbox 1702 3111 1726 3150; x_wconf 79' lang='lat' dir='ltr'><strong>n</strong></span> 
     </span>
     <span class='ocr_line' id='line_1_28' title="bbox 332 3183 1686 3280; baseline 0 -20"><span class='ocrx_word' id='word_1_296' title='bbox 332 3183 343 3211; x_wconf 80' lang='grc'><strong>“</strong></span> <span class='ocrx_word' id='word_1_297' title='bbox 441 3197 557 3261; x_wconf 88' lang='lat' dir='ltr'><strong>Gnatus</strong></span> <span class='ocrx_word' id='word_1_298' title='bbox 580 3207 723 3280; x_wconf 79' lang='lat' dir='ltr'><strong>perget</strong></span> <span class='ocrx_word' id='word_1_299' title='bbox 743 3216 762 3260; x_wconf 92' lang='lat' dir='ltr'><strong>u</strong></span> <span class='ocrx_word' id='word_1_300' title='bbox 786 3195 997 3278; x_wconf 87' lang='lat' dir='ltr'><strong>scribendum,</strong></span> <span class='ocrx_word' id='word_1_301' title='bbox 1020 3197 1100 3258; x_wconf 86' lang='lat' dir='ltr'><strong>sicut</strong></span> <span class='ocrx_word' id='word_1_302' title='bbox 1123 3213 1252 3277; x_wconf 78' lang='lat' dir='ltr'><strong>gnarus,</strong></span> <span class='ocrx_word' id='word_1_303' title='bbox 1278 3199 1347 3278; x_wconf 88' lang='lat' dir='ltr'><strong>quia</strong></span> <span class='ocrx_word' id='word_1_304' title='bbox 1373 3205 1403 3260; x_wconf 90' lang='lat' dir='ltr'><strong>et</strong></span> <span class='ocrx_word' id='word_1_305' title='bbox 1427 3199 1457 3259; x_wconf 90' lang='lat' dir='ltr'><strong>iu</strong></span> <span class='ocrx_word' id='word_1_306' title='bbox 1477 3201 1686 3278; x_wconf 85' lang='lat' dir='ltr'><strong>conpositione</strong></span> 
     </span>
     <span class='ocr_line' id='line_1_29' title="bbox 351 3303 1687 3391; baseline -0.003 -21"><span class='ocrx_word' id='word_1_307' title='bbox 351 3312 446 3391; x_wconf 87' lang='lat' dir='ltr'><strong>ipsam</strong></span> <span class='ocrx_word' id='word_1_308' title='bbox 467 3309 601 3370; x_wconf 89' lang='lat' dir='ltr'><strong>retinent</strong></span> <span class='ocrx_word' id='word_1_309' title='bbox 619 3327 652 3390; x_wconf 77' lang='lat' dir='ltr'><strong>g,</strong></span> <span class='ocrx_word' id='word_1_310' title='bbox 676 3316 711 3369; x_wconf 91' lang='lat' dir='ltr'><strong>ut</strong></span> <span class='ocrx_word' id='word_1_311' title='bbox 734 3315 861 3388; x_wconf 79' lang='lat' dir='ltr'><strong>agnatus</strong></span> <span class='ocrx_word' id='word_1_312' title='bbox 885 3307 1018 3386; x_wconf 79' lang='lat' dir='ltr'><strong>ignavus.</strong></span> <span class='ocrx_word' id='word_1_313' title='bbox 1057 3303 1206 3367; x_wconf 87' lang='lat' dir='ltr'><strong>Gaudium</strong></span> <span class='ocrx_word' id='word_1_314' title='bbox 1226 3306 1332 3386; x_wconf 87' lang='lat' dir='ltr'><strong>animi,</strong></span> <span class='ocrx_word' id='word_1_315' title='bbox 1356 3303 1467 3368; x_wconf 88' lang='lat' dir='ltr'><strong>laetitia</strong></span> <span class='ocrx_word' id='word_1_316' title='bbox 1487 3314 1518 3366; x_wconf 91' lang='lat' dir='ltr'><strong>et</strong></span> <span class='ocrx_word' id='word_1_317' title='bbox 1541 3306 1687 3368; x_wconf 84' lang='lat' dir='ltr'><strong>exultatio</strong></span> 
     </span>
     <span class='ocr_line' id='line_1_30' title="bbox 249 3401 1687 3497; baseline -0.003 -16"><span class='ocrx_word' id='word_1_318' title='bbox 249 3401 252 3408; x_wconf 49' lang='grc'><em>’</em></span> <span class='ocrx_word' id='word_1_319' title='bbox 349 3421 440 3481; x_wconf 88' lang='lat' dir='ltr'><strong>etiarn</strong></span> <span class='ocrx_word' id='word_1_320' title='bbox 462 3415 733 3497; x_wconf 82' lang='lat' dir='ltr'><strong>verbornm&#39;atqne</strong></span> <span class='ocrx_word' id='word_1_321' title='bbox 754 3414 970 3477; x_wconf 88' lang='lat' dir='ltr'><strong>membrorum.</strong></span> <span class='ocrx_word' id='word_1_322' title='bbox 1005 3412 1161 3474; x_wconf 88' lang='lat' dir='ltr'><strong>Gremium</strong></span> <span class='ocrx_word' id='word_1_323' title='bbox 1181 3414 1320 3496; x_wconf 89' lang='lat' dir='ltr'><strong>interius,</strong></span> <span class='ocrx_word' id='word_1_324' title='bbox 1339 3415 1440 3476; x_wconf 88' lang='lat' dir='ltr'><strong>sinum</strong></span> <span class='ocrx_word' id='word_1_325' title='bbox 1459 3416 1604 3478; x_wconf 84' lang='lat' dir='ltr'><strong>exterius.</strong></span> <span class='ocrx_word' id='word_1_326' title='bbox 1638 3415 1687 3477; x_wconf 86' lang='lat' dir='ltr'><strong>Git</strong></span> 
     </span>
     <span class='ocr_line' id='line_1_31' title="bbox 351 3520 1687 3609; baseline -0.004 -19"><span class='ocrx_word' id='word_1_327' title='bbox 351 3535 548 3609; x_wconf 88' lang='lat' dir='ltr'><strong>monoptoton</strong></span> <span class='ocrx_word' id='word_1_328' title='bbox 573 3535 603 3588; x_wconf 91' lang='lat' dir='ltr'><strong>et</strong></span> <span class='ocrx_word' id='word_1_329' title='bbox 626 3525 773 3607; x_wconf 87' lang='lat' dir='ltr'><strong>pluralem</strong></span> <span class='ocrx_word' id='word_1_330' title='bbox 793 3540 956 3586; x_wconf 89' lang='lat' dir='ltr'><strong>numerum</strong></span> <span class='ocrx_word' id='word_1_331' title='bbox 975 3541 1035 3582; x_wconf 92' lang='lat' dir='ltr'><strong>non</strong></span> <span class='ocrx_word' id='word_1_332' title='bbox 1059 3520 1169 3605; x_wconf 88' lang='lat' dir='ltr'><strong>babet;</strong></span> <span class='ocrx_word' id='word_1_333' title='bbox 1194 3530 1241 3584; x_wconf 91' lang='lat' dir='ltr'><strong>est</strong></span> <span class='ocrx_word' id='word_1_334' title='bbox 1266 3531 1367 3584; x_wconf 84' lang='lat' dir='ltr'><strong>autem</strong></span> <span class='ocrx_word' id='word_1_335' title='bbox 1388 3523 1490 3586; x_wconf 86' lang='lat' dir='ltr'><strong>neutri</strong></span> <span class='ocrx_word' id='word_1_336' title='bbox 1510 3526 1632 3602; x_wconf 77' lang='lat' dir='ltr'><strong>generis</strong></span> <span class='ocrx_word' id='word_1_337' title='bbox 1656 3537 1687 3586; x_wconf 87' lang='lat' dir='ltr'><strong>et</strong></span> 
     </span>
     <span class='ocr_line' id='line_1_32' title="bbox 350 3627 1726 3717; baseline -0.004 -21"><span class='ocrx_word' id='word_1_338' title='bbox 350 3653 405 3717; x_wconf 90' lang='lat' dir='ltr'><strong>per</strong></span> <span class='ocrx_word' id='word_1_339' title='bbox 435 3651 541 3694; x_wconf 91' lang='lat' dir='ltr'><strong>omnes</strong></span> <span class='ocrx_word' id='word_1_340' title='bbox 570 3649 659 3695; x_wconf 84' lang='lat' dir='ltr'><strong>casus</strong></span> <span class='ocrx_word' id='word_1_341' title='bbox 693 3631 871 3693; x_wconf 86' lang='lat' dir='ltr'><strong>declinator.</strong></span> <span class='ocrx_word' id='word_1_342' title='bbox 918 3627 1051 3710; x_wconf 75' lang='lat' dir='ltr'><strong>GnaruS,</strong></span> <span class='ocrx_word' id='word_1_343' title='bbox 1084 3627 1193 3691; x_wconf 87' lang='lat' dir='ltr'><strong>ductus</strong></span> <span class='ocrx_word' id='word_1_344' title='bbox 1227 3630 1381 3710; x_wconf 88' lang='lat' dir='ltr'><strong>perlectus</strong></span> <span class='ocrx_word' id='word_1_345' title='bbox 1417 3633 1531 3713; x_wconf 84' lang='lat' dir='ltr'><strong>sciens3</strong></span> <span class='ocrx_word' id='word_1_346' title='bbox 1564 3649 1687 3712; x_wconf 83' lang='lat' dir='ltr'><strong>gnarus,</strong></span> <span class='ocrx_word' id='word_1_347' title='bbox 1701 3653 1726 3691; x_wconf 84' lang='grc' dir='ltr'><strong>ιι</strong></span> 
     </span>
     <span class='ocr_line' id='line_1_33' title="bbox 351 3735 1724 3834; baseline -0.003 -28"><span class='ocrx_word' id='word_1_348' title='bbox 351 3746 439 3806; x_wconf 85' lang='lat' dir='ltr'><strong>lortis</strong></span> <span class='ocrx_word' id='word_1_349' title='bbox 457 3742 552 3824; x_wconf 81' lang='lat' dir='ltr'><strong>agilis.</strong></span> <span class='ocrx_word' id='word_1_350' title='bbox 586 3741 697 3823; x_wconf 87' lang='lat' dir='ltr'><strong>Garrit,</strong></span> <span class='ocrx_word' id='word_1_351' title='bbox 717 3735 873 3801; x_wconf 78' lang='lat' dir='ltr'><strong>subtiliter</strong></span> <span class='ocrx_word' id='word_1_352' title='bbox 896 3747 1079 3818; x_wconf 81' lang='lat' dir='ltr'><strong>murmurut3</strong></span> <span class='ocrx_word' id='word_1_353' title='bbox 1100 3738 1249 3822; x_wconf 78' lang='lat' dir='ltr'><strong>garrulus,</strong></span> <span class='ocrx_word' id='word_1_354' title='bbox 1269 3737 1415 3801; x_wconf 85' lang='lat' dir='ltr'><strong>verbosus</strong></span> <span class='ocrx_word' id='word_1_355' title='bbox 1433 3739 1553 3820; x_wconf 85' lang='lat' dir='ltr'><strong>loquax.</strong></span> <span class='ocrx_word' id='word_1_356' title='bbox 1581 3739 1688 3822; x_wconf 85' lang='lat' dir='ltr'><strong>Gestit,</strong></span> <span class='ocrx_word' id='word_1_357' title='bbox 1713 3825 1724 3834; x_wconf 21' lang='grc' dir='ltr'>ἱ</span> 
     </span>
    </p>
   </div>
   <div class='ocr_carea' id='block_1_9' title="bbox 251 3844 1687 3940">
    <p class='ocr_par' dir='ltr' id='par_1_9' title="bbox 251 3844 1687 3940">
     <span class='ocr_line' id='line_1_34' title="bbox 251 3844 1687 3940; baseline -0.004 -27"><span class='ocrx_word' id='word_1_358' title='bbox 251 3934 253 3940; x_wconf 69' lang='lat'><strong>,</strong></span> <span class='ocrx_word' id='word_1_359' title='bbox 352 3853 415 3916; x_wconf 82' lang='lat' dir='ltr'><strong>vult</strong></span> <span class='ocrx_word' id='word_1_360' title='bbox 438 3853 522 3933; x_wconf 89' lang='lat' dir='ltr'><strong>cupit</strong></span> <span class='ocrx_word' id='word_1_361' title='bbox 546 3858 630 3931; x_wconf 88' lang='lat' dir='ltr'><strong>optat</strong></span> <span class='ocrx_word' id='word_1_362' title='bbox 653 3847 821 3930; x_wconf 86' lang='lat' dir='ltr'><strong>desiderat;</strong></span> <span class='ocrx_word' id='word_1_363' title='bbox 845 3855 956 3927; x_wconf 76' lang='lat' dir='ltr'><strong>gestat,</strong></span> <span class='ocrx_word' id='word_1_364' title='bbox 980 3854 1088 3926; x_wconf 90' lang='lat' dir='ltr'><strong>portat.</strong></span> <span class='ocrx_word' id='word_1_365' title='bbox 1127 3844 1282 3906; x_wconf 89' lang='lat' dir='ltr'><strong>Gloriosus</strong></span> <span class='ocrx_word' id='word_1_366' title='bbox 1307 3864 1322 3907; x_wconf 89' lang='lat' dir='ltr'><strong>a</strong></span> <span class='ocrx_word' id='word_1_367' title='bbox 1348 3847 1518 3928; x_wconf 78' lang='lat' dir='ltr'><strong>frequentia</strong></span> <span class='ocrx_word' id='word_1_368' title='bbox 1542 3847 1687 3910; x_wconf 77' lang='lat' dir='ltr'><strong>claritatis</strong></span> 
     </span>
    </p>
   </div>
   <div class='ocr_carea' id='block_1_10' title="bbox 338 4017 1688 4827">
    <p class='ocr_par' dir='ltr' id='par_1_10' title="bbox 338 4017 1688 4827">
     <span class='ocr_line' id='line_1_35' title="bbox 443 4017 1687 4099; baseline -0.005 -15"><span class='ocrx_word' id='word_1_369' title='bbox 443 4035 456 4083; x_wconf 91' lang='lat'>1</span> <span class='ocrx_word' id='word_1_370' title='bbox 479 4045 530 4099; x_wconf 83' lang='lat' dir='ltr'><strong>per</strong></span> <span class='ocrx_word' id='word_1_371' title='bbox 549 4023 709 4096; x_wconf 80' lang='lat' dir='ltr'><strong>simplicem</strong></span> <span class='ocrx_word' id='word_1_372' title='bbox 728 4039 744 4078; x_wconf 89' lang='lat' dir='ltr'><strong>e</strong></span> <span class='ocrx_word' id='word_1_373' title='bbox 763 4021 802 4075; x_wconf 84' lang='lat' dir='ltr'><em>M</em></span> <span class='ocrx_word' id='word_1_374' title='bbox 817 4037 868 4090; x_wconf 87' lang='lat' dir='ltr'><strong>per</strong></span> <span class='ocrx_word' id='word_1_375' title='bbox 887 4036 903 4075; x_wconf 90' lang='lat' dir='ltr'><strong>e</strong></span> <span class='ocrx_word' id='word_1_376' title='bbox 921 4021 1034 4075; x_wconf 86' lang='lat' dir='ltr'><strong>tantum</strong></span> <span class='ocrx_word' id='word_1_377' title='bbox 1050 4017 1100 4089; x_wconf 79' lang='lat' dir='ltr'><strong>pS</strong></span> <span class='ocrx_word' id='word_1_378' title='bbox 1191 4038 1242 4090; x_wconf 83' lang='lat' dir='ltr'><strong>per</strong></span> <span class='ocrx_word' id='word_1_379' title='bbox 1261 4038 1294 4076; x_wconf 87' lang='lat' dir='ltr'><strong>oe</strong></span> <span class='ocrx_word' id='word_1_380' title='bbox 1314 4020 1474 4093; x_wconf 77' lang='lat' dir='ltr'><strong>diptongon</strong></span> <span class='ocrx_word' id='word_1_381' title='bbox 1498 4021 1633 4078; x_wconf 77' lang='lat' dir='ltr'><strong>scribitur</strong></span> <span class='ocrx_word' id='word_1_382' title='bbox 1652 4022 1687 4077; x_wconf 90' lang='grc' dir='ltr'><strong>Μ</strong></span> 
     </span>
     <span class='ocr_line' id='line_1_36' title="bbox 338 4099 1685 4180; baseline -0.001 -20"><span class='ocrx_word' id='word_1_383' title='bbox 338 4126 402 4180; x_wconf 75' lang='grc' dir='ltr'>,ρει</span> <span class='ocrx_word' id='word_1_384' title='bbox 421 4125 455 4164; x_wconf 92' lang='lat' dir='ltr'><strong>oe</strong></span> <span class='ocrx_word' id='word_1_385' title='bbox 473 4108 607 4164; x_wconf 87' lang='lat' dir='ltr'><strong>scribitur</strong></span> <span class='ocrx_word' id='word_1_386' title='bbox 622 4105 672 4175; x_wconf 84' lang='lat' dir='ltr'><strong>pS</strong></span> <span class='ocrx_word' id='word_1_387' title='bbox 746 4102 856 4158; x_wconf 80' lang='lat' dir='ltr'><strong>tduoa</strong></span> <span class='ocrx_word' id='word_1_388' title='bbox 880 4099 976 4172; x_wconf 86' lang='lat' dir='ltr'><strong>apices</strong></span> <span class='ocrx_word' id='word_1_389' title='bbox 1003 4099 1068 4154; x_wconf 86' lang='lat' dir='ltr'><strong>SM</strong></span> <span class='ocrx_word' id='word_1_390' title='bbox 1138 4101 1307 4174; x_wconf 72' lang='lat' dir='ltr'><strong>spammc]</strong></span> <span class='ocrx_word' id='word_1_391' title='bbox 1328 4100 1443 4170; x_wconf 75' lang='lat' dir='ltr'><strong>gemina</strong></span> <span class='ocrx_word' id='word_1_392' title='bbox 1462 4103 1501 4157; x_wconf 98' lang='grc' dir='ltr'><strong>Μ</strong></span> <span class='ocrx_word' id='word_1_393' title='bbox 1575 4111 1607 4158; x_wconf 84' lang='lat'><strong>11</strong></span> <span class='ocrx_word' id='word_1_394' title='bbox 1628 4103 1685 4171; x_wconf 87' lang='lat' dir='ltr'><strong>filo]</strong></span> 
     </span>
     <span class='ocr_line' id='line_1_37' title="bbox 352 4181 1686 4255; baseline -0.004 -9"><span class='ocrx_word' id='word_1_395' title='bbox 352 4189 448 4246; x_wconf 82' lang='lat' dir='ltr'><strong>ulios</strong></span> <span class='ocrx_word' id='word_1_396' title='bbox 503 4196 537 4244; x_wconf 87' lang='lat' dir='ltr'><strong>1a</strong></span> <span class='ocrx_word' id='word_1_397' title='bbox 557 4189 680 4243; x_wconf 88' lang='lat' dir='ltr'><strong>lormurn</strong></span> <span class='ocrx_word' id='word_1_398' title='bbox 696 4184 814 4255; x_wconf 83' lang='lat' dir='ltr'><strong>copiunt</strong></span> <span class='ocrx_word' id='word_1_399' title='bbox 830 4201 850 4253; x_wconf 90' lang='lat' dir='ltr'><strong>p</strong></span> <span class='ocrx_word' id='word_1_400' title='bbox 865 4182 988 4238; x_wconf 85' lang='lat' dir='ltr'><strong>iormam</strong></span> <span class='ocrx_word' id='word_1_401' title='bbox 1003 4181 1156 4253; x_wconf 85' lang='lat' dir='ltr'><strong>capiuntS</strong></span> <span class='ocrx_word' id='word_1_402' title='bbox 1175 4182 1298 4238; x_wconf 81' lang='lat' dir='ltr'><strong>formum</strong></span> <span class='ocrx_word' id='word_1_403' title='bbox 1313 4182 1458 4253; x_wconf 86' lang='lat' dir='ltr'><strong>accipiunt</strong></span> <span class='ocrx_word' id='word_1_404' title='bbox 1473 4184 1511 4238; x_wconf 91' lang='grc' dir='ltr'><strong>Μ</strong></span> <span class='ocrx_word' id='word_1_405' title='bbox 1567 4192 1601 4240; x_wconf 85' lang='lat'><strong>14</strong></span> <span class='ocrx_word' id='word_1_406' title='bbox 1621 4184 1686 4240; x_wconf 76' lang='lat' dir='ltr'><strong>ooli·</strong></span> 
     </span>
     <span class='ocr_line' id='line_1_38' title="bbox 351 4260 1687 4341; baseline -0.003 -15"><span class='ocrx_word' id='word_1_407' title='bbox 351 4270 457 4340; x_wconf 72' lang='lat' dir='ltr'><strong>(lump</strong></span> <span class='ocrx_word' id='word_1_408' title='bbox 476 4268 624 4341; x_wconf 79' lang='lat' dir='ltr'><strong>qualidum</strong></span> <span class='ocrx_word' id='word_1_409' title='bbox 643 4267 708 4324; x_wconf 86' lang='lat' dir='ltr'><strong>SM</strong></span> <span class='ocrx_word' id='word_1_410' title='bbox 767 4262 963 4321; x_wconf 78' lang='lat' dir='ltr'><strong>lor-mosumS</strong></span> <span class='ocrx_word' id='word_1_411' title='bbox 1020 4269 1053 4318; x_wconf 81' lang='lat' dir='ltr'><strong>lb</strong></span> <span class='ocrx_word' id='word_1_412' title='bbox 1073 4263 1152 4320; x_wconf 81' lang='lat' dir='ltr'><strong>Filex</strong></span> <span class='ocrx_word' id='word_1_413' title='bbox 1171 4263 1276 4318; x_wconf 88' lang='lat' dir='ltr'><strong>dicitur</strong></span> <span class='ocrx_word' id='word_1_414' title='bbox 1295 4263 1345 4331; x_wconf 92' lang='lat' dir='ltr'><strong>qui</strong></span> <span class='ocrx_word' id='word_1_415' title='bbox 1364 4260 1532 4318; x_wconf 78' lang='lat' dir='ltr'><strong>felicitatem</strong></span> <span class='ocrx_word' id='word_1_416' title='bbox 1551 4264 1602 4322; x_wconf 79' lang='lat' dir='ltr'><strong>dat</strong></span> <span class='ocrx_word' id='word_1_417' title='bbox 1620 4266 1687 4322; x_wconf 78' lang='lat' dir='ltr'><strong>felix</strong></span> 
     </span>
     <span class='ocr_line' id='line_1_39' title="bbox 351 4343 1688 4422; baseline -0.002 -16"><span class='ocrx_word' id='word_1_418' title='bbox 351 4352 401 4422; x_wconf 87' lang='lat' dir='ltr'><strong>qui</strong></span> <span class='ocrx_word' id='word_1_419' title='bbox 425 4351 593 4408; x_wconf 79' lang='lat' dir='ltr'><strong>felicitatem</strong></span> <span class='ocrx_word' id='word_1_420' title='bbox 616 4348 722 4419; x_wconf 81' lang='lat' dir='ltr'><strong>occipit</strong></span> <span class='ocrx_word' id='word_1_421' title='bbox 745 4347 825 4402; x_wconf 86' lang='lat' dir='ltr'><strong>Filex</strong></span> <span class='ocrx_word' id='word_1_422' title='bbox 850 4361 902 4415; x_wconf 88' lang='lat' dir='ltr'><strong>per</strong></span> <span class='ocrx_word' id='word_1_423' title='bbox 925 4359 1010 4414; x_wconf 87' lang='lat' dir='ltr'><strong>quem</strong></span> <span class='ocrx_word' id='word_1_424' title='bbox 1034 4345 1119 4400; x_wconf 83' lang='lat' dir='ltr'><strong>datur</strong></span> <span class='ocrx_word' id='word_1_425' title='bbox 1142 4344 1264 4400; x_wconf 76' lang='lat' dir='ltr'><strong>felicitas</strong></span> <span class='ocrx_word' id='word_1_426' title='bbox 1289 4344 1326 4398; x_wconf 82' lang='lat' dir='ltr'><strong><em>M</em></strong></span> <span class='ocrx_word' id='word_1_427' title='bbox 1399 4349 1431 4397; x_wconf 81' lang='lat'><strong>19</strong></span> <span class='ocrx_word' id='word_1_428' title='bbox 1457 4343 1486 4398; x_wconf 88' lang='lat' dir='ltr'><strong>in</strong></span> <span class='ocrx_word' id='word_1_429' title='bbox 1510 4347 1636 4402; x_wconf 84' lang='lat' dir='ltr'><strong>secundo</strong></span> <span class='ocrx_word' id='word_1_430' title='bbox 1660 4353 1688 4403; x_wconf 86' lang='lat' dir='ltr'><strong>et</strong></span> 
     </span>
     <span class='ocr_line' id='line_1_40' title="bbox 353 4423 1688 4504; baseline -0.005 -16"><span class='ocrx_word' id='word_1_431' title='bbox 353 4433 440 4490; x_wconf 86' lang='lat' dir='ltr'><strong>tertia</strong></span> <span class='ocrx_word' id='word_1_432' title='bbox 458 4449 580 4504; x_wconf 84' lang='lat' dir='ltr'><strong>persona</strong></span> <span class='ocrx_word' id='word_1_433' title='bbox 598 4449 650 4488; x_wconf 87' lang='lat' dir='ltr'><strong>om.</strong></span> <span class='ocrx_word' id='word_1_434' title='bbox 671 4431 708 4485; x_wconf 88' lang='grc' dir='ltr'><strong>Μ</strong></span> <span class='ocrx_word' id='word_1_435' title='bbox 787 4435 822 4484; x_wconf 72' lang='lat'><strong>20</strong></span> <span class='ocrx_word' id='word_1_436' title='bbox 843 4428 987 4482; x_wconf 86' lang='lat' dir='ltr'><strong>diceretur</strong></span> <span class='ocrx_word' id='word_1_437' title='bbox 1006 4429 1082 4497; x_wconf 89' lang='lat' dir='ltr'><strong>qood</strong></span> <span class='ocrx_word' id='word_1_438' title='bbox 1101 4445 1119 4483; x_wconf 87' lang='lat' dir='ltr'><strong>a</strong></span> <span class='ocrx_word' id='word_1_439' title='bbox 1138 4429 1209 4484; x_wconf 84' lang='lat' dir='ltr'><strong>lario</strong></span> <span class='ocrx_word' id='word_1_440' title='bbox 1229 4429 1296 4484; x_wconf 80' lang='lat' dir='ltr'><strong>SM</strong></span> <span class='ocrx_word' id='word_1_441' title='bbox 1378 4423 1445 4479; x_wconf 85' lang='lat' dir='ltr'><strong>ierit</strong></span> <span class='ocrx_word' id='word_1_442' title='bbox 1458 4429 1614 4494; x_wconf 63' lang='lat' dir='ltr'><strong>portem</strong></span> <span class='ocrx_word' id='word_1_443' title='bbox 1631 4431 1688 4486; x_wconf 81' lang='lat' dir='ltr'><strong>loco</strong></span> 
     </span>
     <span class='ocr_line' id='line_1_41' title="bbox 352 4508 1687 4584; baseline -0.002 -13"><span class='ocrx_word' id='word_1_444' title='bbox 352 4531 403 4571; x_wconf 78' lang='lat' dir='ltr'><strong>ont.</strong></span> <span class='ocrx_word' id='word_1_445' title='bbox 419 4513 487 4584; x_wconf 82' lang='lat' dir='ltr'><strong>pM</strong></span> <span class='ocrx_word' id='word_1_446' title='bbox 557 4519 588 4568; x_wconf 78' lang='lat' dir='ltr'><strong>tt</strong></span> <span class='ocrx_word' id='word_1_447' title='bbox 610 4512 686 4584; x_wconf 86' lang='lat' dir='ltr'><strong>iuro]</strong></span> <span class='ocrx_word' id='word_1_448' title='bbox 707 4510 781 4566; x_wconf 89' lang='lat' dir='ltr'><strong>lurio</strong></span> <span class='ocrx_word' id='word_1_449' title='bbox 800 4509 838 4564; x_wconf 90' lang='grc' dir='ltr'><strong>Μ</strong></span> <span class='ocrx_word' id='word_1_450' title='bbox 907 4514 942 4563; x_wconf 72' lang='lat'><strong>23</strong></span> <span class='ocrx_word' id='word_1_451' title='bbox 962 4508 1071 4566; x_wconf 85' lang='lat' dir='ltr'><strong>diceres</strong></span> <span class='ocrx_word' id='word_1_452' title='bbox 1090 4511 1167 4581; x_wconf 88' lang='lat' dir='ltr'><strong>quod</strong></span> <span class='ocrx_word' id='word_1_453' title='bbox 1186 4526 1203 4565; x_wconf 85' lang='lat' dir='ltr'><strong>a</strong></span> <span class='ocrx_word' id='word_1_454' title='bbox 1221 4510 1335 4566; x_wconf 88' lang='lat' dir='ltr'><strong>nomine</strong></span> <span class='ocrx_word' id='word_1_455' title='bbox 1357 4509 1394 4562; x_wconf 89' lang='grc' dir='ltr'><strong>Μ</strong></span> <span class='ocrx_word' id='word_1_456' title='bbox 1466 4512 1500 4561; x_wconf 73' lang='lat' dir='ltr'><strong>tt</strong></span> <span class='ocrx_word' id='word_1_457' title='bbox 1527 4508 1687 4582; x_wconf 69' lang='lat' dir='ltr'><strong>significare</strong></span> 
     </span>
     <span class='ocr_line' id='line_1_42' title="bbox 352 4587 1688 4664; baseline 0.001 -16"><span class='ocrx_word' id='word_1_458' title='bbox 352 4592 498 4651; x_wconf 86' lang='lat' dir='ltr'><strong>uideretur</strong></span> <span class='ocrx_word' id='word_1_459' title='bbox 521 4594 558 4650; x_wconf 91' lang='grc' dir='ltr'><strong>Μ</strong></span> <span class='ocrx_word' id='word_1_460' title='bbox 648 4589 1049 4660; x_wconf 62' lang='lat' dir='ltr'><strong>circamanentes</strong></span> <span class='ocrx_word' id='word_1_461' title='bbox 1140 4598 1174 4647; x_wconf 76' lang='lat' dir='ltr'><strong>tt</strong></span> <span class='ocrx_word' id='word_1_462' title='bbox 1198 4592 1304 4647; x_wconf 89' lang='lat' dir='ltr'><strong>ratioet</strong></span> <span class='ocrx_word' id='word_1_463' title='bbox 1325 4587 1420 4660; x_wconf 82' lang='lat' dir='ltr'><strong>pSM</strong></span> <span class='ocrx_word' id='word_1_464' title='bbox 1509 4593 1688 4664; x_wconf 67' lang='lat' dir='ltr'><strong>nicquetus</strong></span> 
     </span>
     <span class='ocr_line' id='line_1_43' title="bbox 353 4669 1688 4746; baseline 0.001 -16"><span class='ocrx_word' id='word_1_465' title='bbox 353 4675 475 4746; x_wconf 75' lang='lat' dir='ltr'><strong>ignauos</strong></span> <span class='ocrx_word' id='word_1_466' title='bbox 503 4675 525 4730; x_wconf 87' lang='lat' dir='ltr'><strong><em>S</em></strong></span> <span class='ocrx_word' id='word_1_467' title='bbox 548 4680 581 4730; x_wconf 90' lang='lat' dir='ltr'><strong>ut</strong></span> <span class='ocrx_word' id='word_1_468' title='bbox 604 4675 719 4746; x_wconf 79' lang='lat' dir='ltr'><strong>ignatus</strong></span> <span class='ocrx_word' id='word_1_469' title='bbox 743 4673 865 4743; x_wconf 79' lang='lat' dir='ltr'><strong>ignauus</strong></span> <span class='ocrx_word' id='word_1_470' title='bbox 888 4669 927 4725; x_wconf 90' lang='grc' dir='ltr'><strong>Μ</strong></span> <span class='ocrx_word' id='word_1_471' title='bbox 951 4674 984 4727; x_wconf 88' lang='lat' dir='ltr'><strong>ut</strong></span> <span class='ocrx_word' id='word_1_472' title='bbox 1009 4675 1132 4744; x_wconf 68' lang='lat' dir='ltr'><strong>agnatos</strong></span> <span class='ocrx_word' id='word_1_473' title='bbox 1160 4675 1298 4744; x_wconf 79' lang='lat' dir='ltr'><strong>cognatus</strong></span> <span class='ocrx_word' id='word_1_474' title='bbox 1320 4689 1342 4742; x_wconf 86' lang='lat' dir='ltr'><strong>p</strong></span> <span class='ocrx_word' id='word_1_475' title='bbox 1434 4671 1571 4745; x_wconf 81' lang='lat' dir='ltr'><strong>goudium</strong></span> <span class='ocrx_word' id='word_1_476' title='bbox 1600 4676 1688 4731; x_wconf 84' lang='lat' dir='ltr'><strong>animi</strong></span> 
     </span>
     <span class='ocr_line' id='line_1_44' title="bbox 352 4750 1687 4827; baseline 0.002 -16"><span class='ocrx_word' id='word_1_477' title='bbox 352 4758 409 4826; x_wconf 81' lang='lat' dir='ltr'><strong>(eat</strong></span> <span class='ocrx_word' id='word_1_478' title='bbox 427 4757 493 4814; x_wconf 81' lang='lat' dir='ltr'><strong>cdd.</strong></span> <span class='ocrx_word' id='word_1_479' title='bbox 514 4757 565 4825; x_wconf 86' lang='grc' dir='ltr'><strong>Μ)</strong></span> <span class='ocrx_word' id='word_1_480' title='bbox 589 4755 702 4812; x_wconf 82' lang='lat' dir='ltr'><strong>laetitio</strong></span> <span class='ocrx_word' id='word_1_481' title='bbox 721 4759 751 4810; x_wconf 89' lang='lat' dir='ltr'><strong>et</strong></span> <span class='ocrx_word' id='word_1_482' title='bbox 773 4750 913 4810; x_wconf 81' lang='lat' dir='ltr'><strong>exultatio</strong></span> <span class='ocrx_word' id='word_1_483' title='bbox 933 4753 998 4809; x_wconf 82' lang='lat' dir='ltr'><strong>SM</strong></span> <span class='ocrx_word' id='word_1_484' title='bbox 1017 4754 1154 4826; x_wconf 78' lang='lat' dir='ltr'><strong>gaudium</strong></span> <span class='ocrx_word' id='word_1_485' title='bbox 1178 4757 1266 4812; x_wconf 84' lang='lat' dir='ltr'><strong>ooimi</strong></span> <span class='ocrx_word' id='word_1_486' title='bbox 1290 4755 1404 4813; x_wconf 83' lang='lat' dir='ltr'><strong>laetitia</strong></span> <span class='ocrx_word' id='word_1_487' title='bbox 1428 4759 1485 4824; x_wconf 86' lang='lat' dir='ltr'><strong>eat,</strong></span> <span class='ocrx_word' id='word_1_488' title='bbox 1511 4756 1687 4827; x_wconf 77' lang='lat' dir='ltr'><strong>exultatiop</strong></span> 
     </span>
    </p>
   </div>
   <div class='ocr_carea' id='block_1_11' title="bbox 0 0 1813 5482">
    <p class='ocr_par' dir='ltr' id='par_1_11' title="bbox 0 0 1813 5482">
     <span class='ocr_line' id='line_1_45' title="bbox 0 0 1813 5482; baseline 0 0"><span class='ocrx_word' id='word_1_489' title='bbox 0 0 1813 5482; x_wconf 95' lang='lat' dir='ltr'><strong> </strong></span> 
     </span>
    </p>
   </div>
  </div>
 </body>
</html>
