3602 5482
604 326 654 384 DE
673 324 969 384 onnnoussssffis
1387 319 1453 388 287

115 440 138 478 ρ.
152 429 216 472 saar.
233 429 260 472 aa
273 429 300 470 ι».

115 509 351 598 sacriiiolls'‚
374 524 406 576 et
429 532 553 576 rursum
578 507 755 578 ‘recessit
777 533 794 578 a
818 512 928 596 malo,
957 529 1026 574 noo
1051 509 1144 592 qnod
1176 509 1345 574 iaciendo
1369 527 1454 571 oon·

115 619 219 707 tigit,
250 622 313 684 sed
345 620 440 703 qnod
470 621 692 684 inveniendo
723 620 951 704 reprobavit3
981 621 1054 682 item
1087 613 1242 682 ‘dictum
1272 627 1329 682 est
1359 617 1454 700 quod

114 731 186 794 boe
205 749 357 812 numero
377 732 527 812 requies
546 725 790 814 designatnr',
805 733 877 792 item
892 724 978 791 ‘non
999 725 1091 790 nulli
1110 746 1190 790 sese
1210 729 1458 809 intrinsecus,

115 838 215 920 quod
239 857 305 920 per
329 857 391 900 eos
413 841 650 920 purgationis
673 840 793 920 gratia
817 839 1025 920 derivatur,
1048 830 1256 898 extollunt’.

74 963 87 1004 a
211 946 339 1019 Quoties
362 948 454 1010 toties
477 948 590 1028 septies
614 949 680 1010 sine
706 965 734 1010 n.
773 945 919 1028 quicquid
944 947 975 1006 in
998 945 1101 1024 priore
1125 941 1236 1024 syllaba
1260 960 1316 1024 per
1340 961 1357 1004 o
1381 943 1455 1004 seri·

116 1053 264 1116 bendum.
303 1071 474 1136 quanquam
498 1055 530 1116 in
554 1056 657 1136 priore
680 1073 737 1136 per
760 1073 789 1118 n.
828 1053 951 1138 querela
976 1071 1033 1134 per
1057 1070 1152 1114 arnum
1175 1051 1194 1113 l.
1232 1059 1382 1132 quatenos
1406 1049 1455 1112 ad·

117 1161 258 1226 serbiam
288 1161 346 1225 loci
376 1162 423 1225 rel
450 1163 611 1246 temporis,
638 1160 668 1224 id
697 1171 745 1225 est
772 1181 947 1245 quousque,
973 1179 1030 1243 per
1052 1179 1084 1243 e,
1117 1136 1259 1240 qualinus
1283 1159 1456 1220 coniunctio

117 1269 264 1346 causalis,
291 1270 322 1334 id
347 1281 395 1334 est
425 1278 472 1354 ut,
499 1288 555 1352 per
578 1271 588 1332 i
612 1268 817 1333 scribendum.
856 1270 1013 1352 quaeritur
1037 1266 1074 1330 de
1097 1265 1294 1348 inquirendo,
1317 1267 1457 1346 queritur
1564 1321 1565 1324 ,

117 1379 156 1442 de
180 1377 336 1461 plorando.
376 1387 521 1461 quaestus
541 1377 633 1469 lueri,
657 1386 785 1460 questus
803 1378 1004 1442 lacrimarum.
1025 1369 1031 1460 Ι
1053 1375 1241 1457 querimonia
1260 1391 1382 1455 quoque
1401 1390 1457 1454 per

77 1505 104 1544 ιο
119 1485 291 1570 simplicem
310 1507 326 1549 a
346 1484 515 1550 scribenda.
548 1488 712 1568 quicquam
734 1505 791 1568 per
809 1505 840 1569 o,
865 1504 925 1548 oon
949 1483 1113 1567 quidquam
1136 1481 1330 1545 scribendum
1354 1481 1457 1563 perd.

119 1596 326 1682 quorundam,
349 1598 430 1659 siout
452 1593 634 1676 eorundem,
657 1612 714 1676 per
737 1613 757 1658 n
781 1593 992 1676 scribendum,
1016 1610 1077 1654 non
1100 1609 1156 1672 per
1178 1607 1218 1653 m.

215 1703 335 1778 Querar
358 1705 396 1766 de
420 1713 466 1787 te,
489 1720 603 1785 queror
628 1701 682 1764 tibi
706 1702 743 1765 de
767 1701 835 1785 illo,
856 1704 929 1766 item
954 1718 1136 1781 conqueror.

213 1807 298 1886 ‘Quo
315 1806 441 1876 vadisi’
466 1811 503 1874 ad
528 1828 619 1892 quem
643 1809 743 1874 locum
763 1811 926 1894 signilloat,
951 1805 1022 1891 ‘qua
1042 1801 1162 1870 vadisi'
1187 1809 1312 1889 quasia
1337 1805 1458 1868 dicitur.

120 1938 184 2002 quo
208 1919 367 2002 aliquando
390 1939 447 2002 pro
471 1918 524 1982 ubi
546 1919 685 2000 ponitur:
708 1919 895 2001 Augustinus
919 1913 1081 1980 ‘invenis
1104 1915 1245 1979 domum
1270 1913 1458 1997 lamosam,

79 2046 192 2110 raquo
217 2027 302 2090 boni
324 2023 522 2112 habitant'‚
546 2027 575 2090 id
598 2037 646 2090 est
669 2026 722 2089 ubi
745 2026 890 2090 habitant

216 2133 297 2208 Quot
320 2135 357 2198 ad
386 2153 548 2199 nrrmerum
576 2137 724 2218 pertinet,
755 2137 835 2197 sient
858 2141 889 2197 et
911 2141 971 2217 tot,
994 2136 1099 2215 quanti
1123 2141 1155 2196 et
1178 2135 1253 2196 tanti
1275 2132 1312 2195 ad
1336 2149 1457 2194 mensu·

122 2263 199 2308 ram.
236 2244 290 2308 sed
310 2247 408 2308 nostri
427 2252 568 2308 auctores
586 2243 747 2324 aliquoties
767 2251 897 2325 quantos
917 2261 972 2324 pro
991 2232 1120 2304 numero
1139 2249 1270 2323 ponunt:
1292 2239 1457 2321 Gregorius

121 2347 207 2416 ‘sed
222 2361 395 2416 cumrete
410 2355 549 2436 magnis
562 2351 733 2434 piscibus
747 2347 1460 2433 plenumdicitnr,addituretquantis,

121 2460 276 2524 seilicet
295 2455 428 2524 CLlll'.
462 2470 594 2544 quantun
613 2478 704 2542 quam
724 2477 850 2541 magnus
868 2458 989 2542 dieitur,
1009 2465 1121 2538 quotus
1140 2458 1228 2519 ouius
1248 2458 1364 2539 nautis,
1377 2457 1457 2518 unde

81 2579 155 2633 raet
178 2578 271 2651 quota
295 2567 366 2632 luna
389 2569 515 2633 dicitur:
551 2569 739 2650 Augustinus
763 2563 914 2649 ‘quotus
938 2567 1098 2648 quisque
1122 2582 1299 2646 apparere
1323 2571 1359 2626 et
1381 2563 1457 2626 eri·

121 2687 226 2741 stere
254 2686 387 2760 potest,
415 2678 479 2759 qni
506 2695 576 2740 noo
605 2677 846 2739 convineatur
875 2692 956 2737 esse
984 2665 1184 2755 peceator',
1211 2669 1241 2734 id
1273 2679 1319 2733 est
1342 2673 1374 2734 in
1399 2688 1457 2752 qua

78 2820 79 2823 π
122 2795 238 2868 aetate,
259 2804 321 2866 quo
344 2784 465 2848 dierum
487 2784 534 2846 vel
558 2802 708 2847 annorum
732 2803 870 2848 numero.

215 2919 330 2984 lindius
353 2919 534 3002 masculino,
557 2936 619 2982 non
642 2918 760 2982 radium
785 2927 903 2982 neutro.

217 3027 324 3092 llubor
347 3028 458 3092 eoloris
482 3037 543 3111 est,
565 3026 661 3090 robur
684 3029 821 3109 obtutis,
842 3025 935 3089 robbr
959 3025 1085 3088 arboris.

218 3135 314 3220 llaplo
337 3136 394 3200 tibi
415 3139 569 3220 pecunias.

216 3243 350 3308 lledoleo
372 3253 572 3328 unguentum.

218 3353 347 3436 Regium
370 3354 483 3418 dieitur
507 3353 587 3434 qnod
613 3354 694 3434 regis
719 3353 795 3434 luit,
819 3351 919 3434 regale
944 3350 1025 3432 quod
1049 3369 1121 3433 rege
1145 3352 1270 3432 dignum
1293 3361 1352 3413 est·

112 3521 115 3528 r
217 3460 328 3524 Rabies
347 3470 465 3524 mutum
484 3479 611 3525 numero
631 3460 785 3543 singulari.
822 3459 966 3542 reliquiae
987 3469 1017 3521 et
1036 3470 1148 3541 rostra,
1168 3458 1220 3521 ubi
1238 3461 1465 3542 continuantur,

127 3579 247 3634 tantum
269 3569 438 3653 pluraliter.

221 3806 236 3855 1
256 3816 314 3856 nou
332 3797 402 3870 qnia
419 3796 552 3855 faciendo
570 3797 693 3871 conligit
710 3797 760 3855 sad
779 3797 856 3869 quod
875 3795 1049 3853 inuenisndo
1071 3795 1109 3851 M
1124 3813 1184 3852 non
1207 3795 1276 3868 qnia
1298 3794 1465 3852 sianiendo

127 3878 271 3937 continuit
289 3879 339 3936 ssd
358 3879 428 3950 quia
441 3879 582 3938 ueniendo
599 3879 647 3941 rs
666 3879 743 3952 qnod
761 3877 891 3936 iaciendo
909 3874 1033 3946 conligit
1050 3892 1102 3948 per
1120 3875 1196 3946 quod
1215 3873 1386 3932 insaniendo
1405 3875 1434 3930 P

131 3967 148 4018 ἱ
169 3959 254 4034 item]
273 3960 352 4016 idem
370 3959 399 4014 P
458 3959 566 4016 dietum
586 3959 642 4033 aab]
662 3959 734 4016 dicit
751 3958 800 4020 εἰ
851 3965 867 4014 3
887 3957 1018 4014 nonnulli
1037 3973 1097 4014 sese
1117 3954 1166 4016 εὖ
1185 3955 1328 4012 nonnullis
1347 3961 1383 4012 εἶ
1399 3956 1468 4013 ΡΜ

184 4039 300 4112 tquod
320 4040 358 4096 M
375 4041 425 4112 qui
443 4041 472 4096 P
486 4042 555 4114 qnia
573 4042 623 4102 ru
697 4041 872 4099 extolluntur
891 4038 940 4098 sL
1023 4035 1197 4110 oquiequid
1216 4039 1246 4092 et
1265 4036 1418 4108 quiequam
1436 4038 1468 4094 iu

127 4123 218 4198 priori
236 4121 349 4194 syllaba
367 4137 447 4193 pero
466 4121 660 4194 scribendum,
679 4138 737 4178 non
756 4139 807 4194 per
820 4121 847 4177 d.
876 4136 1039 4192 quanquam
1059 4117 1202 4189 inpriore
1222 4133 1314 4188 pern.
1343 4135 1466 4189 quorun·

128 4207 197 4264 darn
212 4206 288 4262 siout
302 4201 456 4262 eorundem
469 4221 521 4274 per
534 4223 561 4262 n.
585 4202 718 4275 querela,
737 4203 844 4258 omassis
862 4203 943 4270 infra
961 4219 987 4258 o.
1006 4200 1161 4272 quiequam
1177 4229 1209 4240 -
1224 4214 1280 4254 non
1299 4215 1350 4271 per
1363 4218 1393 4255 m
1408 4185 1466 4260 ab.

129 4287 268 4361 quioquid
289 4317 323 4329 -
342 4301 394 4358 per
413 4301 428 4340 a
447 4284 627 4341 scribendum
646 4283 773 4354 borloso
791 4285 893 4340 omisso
908 4289 974 4354 post
997 4288 1013 4337 8
1040 4297 1091 4353 per
1110 4279 1120 4336 i
1139 4277 1320 4335 scribendum
1344 4280 1425 4336 babet
1444 4281 1472 4335 P

187 4377 203 4426 tl
224 4367 403 4441 quanquam]
422 4364 537 4437 quando
556 4365 606 4434 qui
625 4363 654 4417 P
742 4364 870 4438 querela]
890 4365 1006 4435 querele
1027 4363 1055 4418 P
1144 4365 1159 4415 7
1186 4359 1216 4416 id
1236 4361 1392 4431 subpriore
1411 4362 1468 4417 loeo

129 4467 183 4508 ora.
203 4447 233 4504 P
301 4453 318 4506 8
343 4445 472 4519 queritur
494 4449 611 4516 anemae
637 4443 695 4498 loeo
718 4442 748 4498 P
822 4445 963 4517 queritur]
989 4441 1172 4515 conqueritur
1198 4439 1235 4494 M
1311 4446 1328 4496 9
1352 4443 1468 4512 questus

130 4535 249 4602 retroque
267 4527 325 4584 looo
344 4525 374 4582 P
461 4523 646 4597 queremonia
671 4541 722 4594 per
740 4524 770 4580 P
859 4531 892 4580 10
912 4524 1068 4597 quidquam
1089 4519 1269 4579 scribendam
1288 4538 1339 4578 om.
1361 4521 1400 4578 M

132 4617 167 4666 12
187 4624 347 4679 conqueror
366 4604 415 4668 en
435 4605 589 4676 oouqniror
609 4603 646 4658 M
665 4620 769 4674 queror
788 4605 816 4660 P
869 4613 903 4661 14
922 4605 1031 4663 iuvenis
1052 4637 1084 4646 -
1106 4603 1183 4671 Quot
1201 4619 1252 4658 oran
1272 4600 1302 4657 P
1354 4609 1388 4658 1s
1407 4619 1478 4674 pera

132 4689 228 4746 linunt
245 4686 275 4743 P
327 4693 360 4744 ts
381 4686 410 4743 S.
425 4701 490 4742 oum
504 4687 582 4742 roste
601 4683 726 4755 piscibus
740 4685 891 4758 magnisP
941 4687 1012 4743 dieii
1032 4687 1070 4741 M
1123 4685 1224 4757 quanli
1241 4682 1270 4737 P
1323 4687 1356 4738 19
1372 4684 1471 4757 quam]

133 4769 203 4840 quia
221 4768 250 4824 P
319 4773 352 4824 21
374 4767 438 4840 qui]
457 4767 525 4838 quia
545 4767 584 4822 M
669 4771 704 4821 24
722 4767 823 4841 robur]
843 4768 929 4824 rubor
948 4767 974 4822 P
1044 4773 1078 4823 tt
1098 4766 1166 4839 luit]
1186 4766 1258 4822 linui
1278 4765 1317 4820 M
1389 4765 1470 4838 rege]

133 4849 195 4922 regi
214 4847 285 4904 PM
356 4853 391 4904 28
410 4847 596 4904 eonoionatur
614 4845 641 4901 L
