3602 5482
581 283 584 298 ³
701 313 897 374 exornent
1042 245 1101 330 ·‘
1391 317 1458 384 319

120 503 220 568 babile
241 513 288 567 est
307 503 482 566 Diomedem
502 511 599 568 ertein
618 507 843 587 grammaticam
863 505 920 568 hoe
935 505 1057 568 nomine
1072 507 1249 588 inscriptam
1264 507 1458 589 usurpavisse

120 615 320 696 eiusdemque
341 615 414 676 artis
434 623 575 698 excerpta
600 615 635 676 ad
661 633 752 678 usum
775 614 947 678 scholarum
972 614 1196 679 accommodata
1220 619 1306 679 etin
1330 616 1458 678 sormam

120 725 369 806 interrogationis
394 731 425 786 et
449 727 655 807 responsionis
680 724 801 788 redacta
825 724 933 806 luisse,
957 741 1034 805 qnae
1058 724 1090 785 in
1114 741 1203 787 suum
1222 723 1334 787 librum
1354 723 1457 788 tirtax

120 835 247 915 recepit.
276 830 332 894 alia
348 828 515 894 eorundem
536 840 749 915 excerptorum
769 835 908 895 recensio
928 842 987 915 est,
1011 850 1089 914 quae
1110 851 1191 895 nnnc
1211 835 1241 896 in
1261 831 1347 896 libris
1366 851 1457 896 manu

121 943 246 1024 scriptis
265 943 376 1024 partim
396 940 541 1005 Victorini
560 943 671 1022 partim
690 939 879 1003 Palaemonis
899 943 1021 1003 nominc
1040 942 1186 1023 iuscripta
1204 939 1347 1024 babetur,
1367 959 1457 1024 qnam

8 1107 17 1120 ,
121 1049 252 1112 ablario
271 1047 426 1112 Victorino
444 1049 627 1132 prolectam,
651 1049 704 1112 sed
729 1051 863 1131 graviter
886 1049 1077 1132 depravatam
1103 1059 1134 1113 et
1156 1049 1365 1133 perturbatam
1389 1070 1457 1114 esse

121 1157 184 1220 diri
207 1176 333 1240 gramm.
357 1156 406 1222 lat.
430 1177 454 1220 v.
474 1157 512 1222 tu
532 1179 559 1242 p.
578 1157 681 1222 XXIV.
720 1157 828 1222 Scauri
851 1167 951 1222 autern
977 1177 1087 1222 nomen
1112 1159 1194 1223 nnlla
1217 1177 1307 1223 causa
1331 1168 1379 1223 est
1402 1179 1458 1224 cur

121 1285 184 1330 non
207 1267 244 1330 ad
269 1275 403 1330 veterem
423 1261 604 1332 et'nobttem
624 1269 854 1350 grammaticum
874 1267 909 1342 Q.
929 1265 1107 1342 Terentium
1128 1269 1276 1332 Scaurum
1298 1269 1457 1354 celeratur,

36 1441 40 1448 ,
121 1395 201 1460 quae
230 1377 288 1440 luit
316 1379 467 1440 sententia
494 1367 661 1440 liltscbelii'
681 1395 785 1460 opusc.
814 1376 916 1460 philol.
945 1397 971 1439 v.
995 1376 1022 1440 ll
1051 1397 1079 1460 p.
1103 1374 1180 1441 607.
1219 1397 1401 1461 quamquam
1426 1379 1458 1442 in

121 1489 242 1549 incerto
266 1485 500 1570 relinquendum
524 1495 587 1570 est,
615 1497 719 1550 utrum
743 1487 848 1550 Audax
871 1505 906 1550 ea
935 1489 1035 1549 omnia
1064 1506 1141 1569 qnae
1165 1487 1244 1570 apud
1268 1485 1457 1551 Victorinum

120 1599 235 1658 omissa
258 1606 329 1659 sunt
354 1614 391 1658 ex
414 1597 567 1678 excerptis
582 1593 689 1657 Scauri
713 1598 874 1680 receperit,
897 1614 935 1658 an
959 1594 1116 1678 quaedam
1130 1593 1167 1658 ab
1192 1595 1257 1658 aliis
1282 1595 1457 1658 auctoribus

120 1707 217 1788 petita
241 1705 390 1769 addiderit
414 1753 420 1768 .
445 1714 536 1787 atque
561 1706 650 1766 etiarn
679 1707 780 1787 ipsum
805 1704 911 1768 Scauri
937 1703 1065 1788 librum,
1093 1723 1154 1787 qtro
1184 1715 1214 1768 et
1243 1703 1402 1766 Diomedes
1427 1711 1458 1766 et

55 1830 61 1836 ·
120 1823 245 1897 praeter
267 1814 349 1877 bunc
374 1813 423 1876 alii
451 1815 638 1897 grammatici
668 1815 715 1877 usi
745 1825 829 1898 snut,
858 1833 917 1876 non
946 1824 1020 1897 puto
1049 1815 1257 1896 incorruptam
1286 1813 1456 1876 doctrinam

120 1925 235 1986 veteris
258 1925 460 2006 grammatici,
489 1923 576 1985 cuius
606 1940 715 1985 nomen
745 1941 816 2004 prae
847 1941 879 1984 se
910 1920 1039 2005 terebat,
1070 1925 1270 2005 continuisse,
1295 1921 1348 1984 sed
1372 1939 1457 1984 more

120 2034 388 2114 grammaticorum
418 2041 567 2096 mutatum
597 2033 699 2094 luisse.
743 2033 863 2113 gravius
892 2050 963 2093 vero
993 2029 1065 2093 illud
1095 2039 1154 2114 est,
1188 2030 1269 2113 qnod
1298 2029 1390 2094 multa
1420 2048 1456 2093 ex

120 2141 169 2203 bis
190 2157 267 2220 quae
287 2159 323 2203 ex
343 2139 450 2204 Scauri
475 2142 570 2223 copiis
589 2160 605 2203 a
625 2139 768 2203 Diomede
791 2139 837 2202 vel
856 2137 893 2202 ab
913 2139 1032 2202 Atrdaoe
1053 2148 1083 2202 et
1102 2137 1257 2203 Victorino
1278 2139 1456 2222 deprompta

119 2248 270 2315 babemus
293 2249 329 2312 ad
354 2248 497 2314 Varronis
527 2249 695 2312 doctrinam
721 2249 886 2312 revocanda
912 2257 991 2311 svtnt.
1030 2267 1098 2312 narn
1123 2259 1153 2312 et
1177 2267 1288 2312 nomen
1313 2247 1457 2311 Varronis

120 2359 168 2422 bis
197 2359 277 2442 opud
302 2358 477 2422 Diomedem
507 2358 692 2440 adscriptum
721 2367 781 2441 est,
809 2378 837 2441 p.
862 2354 944 2441 426,
972 2355 1014 2421 21
1041 2358 1077 2421 de
1107 2359 1214 2421 olllciis
1243 2361 1456 2440 grammaticae
1553 2364 1559 2376 '

120 2479 152 2532 et
177 2462 257 2552 439,
285 2463 326 2530 16
351 2466 389 2529 de
413 2466 573 2551 latinitate,
598 2467 707 2530 etalio
732 2469 805 2530 satis
828 2469 921 2530 certis
945 2465 1066 2529 indiciis
1090 2469 1118 2530 ei
1143 2466 1358 2552 vindicantur.

213 2575 336 2639 Palladii
357 2577 492 2658 nomine,
516 2575 597 2657 quod
613 2575 715 2637 dttdax
736 2578 766 2637 in
788 2577 984 2660 inscriptione
1003 2575 1073 2639 libri
1092 2585 1162 2658 post
1177 2575 1326 2639 Scaurum
1345 2578 1457 2659 posuit,

120 2689 147 2749 is
162 2685 254 2770 liber,
279 2703 369 2767 quiem
389 2685 576 2767 grammaticl
591 2683 679 2765 vulgo
695 2683 787 2746 Probi
803 2689 923 2748 nomine
939 2692 1177 2770 usurpaverunt,
1197 2703 1252 2747 nos
1267 2684 1455 2747 Priscianum

121 2804 153 2860 et
175 2793 355 2877 Pompeium
380 2795 477 2858 secuti
502 2795 780 2857 instituentium
805 2793 1032 2880 appellavimus,
1061 2795 1225 2877 significari
1254 2793 1381 2856 videtur.
1420 2811 1456 2855 ex

120 2905 180 2967 boc
209 2905 290 2966 enim
320 2887 540 2985 disputationes
564 2902 602 2966 de
631 2903 729 2966 tribus
758 2902 896 2985 partibus
925 2907 1083 2987 orationis,
1112 2905 1341 2986 coniunctione,
1370 2920 1455 2985 prae·

119 3015 287 3098 positione,
310 3013 522 3074 interiectione
546 3011 690 3074 collectae
715 3020 794 3074 sunt.
833 3011 886 3074 sed
915 3013 945 3075 in
972 3011 1021 3074 bis
1050 3031 1170 3095 quoque
1200 3010 1456 3094 disputationibus

120 3121 270 3207 quaedam
294 3123 505 3203 inveniuntur,
529 3137 606 3202 quae
630 3121 661 3181 in
686 3117 843 3182 codicibus
867 3119 933 3180 eius
957 3117 1027 3181 libri
1051 3137 1110 3182 non
1135 3118 1286 3202 leguntur.
