3602 5482
607 323 679 384 ARS
708 273 959 385 catamerica
1385 325 1449 394 371

117 535 178 600 quo
199 534 311 580 nomeu
330 516 517 598 grammatici
536 535 573 580 ex
593 514 692 580 verbis
712 515 827 581 Cuiacii
846 533 937 600 supra
956 517 1092 599 scriptis,
1116 537 1192 600 quae
1218 517 1342 584 editioni
1366 535 1451 602 prae·

118 627 234 710 posuit,
262 626 382 708 petivit;
410 625 536 689 tertium
558 636 658 689 autem
683 625 795 690 librum
818 625 893 689 dixit
921 632 1099 712 propterea,
1129 627 1209 710 quood
1238 629 1452 711 grammaticus

118 734 195 798 duos
219 733 314 798 libros
337 742 461 797 anteaa
485 752 518 797 se
543 737 673 817 scriptos
696 736 728 798 in
746 733 1044 823 praelationeuhuius
1067 739 1162 818 partis
1181 756 1209 820 p.
1228 734 1250 800 2
1270 734 1315 800 ed.
1342 735 1452 800 Boeclt.

119 843 282 926 siguificat,
304 834 370 926 act
389 834 516 908 τούτου
533 833 598 927 γὰρ
618 837 720 908 δυσίν
739 841 886 927 βιβλίοις
904 839 1104 927 συνέγραψα
1122 837 1234 909 πάντα
1250 836 1292 910 τὰ
1312 838 1453 929 βήματα,

119 942 140 1014 ἃ
164 942 351 1035 ἠδυνήθην
378 949 420 1038 τῇ
447 938 592 1038 ἡμετέρᾳ
620 947 797 1038 ἑρμηνείᾳ,
825 943 890 1016 ὅσα
917 944 1086 1037 ἀναγκαία
1113 944 1363 1038 ὑπολαμβάνω,
1395 949 1452 1018 καὶ

118 1053 208 1138 ὅλως
241 1053 306 1126 ὅσα
339 1053 466 1146 ὠφελεῖ
495 1051 697 1145 ἀνθρώποις
733 1063 890 1145 praecare
926 1060 986 1144 τῆς
1022 1059 1143 1139 λαλιᾶς
1179 1059 1352 1148 βωμαιιιῆς
1389 1055 1453 1128 οὐκ

119 1168 281 1236 intereas
303 1166 360 1236 real
384 1164 550 1260 ἐντούτῳ
569 1169 616 1260 τῷ
635 1169 758 1258 βιβλίῳ
777 1174 1000 1254 προσθεῖναι,
1022 1168 1082 1236 ἵνα
1102 1171 1179 1258 ἔχῃς
1199 1163 1287 1236 ὅπου
1306 1164 1452 1237 σεαυτὸν

119 1273 314 1365 reportans,
337 1271 423 1345 ἀλλὰ
445 1274 503 1345 καὶ
527 1271 676 1364 εὐτυχῶς
697 1275 829 1356 stercor
853 1288 927 1356 σοῖς
949 1281 1134 1366 καταλίπῃς
1153 1275 1379 1364 μνημόσυνον
1396 1277 1453 1345 eal

118 1381 311 1474 ὑπόδειγμα
344 1388 558 1474 φιλοπονιῶν
591 1403 656 1454 σου
689 1398 761 1454 ante
792 1393 876 1454 bane
904 1395 985 1455 enim
1013 1393 1133 1456 daobrts
1160 1392 1251 1454 libris
1279 1394 1455 1472 conscripsi

119 1504 225 1565 omnia
245 1503 340 1564 rerba
359 1519 440 1579 qaae
458 1504 550 1581 potui
572 1507 679 1564 nostro
704 1503 970 1581 interpretatione,
993 1519 1075 1580 qaae
1097 1504 1279 1565 necessaria
1303 1502 1452 1578 arbitror,

11 1621 12 1626 ’
120 1619 151 1675 ct
183 1613 306 1674 omnino
338 1628 420 1688 qaae
453 1617 586 1690 prosunt
622 1611 795 1674 bominibus
832 1613 1024 1674 amatoribus
1060 1615 1202 1690 loquelae
1237 1613 1356 1675 latinae
1392 1629 1453 1676 aare

122 1723 264 1784 dubitata
286 1727 317 1784 et
338 1721 397 1784 boc
420 1721 500 1782 libro
524 1721 666 1796 adicere,
699 1727 734 1782 at
756 1721 873 1782 babeas
901 1722 957 1783 ati
979 1729 1008 1784 te
1032 1725 1130 1802 ι’ρειιαι
1154 1738 1318 1803 exerceas,
1345 1723 1403 1784 sed
1424 1730 1454 1784 et

116 1831 258 1910 feliciter
281 1830 388 1893 iiberr's
412 1833 472 1892 tois
496 1831 655 1908 relinquas
678 1833 907 1892 memoriam-et
924 1834 1097 1912 exemptam
1115 1832 1289 1894 stadiorum
1307 1837 1452 1894 tuorum.

119 1939 196 2002 haee
220 1940 302 2002 enim
326 1941 367 2001 ita
390 1939 608 2020 interpretatus
632 1948 693 2023 est,
716 1946 750 2002 ut
768 1940 900 2022 primum
919 1937 1029 2003 librum
1050 1940 1087 2002 ad
1105 1947 1202 2002 artem
1220 1941 1453 2025 grammaticam,

119 2047 290 2112 secundum
320 2046 356 2111 ad
385 2045 573 2111 elocutiones
601 2056 632 2112 et
658 2047 774 2131 glossas
801 2057 872 2131 post
902 2057 1000 2112 artem
1029 2051 1157 2131 scriptas
1186 2050 1329 2132 referret,
1363 2051 1453 2112 tertio

120 2167 224 2223 autem
248 2155 326 2220 lihro
348 2175 366 2220 a
389 2159 534 2240 magistro
558 2176 593 2221 ea
617 2176 694 2240 quae
717 2156 755 2221 ad
779 2155 965 2221 exercendos
989 2155 1154 2240 discipulos
1183 2176 1219 2220 ex
1248 2159 1339 2220 variis
1368 2155 1453 2221 libris

119 2270 217 2351 petita
231 2285 301 2332 cum
320 2284 427 2349 graece
447 2269 697 2352 interpretatione
712 2253 885 2350 scripsisset
900 2268 1118 2350 comprehensa
1133 2285 1200 2330 esse
1220 2263 1452 2354 existimaret*)

119 2383 227 2460 postea
250 2374 377 2459 glossae,
400 2379 568 2440 sententiae
592 2383 623 2439 et
646 2374 792 2460 epistulae
817 2374 969 2453 lladriaul,
993 2375 1109 2440 tabariae
1134 2378 1294 2462 Aesopias,
1318 2396 1395 2459 quae
1422 2379 1452 2441 in

121 2483 311 2568 Sangalleusi
348 2477 451 2548 codice
489 2484 646 2568 leguntur,
688 2485 890 2568 fragmentum
932 2483 970 2548 de
1007 2485 1295 2550 manumissionibus
1332 2484 1404 2548 olim
1436 2507 1453 2548 a

121 2593 249 2657 Pithoeo
278 2592 393 2657 editum
426 2601 457 2656 et
488 2602 646 2676 praeterea
674 2591 730 2655 alia
760 2592 914 2675 complura
944 2597 1016 2658 varii
1045 2595 1217 2677 argumenti
1243 2595 1317 2658 item
1345 2613 1452 2677 graece

124 2712 156 2767 et
179 2701 272 2766 lethae
297 2703 425 2786 scripta,
448 2701 556 2785 Hygini
580 2701 765 2785 genealogia,
793 2704 926 2765 narratio
955 2702 991 2766 de
1020 2702 1098 2776 hello
1126 2702 1272 2787 Troiam,
1305 2703 1454 2767 coddiana

122 2813 327 2894 conversatio,
355 2815 387 2874 in
416 2811 520 2875 codice
544 2809 699 2895 Leidensi,
731 2813 783 2892 qui
812 2819 859 2874 est
886 2813 967 2874 inter
995 2811 1115 2876 codices
1139 2811 1299 2876 Vossiauos
1328 2831 1454 2896 graecos

122 2924 238 2986 iormae
262 2919 425 3004 quadratae
449 2941 478 2986 n.
503 2919 537 3002 t,
560 2919 681 2984 inventa
705 2926 776 2982 suut
791 2969 798 2982 .
813 2938 905 3002 quem
929 2919 1065 2984 codicem
1089 2921 1302 2986 Valckenarius
1326 2923 1452 2986 miscell.

122 3016 242 3094 observ.
266 3032 333 3094 crit.
357 3050 383 3092 s.
406 3029 433 3092 X
457 3023 497 3116 (a.
523 3022 626 3116 1739)
650 3049 678 3112 p.
705 3026 769 3093 108
793 3031 964 3094 accuratius
993 3029 1167 3115 descripsit,
1196 3041 1356 3115 postquam
1383 3042 1453 3096 ante

122 3160 194 3204 eum
227 3139 277 3203 alii
310 3138 416 3204 eodem
453 3139 557 3204 codice
591 3141 640 3203 usi
677 3131 820 3225 sunt**)
876 3137 1090 3204 Valckenarius
1123 3149 1237 3219 autem,
1271 3160 1453 3225 quamquam

195 3344 221 3418 ⁸)
241 3344 373 3403 Goldaati
391 3343 538 3402 adnotatio
557 3342 594 3399 ad
612 3343 700 3399 verba
718 3341 900 3414 grammatici
917 3360 1003 3414 supra
1022 3345 1131 3418 scripta
1148 3347 1193 3402 est
1211 3346 1296 3414 haec,
1316 3345 1403 3402 ‘Nam
1418 3346 1453 3402 de

121 3431 186 3486 tota
207 3443 239 3484 ra
263 3425 458 3484 Grammatico
481 3427 538 3482 tres
562 3425 650 3482 libros
674 3423 842 3496 consempsit
864 3423 1018 3482 admodum
1043 3427 1212 3499 conquisito.
1254 3427 1351 3483 Primo
1379 3427 1453 3484 libro

121 3509 279 3583 proletaria
301 3507 464 3578 menuitur
486 3509 517 3564 et
539 3507 655 3578 passiva
675 3506 727 3564 illo
751 3507 787 3563 de
810 3509 874 3563 octo
898 3505 1034 3564 orationis
1058 3509 1187 3580 partibus
1210 3511 1366 3582 praecepta
1389 3527 1452 3585 cum¹

121 3589 265 3650 industria
289 3634 295 3648 .
319 3589 418 3647 Altero
447 3587 620 3660 simplicium
649 3587 854 3646 vocabulorum
881 3587 1087 3660 significantiae
1119 3590 1221 3660 tradit,
1253 3589 1284 3646 in
1316 3587 1351 3645 iia
1383 3607 1453 3660 quas

120 3673 373 3739 Nomenelaturaa,
403 3671 432 3726 et
459 3670 547 3726 iniis
571 3687 641 3742 quas
667 3670 781 3728 Glossas
810 3686 944 3727 vocamus
967 3670 1027 3727 sive
1051 3670 1155 3728 Lexica
1179 3715 1186 3730 .
1210 3672 1373 3728 Postremus
1401 3671 1453 3728 has

121 3756 251 3812 continet
264 3753 298 3810 D.
313 3752 431 3810 Adriani
449 3753 633 3826 Imperatoris
653 3750 815 3810 Senmntias
834 3755 864 3809 at
882 3751 1039 3824 Epistolas,
1058 3771 1123 3810 cnm
1141 3755 1207 3811 aliis
1226 3755 1348 3812 aliorum
1367 3753 1451 3812 dictis

121 3841 152 3894 et
170 3834 299 3908 scriptia,
318 3850 393 3906 quae
413 3833 509 3891 nmcio
528 3832 650 3905 quorum
668 3832 777 3890 desidie
795 3849 832 3889 an
851 3832 954 3890 iniuria
972 3835 1105 3891 honesta
1123 3836 1305 3908 peritarunt'.

181 3919 226 3987 ³2)
253 3917 286 3974 ln
319 3915 452 3986 catalogo
478 3914 671 3972 bibliothecae
702 3914 834 3986 publicae
865 3913 1161 3986 Lugdnno·Batarae
1193 3932 1220 3974 a.
1246 3924 1315 3976 1⁷16
1347 3936 1375 3991 p.
1400 3924 1453 3974 aab

121 4001 212 4058 codex
230 3997 383 4056 Vossianus
406 3996 548 4054 indicatus
571 3999 615 4054 est
637 3995 692 4066 its,
723 3995 859 4054 ‘Glossae
882 3995 1013 4055 Dosithei
1036 3996 1301 4070 Graeco-Latinae,
1327 3998 1377 4069 qni
1400 3999 1453 4054 sub

120 4081 269 4139 Hadriano
284 4078 369 4150 vixit,
384 4077 465 4134 onius
479 4079 626 4150 complura
639 4081 769 4136 recenset
781 4079 1038 4152 apophthegmata,
1062 4082 1177 4155 egregie
1191 4081 1321 4151 scripta',
1340 4079 1453 4136 nomine

120 4161 270 4234 scriptoria
298 4179 363 4219 cnm
392 4159 557 4219 delinitione
586 4161 723 4232 temporis
747 4165 864 4233 propter
896 4161 1057 4219 annuntias
1090 4166 1119 4219 et
1151 4163 1287 4234 epistulas
1316 4159 1453 4217 Hadriani

119 4245 221 4303 addita
241 4285 248 4298 .
268 4261 335 4300 nam
353 4243 383 4300 in
403 4241 500 4300 codice
518 4245 583 4315 post
602 4241 819 4300 innocentianae
839 4241 995 4299 decretales
1014 4243 1044 4299 in
1063 4243 1154 4315 primo
1175 4243 1244 4302 folio
1264 4242 1399 4314 scriptas,
1422 4243 1454 4296 nt

120 4327 164 4383 ait
177 4323 369 4398 Boecltingius
387 4323 476 4396 praet.
490 4341 517 4396 p.
532 4321 598 4378 XVI
613 4325 689 4392 (nam
708 4323 770 4393 ipse
790 4322 916 4379 codicem
936 4341 992 4380 non
1011 4324 1091 4395 ridi),
1110 4325 1164 4380 hcc
1184 4328 1228 4381 est
1246 4324 1312 4380 libri
1330 4323 1453 4390 initium,

120 4407 165 4465 ἔτι
182 4404 272 4463 aiter
292 4411 345 4463 aot
361 4405 498 4477 amplius,
522 4403 572 4458 roi
591 4406 688 4475 μεῖζον
707 4410 733 4459 et
750 4407 855 4472 maiae,
880 4407 929 4460 sal
950 4401 1191 4476 ἐλευθεριώτερον
1210 4411 1234 4462 et
1254 4407 1380 4471 liberine,
1404 4405 1452 4459 καί

120 4486 313 4559 Accienses
339 4494 365 4545 et
388 4489 502 4562 plenitas
530 4483 580 4542 sal
607 4480 786 4557 intcgrator
814 4493 840 4543 ct
867 4489 1131 4556 mammeam,
1163 4485 1369 4556 δαψιλέστερον
1398 4481 1453 4556 γάρ

120 4573 256 4644 largitlua
266 4571 356 4627 mim.
372 4570 483 4641 aliquot
496 4566 624 4625 versibus
637 4567 746 4640 postia
762 4568 861 4626 eadem
877 4572 983 4643 pagina
997 4573 1153 4640 sequuntur
1172 4569 1283 4638 glossae
1302 4568 1453 4625 verborum

121 4652 223 4712 ordine
241 4651 402 4708 litterarum
416 4650 576 4722 descriptae
595 4666 658 4706 cum
677 4648 757 4706 bravi
776 4651 967 4722 praelatione,
987 4647 1130 4708 ἀποδώσω
1150 4642 1203 4706 οὖν
1222 4645 1258 4706 τὰ
1277 4647 1362 4707 ίοιιιὰ
1378 4647 1452 4708 κατὰ

121 4740 272 4806 στοιχείεν,
286 4727 403 4802 πράσσω
412 4734 527 4790 reddam
540 4748 604 4804 erpo
617 4738 706 4790 cetae
721 4749 773 4804 per
787 4733 904 4803 litteras,
918 4752 970 4806 opo
985 4737 1048 4800 etc,
1063 4734 1166 4792 deinde
1180 4735 1292 4807 glossae
1306 4733 1452 4790 nominum

122 4815 266 4888 capitibus
284 4813 404 4886 triginta
422 4817 488 4871 octo
503 4812 660 4885 dispositae
675 4819 705 4871 et
719 4831 783 4870 cum
797 4817 898 4886 glossis
913 4817 1018 4874 codicis
1034 4817 1228 4890 sangallensis
1244 4816 1452 4872 consentientes

122 4913 187 4953 oum
205 4895 399 4968 praefatione,
428 4889 481 4968 ἐμῇ
508 4893 654 4972 ἐπιμελείᾳ
679 4897 728 4953 ani
747 4901 901 4972 φιλοπονίᾳ
926 4899 1092 4970 peripsema
1112 4899 1194 4955 τοῦτο
1214 4893 1246 4954 τὸ
1266 4898 1374 4972 βιβλίον
1394 4916 1453 4956 mea
