3602 5482
686 302 886 362 taxonum
1383 303 1449 371 353

112 409 271 460 mmmm
633 411 636 416 ·

114 503 217 559 cetera
251 494 319 559 talia
352 496 523 558 accusativo
557 497 641 558 casui
675 513 800 558 neeesse
833 503 880 558 est
912 502 947 558 ut
981 491 1185 574 respondeant
1213 541 1220 558 .
1249 495 1321 558 item
1351 492 1389 558 de
1417 495 1448 557 in

112 606 338 688 praepositione
367 603 425 666 boo
458 622 631 687 monemus,
664 604 761 689 quod,
799 603 919 688 quando
951 600 1065 684 aliquid
1098 605 1221 686 penitus
1254 603 1385 668 efficitur
1418 611 1475 684 et,

112 711 308 797 supradicta
332 715 515 794 praepositio
540 712 720 799 obponitur,
748 713 918 777 aeettsativo
943 713 1027 775 casui
1050 713 1284 795 respondemus,
1312 721 1346 777 ut
1373 722 1447 798 puta

36 810 38 813 ’
113 817 184 903 ‘ligo
208 823 241 884 in
263 815 433 906 parietem',
455 819 514 884 boo
538 830 585 885 est
609 821 729 905 longius
752 821 799 886 rel
821 823 1021 904 intrinsecus,
1045 830 1076 884 at
1100 841 1170 886 vero
1196 822 1316 905 quando
1335 821 1447 904 aliquid

86 929 210 997 alarius
241 929 286 994 rel
314 930 421 994 medie·
442 932 560 1015 geritur
592 940 623 994 et
655 949 747 1014 supra
780 930 860 994 diota
891 931 1075 1013 praepositio
1108 929 1286 1016 obponitur,
1319 931 1447 996 ablativo

112 1042 196 1104 casui
220 1041 450 1125 respondemus.
471 1035 476 1122 Ι

203 1147 358 1234 Loquellis
381 1159 454 1234 quot
476 1152 717 1235 praepositiones
741 1145 905 1214 accidunt?
943 1149 1033 1212 Sex.
1059 1144 1165 1222 Quae?
1202 1148 1319 1213 Condi
1343 1148 1390 1212 dis
1414 1168 1447 1212 re

112 1277 144 1322 se
162 1277 237 1344 ⁴am,
270 1267 305 1322 ut
332 1270 406 1343 puta
435 1261 615 1344 oongredlor
648 1259 800 1344 conduco,
833 1259 924 1343 diligo
958 1257 1103 1342 dilectus,
1136 1258 1271 1322 dissutus
1305 1257 1448 1342 dissonat,

112 1369 250 1432 retinens
274 1377 431 1453 repetens,
459 1368 570 1434 sedens
598 1369 704 1454 sedeo,
732 1369 898 1454 amplector
927 1367 1057 1432 ambio.
1082 1368 1127 1432 sio
1155 1376 1186 1431 et
1213 1365 1279 1431 aliis
1307 1365 1448 1450 loquellis

74 1501 99 1542 ιι
112 1479 353 1560 praepositiones
377 1477 514 1542 accidere
539 1481 744 1561 reperiuntur.

204 1587 332 1670 ligatae
352 1570 585 1670 praepositionis
604 1596 679 1670 quot
697 1583 792 1651 sunt?
828 1587 938 1670 Figura
953 1585 1229 1671 praepositionibus
1243 1587 1353 1650 accidit
1368 1589 1448 1650 siout

111 1706 143 1760 et
167 1699 279 1760 ceteris
296 1693 434 1780 partibus
458 1695 617 1780 orationis,
645 1695 675 1758 id
704 1705 752 1760 est
781 1695 907 1778 simplex
932 1705 963 1759 et
987 1699 1152 1779 composita
1177 1745 1184 1760 .
1209 1695 1336 1778 simplex
1359 1714 1446 1778 prae-

111 1806 272 1888 positionis
295 1805 391 1886 dgura
414 1812 462 1866 est
484 1803 537 1887 ab,
561 1806 728 1888 composita
751 1802 866 1886 absque
890 1851 897 1866 .
921 1822 997 1886 quae
1022 1815 1123 1868 autem
1147 1808 1188 1868 sit
1205 1806 1302 1888 figura
1320 1804 1448 1886 simplex

111 1925 143 1978 et
166 1893 279 1996 ouibus
302 1911 394 1977 rebus
419 1920 450 1975 et
473 1921 547 1994 quot
570 1911 669 1976 modis
692 1912 743 1976 liat
766 1912 862 1995 figura
886 1917 1067 1998 composita,
1091 1916 1150 1978 lam
1173 1917 1206 1978 ln
1230 1917 1352 1978 nomine
1372 1916 1447 1978 satis

72 2045 98 2088 ιι
111 2023 333 2107 respondentes
357 2024 561 2086 mactarimus.
1199 2093 1202 2098 ,

202 2130 482 2214 Praepositionibus
510 2140 586 2212 quot
614 2140 758 2194 accentus
786 2126 950 2195 occidunt?
993 2130 1083 2209 Tres,
1112 2131 1293 2214 productus,
1321 2150 1447 2215 pressus

110 2253 142 2307 et
175 2247 297 2325 a'outus,
334 2259 411 2322 quos
444 2239 688 2323 competentibus
720 2239 997 2324 praepositionibus
1030 2238 1241 2304 adnotabimus
1273 2289 1280 2304 .
1311 2250 1342 2304 at
1375 2260 1446 2304 vero

110 2361 229 2415 ceteras
244 2352 484 2434 praepositiones
498 2352 782 2433 praetermittimus,
807 2352 949 2432 quoniam
974 2349 1139 2433 naturales,
1161 2349 1192 2413 id
1215 2358 1262 2412 est
1281 2349 1445 2435 simplices,

110 2469 256 2524 accentus
288 2458 401 2522 babere
434 2461 631 2542 reperiuntur
664 2507 671 2521 .
706 2467 778 2521 sunt
814 2461 1055 2542 praepositiones
1088 2477 1165 2540 qnae
1203 2458 1269 2522 aliis
1307 2459 1445 2543 partibus

72 2592 97 2634 ιι
110 2570 258 2632 orationis
277 2567 497 2651 respondeant3
516 2565 570 2630 sed
590 2565 645 2630 bae
665 2565 820 2631 intellectu
836 2566 1063 2652 discernuntur,
1083 2577 1116 2630 ut
1135 2575 1207 2650 puta
1227 2566 1445 2651 autequando

109 2663 295 2763 praepositio
324 2685 354 2740 et
383 2675 502 2759 qnando
532 2674 708 2740 adverbium
741 2693 808 2740 esse
843 2676 1011 2739 dinoscitur
1035 2725 1042 2739 .
1066 2694 1159 2759 quare
1191 2675 1248 2739 boe
1278 2695 1445 2753 monemus,

110 2788 208 2874 quod,
236 2785 356 2870 quando
379 2794 449 2849 ante
473 2803 544 2849 eum
568 2804 641 2849 casu
665 2805 720 2849 suo
750 2794 781 2849 et
809 2804 915 2869 presso
945 2795 1071 2849 accentu
1103 2789 1331 2870 pronuntiatur,
1359 2804 1444 2868 prae·

109 2899 222 2982 positio
247 2905 454 2980 nuncupatur,
477 2903 511 2958 ut
535 2894 615 2979 apud
639 2893 797 2978 Virgilium
821 2891 979 2958 ‘Aeneae
1008 2898 1116 2960 stetit
1143 2903 1227 2959 ante
1257 2889 1385 2979 pedes’
1414 2904 1446 2959 et

109 3015 213 3070 cetera
237 3005 307 3069 talia
328 3054 334 3068 .
353 3011 384 3068 at
406 3023 478 3068 vero
502 3004 623 3088 quando
643 3013 712 3068 ante
731 3022 792 3068 non
812 3023 883 3068 oum
903 3023 974 3068 casu
994 3023 1049 3068 suo
1069 3014 1188 3092 etcum
1209 3013 1297 3068 acuto
1317 3013 1445 3070 accentu

70 3139 96 3182 ss
109 3115 281 3200 protertur,
304 3113 481 3177 adverbium
504 3113 670 3197 ludicatur,
694 3123 728 3176 ut
751 3112 830 3196 apud
854 3110 1012 3195 Virgilium

326 3251 411 3304 ante
435 3250 471 3304 et
493 3240 686 3303 'l'rinaerta
711 3220 909 3303 lentandus
933 3256 1055 3304 remus
1078 3243 1115 3304 iu
1140 3239 1233 3304 unda

110 3380 141 3436 et
164 3369 244 3454 apud
268 3367 447 3434 Sallustium
470 3363 672 3434 ‘Antonius
696 3369 828 3452 paneis
851 3373 935 3430 ante
959 3366 1089 3431 diebus
1114 3371 1240 3451 erupit
1263 3387 1304 3432 ex
1328 3362 1445 3452 urbe',

109 3483 184 3544 item
208 3478 287 3562 apud
311 3477 468 3560 Virgilium
490 3526 492 3530 -
1221 3489 1227 3502 ·

352 3605 485 3670 saltem
509 3610 613 3690 siqua
637 3603 728 3668 mibi
751 3603 793 3667 de
818 3613 852 3668 te
877 3614 1049 3688 suscepta
1073 3605 1211 3668 luisset

351 3723 433 3778 ante
458 3715 577 3799 lugam
601 3712 751 3778 suboles
776 3762 783 3778 .

109 3847 154 3908 sio
174 3851 206 3905 et
225 3841 299 3905 aliae
323 3843 572 3926 praepositiones,
596 3861 673 3924 quae
693 3860 793 3924 neque
812 3861 881 3905 otim
901 3861 973 3906 oasu
994 3861 1048 3906 suo
1069 3851 1187 3906 etcum
1207 3852 1295 3907 scuto
1315 3852 1444 3907 accentu

109 3954 321 4036 inveniuntur,
345 3954 403 4014 iam
428 3969 488 4014 non
512 3953 767 4035 praepositiones,
791 3950 845 4014 sed
864 3950 922 4014 boe
942 3951 1022 4033 quod
1043 3953 1213 4035 signidoant
1231 3952 1442 4036 appellantur.

203 4211 333 4267 loeters
356 4208 415 4266 alia
436 4207 465 4264 Β
540 4206 803 4281 arespondeamu·
827 4209 855 4264 Β
933 4209 1117 4267 seonduoor
1138 4210 1166 4265 B
1246 4207 1445 4280 templeotor

108 4293 233 4367 amplior
252 4333 259 4348 .
278 4289 342 4348 bior
370 4289 410 4348 sie
436 4289 468 4347 in
496 4287 560 4345 aliis
583 4288 611 4344 Β
691 4296 723 4346 11
744 4289 819 4347 mont
837 4293 867 4347 et
885 4291 915 4358 iu
933 4291 1035 4350 esteris
1054 4291 1083 4346 Β
1165 4296 1198 4346 13
1218 4289 1267 4364 ab]
1288 4307 1325 4362 sp
1343 4289 1371 4345 Β
1439 4319 1442 4326 ·

110 4391 144 4442 lb
162 4369 361 4456 respondentis
380 4380 408 4439 Β
483 4385 516 4438 17
535 4379 737 4438 adnotabimus
755 4381 784 4436 Β
860 4389 893 4438 18
912 4381 1106 4455 promittimus
1125 4380 1260 4452 qnoniam
1279 4380 1402 4437 morales
1415 4380 1444 4437 Β

149 4473 182 4523 19
203 4480 277 4537 quae
295 4461 373 4537 aliis]
393 4478 572 4536 quecumque
591 4461 635 4519 his
653 4462 681 4519 B
760 4469 795 4519 10
813 4462 880 4537 bae]
901 4465 973 4521 heae
991 4464 1020 4519 Β
1097 4467 1131 4518 11
1152 4461 1325 4519 disnoscitur
1345 4461 1371 4517 Β

109 4553 144 4604 11
163 4548 232 4604 sote
251 4561 319 4602 essu
338 4563 389 4603 suo
408 4549 439 4603 et
456 4561 560 4619 praesu
579 4546 699 4601 sooentn
717 4546 938 4617 pronuntiantur
956 4545 984 4600 Β
1057 4551 1092 4601 13
1112 4543 1266 4601 assentatio
1283 4543 1312 4598 Β
1331 4565 1339 4598 .-
1364 4542 1443 4616 Verp.

109 4631 181 4686 Aeto.
206 4626 234 4682 V
249 4632 304 4685 381
389 4634 425 4684 tt
444 4629 475 4684 et
491 4629 590 4683 tamen
608 4629 692 4682 sento
711 4625 740 4680 Β
813 4631 857 4684 ’18
877 4630 943 4684 ante
972 4628 1002 4684 et
1027 4627 1102 4683 trina
1125 4625 1183 4682 trin
1205 4625 1248 4680 B:
1273 4625 1352 4697 Vero.
1372 4629 1444 4685 Aen.

110 4713 249 4768 111381
324 4716 358 4766 ti
378 4709 511 4767 Sallustii
528 4707 612 4783 rerba
630 4709 662 4764 ιἰι
681 4707 821 4765 eodietbus
840 4708 927 4765 Probi
946 4727 977 4780 p.
997 4713 1079 4778 HM
1103 4707 1235 4764 muttiato
1253 4713 1334 4764 erant
1407 4714 1442 4765 13

111 4791 227 4866 saltem]
255 4790 334 4863 Vero.
349 4793 420 4848 Aen.
442 4790 528 4846 IIII
545 4794 604 4846 327
678 4791 810 4860 suspecta
828 4791 857 4846 Β
932 4797 966 4847 31
986 4806 1079 4862 neque
1099 4807 1162 4846 cnm
1184 4805 1252 4846 osen
1271 4805 1321 4846 suo
1341 4791 1444 4846 secuto

111 4874 206 4932 seoitu
224 4873 409 4930 inueniuntur
426 4872 455 4929 Β
531 4877 565 4928 31
585 4871 634 4928 sed
653 4871 721 4946 hoe]
741 4871 831 4929 sedioi
849 4873 877 4928 Β
