<?xml version="1.0" encoding="UTF-8"?>
<!DOCTYPE html PUBLIC "-//W3C//DTD XHTML 1.0 Transitional//EN"
    "http://www.w3.org/TR/xhtml1/DTD/xhtml1-transitional.dtd">
<html xmlns="http://www.w3.org/1999/xhtml" xml:lang="en" lang="en">
 <head>
  <title>
</title>
<meta http-equiv="Content-Type" content="text/html;charset=utf-8" />
  <meta name='ocr-system' content='tesseract 3.04.00' />
  <meta name='ocr-capabilities' content='ocr_page ocr_carea ocr_par ocr_line ocrx_word'/>
</head>
<body>
  <div class='ocr_page' id='page_1' title='image "./grammaticilatin00unkngoog/grammaticilatin00unkngoog_0084.png"; bbox 0 0 3610 5482; ppageno 0'>
   <div class='ocr_carea' id='block_1_1' title="bbox 123 345 1468 500">
    <p class='ocr_par' dir='ltr' id='par_1_1' title="bbox 123 345 1468 500">
     <span class='ocr_line' id='line_1_1' title="bbox 616 345 1468 418; baseline 0.016 -16"><span class='ocrx_word' id='word_1_1' title='bbox 616 345 665 402; x_wconf 80' lang='lat' dir='ltr'><strong>DE</strong></span> <span class='ocrx_word' id='word_1_2' title='bbox 685 347 984 406; x_wconf 71' lang='lat' dir='ltr'><strong>ottruotaitnpflit</strong></span> <span class='ocrx_word' id='word_1_3' title='bbox 1424 353 1468 418; x_wconf 85' lang='grc'><strong>69</strong></span> 
     </span>
     <span class='ocr_line' id='line_1_2' title="bbox 123 450 307 500; baseline 0 -9"><span class='ocrx_word' id='word_1_4' title='bbox 123 450 225 500; x_wconf 63' lang='grc'><strong>111180.</strong></span> <span class='ocrx_word' id='word_1_5' title='bbox 240 451 267 492; x_wconf 81' lang='lat' dir='ltr'><strong>at</strong></span> <span class='ocrx_word' id='word_1_6' title='bbox 282 451 307 492; x_wconf 80' lang='lat' dir='ltr'><strong>P.</strong></span> 
     </span>
    </p>
   </div>
   <div class='ocr_carea' id='block_1_2' title="bbox 16 534 1528 3545">
    <p class='ocr_par' dir='ltr' id='par_1_2' title="bbox 16 534 1528 3545">
     <span class='ocr_line' id='line_1_3' title="bbox 125 534 1469 620; baseline 0.001 -22"><span class='ocrx_word' id='word_1_7' title='bbox 125 544 307 618; x_wconf 64' lang='lat' dir='ltr'><strong>nascentum</strong></span> <span class='ocrx_word' id='word_1_8' title='bbox 331 534 384 610; x_wconf 80' lang='lat' dir='ltr'><strong>sed</strong></span> <span class='ocrx_word' id='word_1_9' title='bbox 405 545 504 596; x_wconf 84' lang='lat' dir='ltr'><strong>tamen</strong></span> <span class='ocrx_word' id='word_1_10' title='bbox 525 535 778 598; x_wconf 87' lang='lat' dir='ltr'><strong>aeonsuetudiue</strong></span> <span class='ocrx_word' id='word_1_11' title='bbox 794 539 919 618; x_wconf 87' lang='lat' dir='ltr'><strong>accepit.</strong></span> <span class='ocrx_word' id='word_1_12' title='bbox 950 545 980 598; x_wconf 90' lang='lat' dir='ltr'><strong>et</strong></span> <span class='ocrx_word' id='word_1_13' title='bbox 994 535 1136 599; x_wconf 87' lang='lat' dir='ltr'><strong>cohortes</strong></span> <span class='ocrx_word' id='word_1_14' title='bbox 1151 557 1246 620; x_wconf 88' lang='lat' dir='ltr'><strong>aeque</strong></span> <span class='ocrx_word' id='word_1_15' title='bbox 1267 559 1283 602; x_wconf 91' lang='lat' dir='ltr'><strong>a</strong></span> <span class='ocrx_word' id='word_1_16' title='bbox 1303 541 1469 603; x_wconf 65' lang='lat' dir='ltr'><strong>condendo</strong></span> 
     </span>
     <span class='ocr_line' id='line_1_4' title="bbox 124 628 1467 732; baseline 0.006 -27"><span class='ocrx_word' id='word_1_17' title='bbox 124 662 161 705; x_wconf 82' lang='lat' dir='ltr'><strong>ex</strong></span> <span class='ocrx_word' id='word_1_18' title='bbox 186 642 295 704; x_wconf 89' lang='lat' dir='ltr'><strong>eodem</strong></span> <span class='ocrx_word' id='word_1_19' title='bbox 320 642 387 706; x_wconf 87' lang='lat' dir='ltr'><strong>loco</strong></span> <span class='ocrx_word' id='word_1_20' title='bbox 411 644 508 706; x_wconf 87' lang='lat' dir='ltr'><strong>dictae</strong></span> <span class='ocrx_word' id='word_1_21' title='bbox 523 654 615 726; x_wconf 80' lang='lat' dir='ltr'><strong>sunt3</strong></span> <span class='ocrx_word' id='word_1_22' title='bbox 639 645 692 708; x_wconf 88' lang='lat' dir='ltr'><strong>sed</strong></span> <span class='ocrx_word' id='word_1_23' title='bbox 713 655 814 708; x_wconf 68' lang='lat' dir='ltr'><strong>umen</strong></span> <span class='ocrx_word' id='word_1_24' title='bbox 833 643 1036 708; x_wconf 77' lang='lat' dir='ltr'><strong>differentiam</strong></span> <span class='ocrx_word' id='word_1_25' title='bbox 1056 646 1178 727; x_wconf 91' lang='lat' dir='ltr'><strong>quidam</strong></span> <span class='ocrx_word' id='word_1_26' title='bbox 1198 628 1266 709; x_wconf 79' lang='lat' dir='ltr'><strong>esse</strong></span> <span class='ocrx_word' id='word_1_27' title='bbox 1287 650 1467 732; x_wconf 88' lang='lat' dir='ltr'><strong>maluerunt,</strong></span> 
     </span>
     <span class='ocr_line' id='line_1_5' title="bbox 124 749 1340 834; baseline 0.003 -21"><span class='ocrx_word' id='word_1_28' title='bbox 124 761 159 814; x_wconf 92' lang='lat' dir='ltr'><strong>ut</strong></span> <span class='ocrx_word' id='word_1_29' title='bbox 183 749 327 812; x_wconf 90' lang='lat' dir='ltr'><strong>cobortes</strong></span> <span class='ocrx_word' id='word_1_30' title='bbox 352 751 480 814; x_wconf 83' lang='lat' dir='ltr'><strong>militurn</strong></span> <span class='ocrx_word' id='word_1_31' title='bbox 505 770 574 815; x_wconf 84' lang='lat' dir='ltr'><strong>crim</strong></span> <span class='ocrx_word' id='word_1_32' title='bbox 599 753 802 834; x_wconf 80' lang='lat' dir='ltr'><strong>adspiratione</strong></span> <span class='ocrx_word' id='word_1_33' title='bbox 827 771 843 815; x_wconf 89' lang='lat' dir='ltr'><strong>a</strong></span> <span class='ocrx_word' id='word_1_34' title='bbox 868 763 972 816; x_wconf 91' lang='lat' dir='ltr'><strong>mutua</strong></span> <span class='ocrx_word' id='word_1_35' title='bbox 996 754 1166 817; x_wconf 76' lang='lat' dir='ltr'><strong>hortatione</strong></span> <span class='ocrx_word' id='word_1_36' title='bbox 1192 755 1340 818; x_wconf 87' lang='lat' dir='ltr'><strong>dieantur.</strong></span> 
     </span>
     <span class='ocr_line' id='line_1_6' title="bbox 217 859 1466 947; baseline 0.004 -25"><span class='ocrx_word' id='word_1_37' title='bbox 217 859 294 922; x_wconf 85' lang='lat' dir='ltr'><strong>ltem</strong></span> <span class='ocrx_word' id='word_1_38' title='bbox 320 880 380 924; x_wconf 85' lang='lat' dir='ltr'><strong>uon</strong></span> <span class='ocrx_word' id='word_1_39' title='bbox 406 859 480 924; x_wconf 83' lang='lat' dir='ltr'><strong>ntrlli</strong></span> <span class='ocrx_word' id='word_1_40' title='bbox 505 860 648 924; x_wconf 78' lang='lat' dir='ltr'><strong>harenam</strong></span> <span class='ocrx_word' id='word_1_41' title='bbox 672 880 742 923; x_wconf 90' lang='lat' dir='ltr'><strong>cum</strong></span> <span class='ocrx_word' id='word_1_42' title='bbox 768 862 981 944; x_wconf 75' lang='lat' dir='ltr'><strong>adspiratione,</strong></span> <span class='ocrx_word' id='word_1_43' title='bbox 1005 866 1067 926; x_wconf 86' lang='lat' dir='ltr'><strong>sive</strong></span> <span class='ocrx_word' id='word_1_44' title='bbox 1087 865 1231 943; x_wconf 85' lang='lat' dir='ltr'><strong>quoiriam</strong></span> <span class='ocrx_word' id='word_1_45' title='bbox 1251 863 1384 947; x_wconf 90' lang='lat' dir='ltr'><strong>haereat,</strong></span> <span class='ocrx_word' id='word_1_46' title='bbox 1404 869 1466 927; x_wconf 84' lang='lat' dir='ltr'><strong>sive</strong></span> 
     </span>
     <span class='ocr_line' id='line_1_7' title="bbox 83 968 1465 1054; baseline 0.003 -24"><span class='ocrx_word' id='word_1_47' title='bbox 83 991 96 1030; x_wconf 84' lang='lat' dir='ltr'><strong>s</strong></span> <span class='ocrx_word' id='word_1_48' title='bbox 124 969 207 1050; x_wconf 90' lang='lat' dir='ltr'><strong>quod</strong></span> <span class='ocrx_word' id='word_1_49' title='bbox 227 987 337 1052; x_wconf 85' lang='lat' dir='ltr'><strong>aqrtam</strong></span> <span class='ocrx_word' id='word_1_50' title='bbox 357 969 485 1054; x_wconf 80' lang='lat' dir='ltr'><strong>hauriat,</strong></span> <span class='ocrx_word' id='word_1_51' title='bbox 504 968 663 1032; x_wconf 81' lang='lat' dir='ltr'><strong>dicandam</strong></span> <span class='ocrx_word' id='word_1_52' title='bbox 679 973 941 1052; x_wconf 70' lang='lat' dir='ltr'><strong>existimaverunt,</strong></span> <span class='ocrx_word' id='word_1_53' title='bbox 961 969 1026 1033; x_wconf 92' lang='lat' dir='ltr'><strong>aliis</strong></span> <span class='ocrx_word' id='word_1_54' title='bbox 1046 972 1111 1034; x_wconf 91' lang='lat' dir='ltr'><strong>sine</strong></span> <span class='ocrx_word' id='word_1_55' title='bbox 1127 970 1330 1054; x_wconf 77' lang='lat' dir='ltr'><strong>adspiratione</strong></span> <span class='ocrx_word' id='word_1_56' title='bbox 1346 971 1465 1034; x_wconf 82' lang='lat' dir='ltr'><strong>ridetur</strong></span> 
     </span>
     <span class='ocr_line' id='line_1_8' title="bbox 122 1077 1466 1161; baseline 0.002 -22"><span class='ocrx_word' id='word_1_57' title='bbox 122 1077 351 1140; x_wconf 80' lang='lat' dir='ltr'><strong>enuntiandam.</strong></span> <span class='ocrx_word' id='word_1_58' title='bbox 395 1097 452 1141; x_wconf 91' lang='lat' dir='ltr'><strong>nos</strong></span> <span class='ocrx_word' id='word_1_59' title='bbox 481 1096 541 1141; x_wconf 91' lang='lat' dir='ltr'><strong>uon</strong></span> <span class='ocrx_word' id='word_1_60' title='bbox 571 1087 631 1141; x_wconf 91' lang='lat' dir='ltr'><strong>tam</strong></span> <span class='ocrx_word' id='word_1_61' title='bbox 660 1088 787 1161; x_wconf 90' lang='lat' dir='ltr'><strong>propter</strong></span> <span class='ocrx_word' id='word_1_62' title='bbox 816 1079 882 1142; x_wconf 86' lang='lat' dir='ltr'><strong>illas</strong></span> <span class='ocrx_word' id='word_1_63' title='bbox 906 1098 1012 1142; x_wconf 82' lang='lat' dir='ltr'><strong>causas</strong></span> <span class='ocrx_word' id='word_1_64' title='bbox 1036 1097 1111 1160; x_wconf 82' lang='lat' dir='ltr'><strong>qtras</strong></span> <span class='ocrx_word' id='word_1_65' title='bbox 1135 1098 1227 1161; x_wconf 91' lang='lat' dir='ltr'><strong>supra</strong></span> <span class='ocrx_word' id='word_1_66' title='bbox 1251 1083 1466 1161; x_wconf 84' lang='lat' dir='ltr'><strong>proposuimus</strong></span> 
     </span>
     <span class='ocr_line' id='line_1_9' title="bbox 16 1173 1465 1270; baseline 0.002 -22"><span class='ocrx_word' id='word_1_67' title='bbox 16 1173 34 1202; x_wconf 60' lang='lat'><em>⁸</em></span> <span class='ocrx_word' id='word_1_68' title='bbox 122 1189 278 1250; x_wconf 81' lang='lat' dir='ltr'><strong>harenam</strong></span> <span class='ocrx_word' id='word_1_69' title='bbox 307 1190 451 1266; x_wconf 83' lang='lat' dir='ltr'><strong>dicimus,</strong></span> <span class='ocrx_word' id='word_1_70' title='bbox 480 1204 570 1268; x_wconf 85' lang='lat' dir='ltr'><strong>quam</strong></span> <span class='ocrx_word' id='word_1_71' title='bbox 598 1196 725 1268; x_wconf 87' lang='lat' dir='ltr'><strong>propter</strong></span> <span class='ocrx_word' id='word_1_72' title='bbox 753 1189 901 1269; x_wconf 80' lang='lat' dir='ltr'><strong>originem</strong></span> <span class='ocrx_word' id='word_1_73' title='bbox 930 1189 1026 1266; x_wconf 87' lang='lat' dir='ltr'><strong>vocis,</strong></span> <span class='ocrx_word' id='word_1_74' title='bbox 1055 1187 1222 1270; x_wconf 78' lang='lat' dir='ltr'><strong>siquidem,</strong></span> <span class='ocrx_word' id='word_1_75' title='bbox 1249 1197 1284 1250; x_wconf 90' lang='lat' dir='ltr'><strong>ut</strong></span> <span class='ocrx_word' id='word_1_76' title='bbox 1308 1191 1394 1250; x_wconf 91' lang='lat' dir='ltr'><strong>testis</strong></span> <span class='ocrx_word' id='word_1_77' title='bbox 1419 1199 1465 1251; x_wconf 87' lang='lat' dir='ltr'><strong>est</strong></span> 
     </span>
     <span class='ocr_line' id='line_1_10' title="bbox 122 1293 1463 1378; baseline 0.004 -26"><span class='ocrx_word' id='word_1_78' title='bbox 122 1293 235 1377; x_wconf 84' lang='lat' dir='ltr'><strong>Varro,</strong></span> <span class='ocrx_word' id='word_1_79' title='bbox 264 1314 280 1356; x_wconf 90' lang='lat' dir='ltr'><strong>a</strong></span> <span class='ocrx_word' id='word_1_80' title='bbox 310 1294 430 1358; x_wconf 87' lang='lat' dir='ltr'><strong>Sabinis</strong></span> <span class='ocrx_word' id='word_1_81' title='bbox 460 1296 561 1358; x_wconf 88' lang='lat' dir='ltr'><strong>lasena</strong></span> <span class='ocrx_word' id='word_1_82' title='bbox 592 1294 720 1378; x_wconf 89' lang='lat' dir='ltr'><strong>dicitur,</strong></span> <span class='ocrx_word' id='word_1_83' title='bbox 749 1305 780 1358; x_wconf 91' lang='lat' dir='ltr'><strong>et</strong></span> <span class='ocrx_word' id='word_1_84' title='bbox 808 1299 888 1358; x_wconf 87' lang='lat' dir='ltr'><strong>sicut</strong></span> <span class='ocrx_word' id='word_1_85' title='bbox 916 1315 931 1358; x_wconf 88' lang='lat' dir='ltr'><strong>s</strong></span> <span class='ocrx_word' id='word_1_86' title='bbox 956 1295 1144 1358; x_wconf 86' lang='lat' dir='ltr'><strong>iamiliariter</strong></span> <span class='ocrx_word' id='word_1_87' title='bbox 1168 1297 1199 1358; x_wconf 94' lang='lat' dir='ltr'><strong>in</strong></span> <span class='ocrx_word' id='word_1_88' title='bbox 1230 1299 1392 1378; x_wconf 89' lang='lat' dir='ltr'><strong>rtransit,</strong></span> <span class='ocrx_word' id='word_1_89' title='bbox 1423 1299 1463 1358; x_wconf 88' lang='lat' dir='ltr'><strong>ita</strong></span> 
     </span>
     <span class='ocr_line' id='line_1_11' title="bbox 124 1402 1463 1486; baseline 0.003 -22"><span class='ocrx_word' id='word_1_90' title='bbox 124 1402 139 1464; x_wconf 92' lang='lat' dir='ltr'><strong>l</strong></span> <span class='ocrx_word' id='word_1_91' title='bbox 158 1405 191 1464; x_wconf 92' lang='lat' dir='ltr'><strong>in</strong></span> <span class='ocrx_word' id='word_1_92' title='bbox 215 1405 345 1466; x_wconf 78' lang='lat' dir='ltr'><strong>vicinam</strong></span> <span class='ocrx_word' id='word_1_93' title='bbox 369 1403 604 1486; x_wconf 86' lang='lat' dir='ltr'><strong>adspirationem</strong></span> <span class='ocrx_word' id='word_1_94' title='bbox 629 1412 773 1466; x_wconf 73' lang='lat' dir='ltr'><strong>mumius.</strong></span> <span class='ocrx_word' id='word_1_95' title='bbox 811 1403 951 1466; x_wconf 86' lang='lat' dir='ltr'><strong>similiter</strong></span> <span class='ocrx_word' id='word_1_96' title='bbox 970 1422 1043 1485; x_wconf 75' lang='lat' dir='ltr'><strong>ergo</strong></span> <span class='ocrx_word' id='word_1_97' title='bbox 1062 1413 1092 1466; x_wconf 90' lang='lat' dir='ltr'><strong>et</strong></span> <span class='ocrx_word' id='word_1_98' title='bbox 1112 1404 1225 1466; x_wconf 89' lang='lat' dir='ltr'><strong>haedos</strong></span> <span class='ocrx_word' id='word_1_99' title='bbox 1244 1404 1373 1466; x_wconf 87' lang='lat' dir='ltr'><strong>dicimus</strong></span> <span class='ocrx_word' id='word_1_100' title='bbox 1393 1423 1463 1468; x_wconf 80' lang='lat' dir='ltr'><strong>cirin</strong></span> 
     </span>
     <span class='ocr_line' id='line_1_12' title="bbox 82 1511 1463 1596; baseline 0.002 -24"><span class='ocrx_word' id='word_1_101' title='bbox 82 1533 109 1572; x_wconf 79' lang='lat' dir='ltr'><strong>ao</strong></span> <span class='ocrx_word' id='word_1_102' title='bbox 123 1511 339 1596; x_wconf 82' lang='lat' dir='ltr'><strong>adspiratione,</strong></span> <span class='ocrx_word' id='word_1_103' title='bbox 358 1515 500 1593; x_wconf 90' lang='lat' dir='ltr'><strong>qnoniam</strong></span> <span class='ocrx_word' id='word_1_104' title='bbox 522 1511 600 1574; x_wconf 85' lang='lat' dir='ltr'><strong>laedi</strong></span> <span class='ocrx_word' id='word_1_105' title='bbox 615 1511 795 1574; x_wconf 87' lang='lat' dir='ltr'><strong>dicebantur</strong></span> <span class='ocrx_word' id='word_1_106' title='bbox 814 1512 892 1594; x_wconf 89' lang='lat' dir='ltr'><strong>apud</strong></span> <span class='ocrx_word' id='word_1_107' title='bbox 913 1515 1069 1594; x_wconf 88' lang='lat' dir='ltr'><strong>antiquos:</strong></span> <span class='ocrx_word' id='word_1_108' title='bbox 1097 1515 1171 1576; x_wconf 91' lang='lat' dir='ltr'><strong>item</strong></span> <span class='ocrx_word' id='word_1_109' title='bbox 1190 1513 1301 1594; x_wconf 89' lang='lat' dir='ltr'><strong>hircos,</strong></span> <span class='ocrx_word' id='word_1_110' title='bbox 1321 1515 1463 1593; x_wconf 88' lang='lat' dir='ltr'><strong>quoniam</strong></span> 
     </span>
     <span class='ocr_line' id='line_1_13' title="bbox 122 1620 1462 1710; baseline 0.001 -28"><span class='ocrx_word' id='word_1_111' title='bbox 122 1621 248 1682; x_wconf 87' lang='lat' dir='ltr'><strong>eosdem</strong></span> <span class='ocrx_word' id='word_1_112' title='bbox 277 1639 373 1701; x_wconf 85' lang='lat' dir='ltr'><strong>aeque</strong></span> <span class='ocrx_word' id='word_1_113' title='bbox 405 1621 495 1683; x_wconf 89' lang='lat' dir='ltr'><strong>llrcos</strong></span> <span class='ocrx_word' id='word_1_114' title='bbox 525 1620 678 1684; x_wconf 83' lang='lat' dir='ltr'><strong>vocabant.</strong></span> <span class='ocrx_word' id='word_1_115' title='bbox 724 1639 792 1710; x_wconf 83' lang='lat' dir='ltr'><strong>nam</strong></span> <span class='ocrx_word' id='word_1_116' title='bbox 821 1630 852 1683; x_wconf 91' lang='lat' dir='ltr'><strong>et</strong></span> <span class='ocrx_word' id='word_1_117' title='bbox 875 1639 892 1682; x_wconf 89' lang='lat' dir='ltr'><strong>e</strong></span> <span class='ocrx_word' id='word_1_118' title='bbox 916 1624 1069 1684; x_wconf 88' lang='lat' dir='ltr'><strong>contrario</strong></span> <span class='ocrx_word' id='word_1_119' title='bbox 1095 1639 1184 1702; x_wconf 77' lang='lat' dir='ltr'><strong>piram</strong></span> <span class='ocrx_word' id='word_1_120' title='bbox 1209 1624 1325 1702; x_wconf 88' lang='lat' dir='ltr'><strong>antiqui</strong></span> <span class='ocrx_word' id='word_1_121' title='bbox 1356 1621 1462 1684; x_wconf 90' lang='lat' dir='ltr'><strong>habam</strong></span> 
     </span>
     <span class='ocr_line' id='line_1_14' title="bbox 62 1722 1508 1822; baseline 0.001 -30"><span class='ocrx_word' id='word_1_122' title='bbox 62 1809 70 1821; x_wconf 36' lang='grc' dir='ltr'><strong><em>Ι</em></strong></span> <span class='ocrx_word' id='word_1_123' title='bbox 122 1729 274 1811; x_wconf 92' lang='lat' dir='ltr'><strong>dicebant,</strong></span> <span class='ocrx_word' id='word_1_124' title='bbox 299 1749 353 1792; x_wconf 90' lang='lat' dir='ltr'><strong>nos</strong></span> <span class='ocrx_word' id='word_1_125' title='bbox 379 1728 476 1792; x_wconf 85' lang='lat' dir='ltr'><strong>iaham</strong></span> <span class='ocrx_word' id='word_1_126' title='bbox 500 1729 638 1808; x_wconf 77' lang='lat' dir='ltr'><strong>dicimus.</strong></span> <span class='ocrx_word' id='word_1_127' title='bbox 700 1812 702 1822; x_wconf 43' lang='lat'><strong>,</strong></span> <span class='ocrx_word' id='word_1_128' title='bbox 775 1789 786 1805; x_wconf 90' lang='grc'>,</span> <span class='ocrx_word' id='word_1_129' title='bbox 932 1727 936 1737; x_wconf 70' lang='grc'><strong>“</strong></span> <span class='ocrx_word' id='word_1_130' title='bbox 1506 1722 1508 1728; x_wconf 73' lang='grc'><strong>’</strong></span> 
     </span>
     <span class='ocr_line' id='line_1_15' title="bbox 214 1837 1462 1923; baseline 0.002 -23"><span class='ocrx_word' id='word_1_131' title='bbox 214 1838 351 1902; x_wconf 86' lang='lat' dir='ltr'><strong>Cilonem</strong></span> <span class='ocrx_word' id='word_1_132' title='bbox 382 1857 503 1921; x_wconf 86' lang='lat' dir='ltr'><strong>quoque</strong></span> <span class='ocrx_word' id='word_1_133' title='bbox 533 1850 563 1901; x_wconf 90' lang='lat' dir='ltr'><strong>et</strong></span> <span class='ocrx_word' id='word_1_134' title='bbox 592 1837 724 1901; x_wconf 83' lang='lat' dir='ltr'><strong>cocleam</strong></span> <span class='ocrx_word' id='word_1_135' title='bbox 750 1847 779 1902; x_wconf 84' lang='lat' dir='ltr'><strong>et</strong></span> <span class='ocrx_word' id='word_1_136' title='bbox 804 1838 940 1902; x_wconf 88' lang='lat' dir='ltr'><strong>cocleare</strong></span> <span class='ocrx_word' id='word_1_137' title='bbox 965 1841 1030 1902; x_wconf 91' lang='lat' dir='ltr'><strong>sine</strong></span> <span class='ocrx_word' id='word_1_138' title='bbox 1055 1838 1258 1921; x_wconf 89' lang='lat' dir='ltr'><strong>adspiratione</strong></span> <span class='ocrx_word' id='word_1_139' title='bbox 1277 1839 1462 1923; x_wconf 71' lang='lat' dir='ltr'><strong>scribemus,</strong></span> 
     </span>
     <span class='ocr_line' id='line_1_16' title="bbox 122 1947 1461 2029; baseline -0.001 -18"><span class='ocrx_word' id='word_1_140' title='bbox 122 1957 152 2011; x_wconf 84' lang='lat' dir='ltr'><strong>et</strong></span> <span class='ocrx_word' id='word_1_141' title='bbox 181 1947 326 2028; x_wconf 84' lang='lat' dir='ltr'><strong>quicquid</strong></span> <span class='ocrx_word' id='word_1_142' title='bbox 356 1965 411 2029; x_wconf 88' lang='lat' dir='ltr'><strong>per</strong></span> <span class='ocrx_word' id='word_1_143' title='bbox 440 1947 691 2010; x_wconf 84' lang='lat' dir='ltr'><strong>consuetudinem</strong></span> <span class='ocrx_word' id='word_1_144' title='bbox 720 1950 840 2010; x_wconf 88' lang='lat' dir='ltr'><strong>aurium</strong></span> <span class='ocrx_word' id='word_1_145' title='bbox 868 1949 909 2010; x_wconf 88' lang='lat' dir='ltr'><strong>ita</strong></span> <span class='ocrx_word' id='word_1_146' title='bbox 938 1948 1058 2009; x_wconf 83' lang='lat' dir='ltr'><strong>licuerit</strong></span> <span class='ocrx_word' id='word_1_147' title='bbox 1088 1951 1255 2010; x_wconf 89' lang='lat' dir='ltr'><strong>enuntiare.</strong></span> <span class='ocrx_word' id='word_1_148' title='bbox 1296 1952 1461 2011; x_wconf 91' lang='lat' dir='ltr'><strong>nonenim</strong></span> 
     </span>
     <span class='ocr_line' id='line_1_17' title="bbox 82 2053 1528 2138; baseline 0.002 -23"><span class='ocrx_word' id='word_1_149' title='bbox 82 2075 108 2116; x_wconf 81' lang='lat' dir='ltr'><strong>n</strong></span> <span class='ocrx_word' id='word_1_150' title='bbox 123 2059 244 2118; x_wconf 89' lang='lat' dir='ltr'><strong>lirmum</strong></span> <span class='ocrx_word' id='word_1_151' title='bbox 270 2065 317 2118; x_wconf 89' lang='lat' dir='ltr'><strong>est</strong></span> <span class='ocrx_word' id='word_1_152' title='bbox 341 2053 521 2118; x_wconf 87' lang='lat' dir='ltr'><strong>catholicum</strong></span> <span class='ocrx_word' id='word_1_153' title='bbox 546 2058 825 2133; x_wconf 74' lang='lat' dir='ltr'><strong>grammaticorum,</strong></span> <span class='ocrx_word' id='word_1_154' title='bbox 854 2073 915 2136; x_wconf 79' lang='lat' dir='ltr'><strong>qino</strong></span> <span class='ocrx_word' id='word_1_155' title='bbox 944 2065 1070 2118; x_wconf 84' lang='lat' dir='ltr'><strong>cetiscni</strong></span> <span class='ocrx_word' id='word_1_156' title='bbox 1094 2057 1328 2138; x_wconf 89' lang='lat' dir='ltr'><strong>adspirationem</strong></span> <span class='ocrx_word' id='word_1_157' title='bbox 1354 2076 1460 2119; x_wconf 87' lang='lat' dir='ltr'><strong>conso·</strong></span> <span class='ocrx_word' id='word_1_158' title='bbox 1527 2059 1528 2062; x_wconf 74' lang='grc'>’</span> 
     </span>
     <span class='ocr_line' id='line_1_18' title="bbox 121 2163 1460 2246; baseline 0 -20"><span class='ocrx_word' id='word_1_159' title='bbox 121 2164 206 2227; x_wconf 85' lang='lat' dir='ltr'><strong>narrti</strong></span> <span class='ocrx_word' id='word_1_160' title='bbox 227 2183 288 2227; x_wconf 92' lang='lat' dir='ltr'><strong>non</strong></span> <span class='ocrx_word' id='word_1_161' title='bbox 308 2182 375 2226; x_wconf 88' lang='lat' dir='ltr'><strong>esse</strong></span> <span class='ocrx_word' id='word_1_162' title='bbox 396 2163 589 2246; x_wconf 76' lang='lat' dir='ltr'><strong>iungendam,</strong></span> <span class='ocrx_word' id='word_1_163' title='bbox 613 2182 682 2225; x_wconf 88' lang='lat' dir='ltr'><strong>cum</strong></span> <span class='ocrx_word' id='word_1_164' title='bbox 702 2173 733 2226; x_wconf 91' lang='lat' dir='ltr'><strong>et</strong></span> <span class='ocrx_word' id='word_1_165' title='bbox 752 2163 901 2244; x_wconf 83' lang='lat' dir='ltr'><strong>Carthago</strong></span> <span class='ocrx_word' id='word_1_166' title='bbox 921 2164 1039 2226; x_wconf 87' lang='lat' dir='ltr'><strong>dicatur</strong></span> <span class='ocrx_word' id='word_1_167' title='bbox 1059 2173 1089 2226; x_wconf 91' lang='lat' dir='ltr'><strong>et</strong></span> <span class='ocrx_word' id='word_1_168' title='bbox 1108 2165 1235 2246; x_wconf 91' lang='lat' dir='ltr'><strong>pulcher</strong></span> <span class='ocrx_word' id='word_1_169' title='bbox 1256 2175 1285 2225; x_wconf 88' lang='lat' dir='ltr'><strong>et</strong></span> <span class='ocrx_word' id='word_1_170' title='bbox 1305 2165 1460 2227; x_wconf 85' lang='lat' dir='ltr'><strong>Gracchus</strong></span> 
     </span>
     <span class='ocr_line' id='line_1_19' title="bbox 120 2270 483 2335; baseline 0 -1"><span class='ocrx_word' id='word_1_171' title='bbox 120 2283 150 2334; x_wconf 89' lang='lat' dir='ltr'><strong>et</strong></span> <span class='ocrx_word' id='word_1_172' title='bbox 175 2271 257 2335; x_wconf 85' lang='lat' dir='ltr'><strong>Otho</strong></span> <span class='ocrx_word' id='word_1_173' title='bbox 282 2279 313 2334; x_wconf 95' lang='lat' dir='ltr'><strong>et</strong></span> <span class='ocrx_word' id='word_1_174' title='bbox 336 2270 483 2334; x_wconf 86' lang='lat' dir='ltr'><strong>Bocchus.</strong></span> 
     </span>
     <span class='ocr_line' id='line_1_20' title="bbox 210 2379 1459 2463; baseline -0.001 -20"><span class='ocrx_word' id='word_1_175' title='bbox 210 2381 237 2443; x_wconf 85' lang='lat' dir='ltr'><strong>&#39;l&#39;</strong></span> <span class='ocrx_word' id='word_1_176' title='bbox 261 2399 383 2462; x_wconf 83' lang='lat' dir='ltr'><strong>qtroque</strong></span> <span class='ocrx_word' id='word_1_177' title='bbox 404 2389 436 2443; x_wconf 89' lang='lat' dir='ltr'><strong>et</strong></span> <span class='ocrx_word' id='word_1_178' title='bbox 454 2380 473 2444; x_wconf 97' lang='lat' dir='ltr'><strong>d</strong></span> <span class='ocrx_word' id='word_1_179' title='bbox 493 2379 621 2463; x_wconf 88' lang='lat' dir='ltr'><strong>litterae,</strong></span> <span class='ocrx_word' id='word_1_180' title='bbox 645 2400 722 2462; x_wconf 89' lang='lat' dir='ltr'><strong>quae</strong></span> <span class='ocrx_word' id='word_1_181' title='bbox 742 2391 814 2444; x_wconf 91' lang='lat' dir='ltr'><strong>sunt</strong></span> <span class='ocrx_word' id='word_1_182' title='bbox 833 2383 912 2444; x_wconf 90' lang='lat' dir='ltr'><strong>inter</strong></span> <span class='ocrx_word' id='word_1_183' title='bbox 932 2399 965 2442; x_wconf 92' lang='lat' dir='ltr'><strong>se</strong></span> <span class='ocrx_word' id='word_1_184' title='bbox 985 2381 1109 2461; x_wconf 89' lang='lat' dir='ltr'><strong>adlines,</strong></span> <span class='ocrx_word' id='word_1_185' title='bbox 1134 2399 1192 2442; x_wconf 85' lang='lat' dir='ltr'><strong>noti</strong></span> <span class='ocrx_word' id='word_1_186' title='bbox 1215 2380 1326 2442; x_wconf 88' lang='lat' dir='ltr'><strong>nullam</strong></span> <span class='ocrx_word' id='word_1_187' title='bbox 1346 2379 1459 2442; x_wconf 91' lang='lat' dir='ltr'><strong>hahent</strong></span> 
     </span>
     <span class='ocr_line' id='line_1_21' title="bbox 117 2487 1457 2574; baseline -0.002 -21"><span class='ocrx_word' id='word_1_188' title='bbox 117 2490 377 2574; x_wconf 82' lang='lat' dir='ltr'><strong>observationem,</strong></span> <span class='ocrx_word' id='word_1_189' title='bbox 406 2509 444 2553; x_wconf 89' lang='lat' dir='ltr'><strong>ne</strong></span> <span class='ocrx_word' id='word_1_190' title='bbox 476 2491 686 2571; x_wconf 86' lang='lat' dir='ltr'><strong>intempestive</strong></span> <span class='ocrx_word' id='word_1_191' title='bbox 716 2491 845 2552; x_wconf 83' lang='lat' dir='ltr'><strong>invicem</strong></span> <span class='ocrx_word' id='word_1_192' title='bbox 875 2489 1048 2552; x_wconf 84' lang='lat' dir='ltr'><strong>sticcedant.</strong></span> <span class='ocrx_word' id='word_1_193' title='bbox 1086 2507 1154 2550; x_wconf 90' lang='lat' dir='ltr'><strong>nam</strong></span> <span class='ocrx_word' id='word_1_194' title='bbox 1183 2491 1297 2550; x_wconf 87' lang='lat' dir='ltr'><strong>scimus</strong></span> <span class='ocrx_word' id='word_1_195' title='bbox 1321 2487 1457 2550; x_wconf 85' lang='lat' dir='ltr'><strong>diversas</strong></span> 
     </span>
     <span class='ocr_line' id='line_1_22' title="bbox 79 2595 1458 2681; baseline 0 -21"><span class='ocrx_word' id='word_1_196' title='bbox 79 2607 222 2680; x_wconf 78' lang='lat' dir='ltr'><strong>supertes</strong></span> <span class='ocrx_word' id='word_1_197' title='bbox 247 2601 392 2661; x_wconf 92' lang='lat' dir='ltr'><strong>orationis</strong></span> <span class='ocrx_word' id='word_1_198' title='bbox 417 2599 496 2680; x_wconf 88' lang='lat' dir='ltr'><strong>lieri,</strong></span> <span class='ocrx_word' id='word_1_199' title='bbox 520 2617 590 2660; x_wconf 91' lang='lat' dir='ltr'><strong>cum</strong></span> <span class='ocrx_word' id='word_1_200' title='bbox 614 2597 703 2660; x_wconf 92' lang='lat' dir='ltr'><strong>modo</strong></span> <span class='ocrx_word' id='word_1_201' title='bbox 727 2596 834 2681; x_wconf 90' lang='lat' dir='ltr'><strong>perd,</strong></span> <span class='ocrx_word' id='word_1_202' title='bbox 860 2597 947 2659; x_wconf 90' lang='lat' dir='ltr'><strong>modo</strong></span> <span class='ocrx_word' id='word_1_203' title='bbox 972 2617 1027 2679; x_wconf 90' lang='lat' dir='ltr'><strong>per</strong></span> <span class='ocrx_word' id='word_1_204' title='bbox 1050 2605 1063 2660; x_wconf 91' lang='lat' dir='ltr'><strong>t</strong></span> <span class='ocrx_word' id='word_1_205' title='bbox 1087 2595 1257 2658; x_wconf 88' lang='lat' dir='ltr'><strong>scribimus.</strong></span> <span class='ocrx_word' id='word_1_206' title='bbox 1296 2605 1329 2658; x_wconf 84' lang='lat' dir='ltr'><strong>ot</strong></span> <span class='ocrx_word' id='word_1_207' title='bbox 1352 2615 1421 2659; x_wconf 88' lang='lat' dir='ltr'><strong>oum</strong></span> <span class='ocrx_word' id='word_1_208' title='bbox 1447 2605 1458 2660; x_wconf 90' lang='lat' dir='ltr'><strong>t</strong></span> 
     </span>
     <span class='ocr_line' id='line_1_23' title="bbox 118 2705 766 2788; baseline 0.002 -20"><span class='ocrx_word' id='word_1_209' title='bbox 118 2709 366 2769; x_wconf 89' lang='lat' dir='ltr'><strong>coniunctionem</strong></span> <span class='ocrx_word' id='word_1_210' title='bbox 391 2705 602 2769; x_wconf 85' lang='lat' dir='ltr'><strong>disiunctisam</strong></span> <span class='ocrx_word' id='word_1_211' title='bbox 628 2707 708 2788; x_wconf 88' lang='lat' dir='ltr'><strong>lacit,</strong></span> <span class='ocrx_word' id='word_1_212' title='bbox 732 2715 766 2769; x_wconf 84' lang='lat' dir='ltr'><strong>nt</strong></span> 
     </span>
     <span class='ocr_line' id='line_1_24' title="bbox 284 2814 1118 2896; baseline 0.001 -20"><span class='ocrx_word' id='word_1_213' title='bbox 284 2823 319 2876; x_wconf 91' lang='lat' dir='ltr'><strong>at</strong></span> <span class='ocrx_word' id='word_1_214' title='bbox 343 2817 468 2895; x_wconf 83' lang='lat' dir='ltr'><strong>regino</strong></span> <span class='ocrx_word' id='word_1_215' title='bbox 493 2817 595 2896; x_wconf 81' lang='lat' dir='ltr'><strong>gravi</strong></span> <span class='ocrx_word' id='word_1_216' title='bbox 617 2817 686 2876; x_wconf 88' lang='lat' dir='ltr'><strong>iam</strong></span> <span class='ocrx_word' id='word_1_217' title='bbox 710 2814 844 2876; x_wconf 86' lang='lat' dir='ltr'><strong>dudum</strong></span> <span class='ocrx_word' id='word_1_218' title='bbox 869 2815 993 2876; x_wconf 83' lang='lat' dir='ltr'><strong>sarreia</strong></span> <span class='ocrx_word' id='word_1_219' title='bbox 1018 2834 1118 2878; x_wconf 86' lang='lat' dir='ltr'><strong>cura:</strong></span> 
     </span>
     <span class='ocr_line' id='line_1_25' title="bbox 118 2922 625 3005; baseline 0.002 -21"><span class='ocrx_word' id='word_1_220' title='bbox 118 2923 154 2984; x_wconf 95' lang='lat' dir='ltr'><strong>ad</strong></span> <span class='ocrx_word' id='word_1_221' title='bbox 180 2943 236 3005; x_wconf 91' lang='lat' dir='ltr'><strong>per</strong></span> <span class='ocrx_word' id='word_1_222' title='bbox 260 2922 279 2984; x_wconf 94' lang='lat' dir='ltr'><strong>d</strong></span> <span class='ocrx_word' id='word_1_223' title='bbox 303 2924 568 3005; x_wconf 86' lang='lat' dir='ltr'><strong>praepositionem,</strong></span> <span class='ocrx_word' id='word_1_224' title='bbox 591 2932 625 2985; x_wconf 91' lang='lat' dir='ltr'><strong>ut</strong></span> 
     </span>
     <span class='ocr_line' id='line_1_26' title="bbox 284 3030 1224 3114; baseline 0 -22"><span class='ocrx_word' id='word_1_225' title='bbox 284 3031 324 3092; x_wconf 88' lang='lat' dir='ltr'><strong>ad</strong></span> <span class='ocrx_word' id='word_1_226' title='bbox 351 3039 385 3092; x_wconf 91' lang='lat' dir='ltr'><strong>te</strong></span> <span class='ocrx_word' id='word_1_227' title='bbox 410 3030 584 3113; x_wconf 76' lang='lat' dir='ltr'><strong>coniugio</strong></span> <span class='ocrx_word' id='word_1_228' title='bbox 609 3041 644 3094; x_wconf 90' lang='lat' dir='ltr'><strong>et</strong></span> <span class='ocrx_word' id='word_1_229' title='bbox 668 3030 823 3112; x_wconf 81' lang='lat' dir='ltr'><strong>supplex</strong></span> <span class='ocrx_word' id='word_1_230' title='bbox 848 3039 908 3092; x_wconf 90' lang='lat' dir='ltr'><strong>tua</strong></span> <span class='ocrx_word' id='word_1_231' title='bbox 932 3033 1077 3094; x_wconf 90' lang='lat' dir='ltr'><strong>numina</strong></span> <span class='ocrx_word' id='word_1_232' title='bbox 1101 3049 1224 3114; x_wconf 88' lang='lat' dir='ltr'><strong>posco.</strong></span> 
     </span>
     <span class='ocr_line' id='line_1_27' title="bbox 79 3135 1501 3221; baseline -0.001 -19"><span class='ocrx_word' id='word_1_233' title='bbox 79 3163 104 3202; x_wconf 77' lang='lat' dir='ltr'><strong>es</strong></span> <span class='ocrx_word' id='word_1_234' title='bbox 121 3143 193 3202; x_wconf 90' lang='lat' dir='ltr'><strong>item</strong></span> <span class='ocrx_word' id='word_1_235' title='bbox 223 3140 290 3220; x_wconf 87' lang='lat' dir='ltr'><strong>quit</strong></span> <span class='ocrx_word' id='word_1_236' title='bbox 319 3137 474 3220; x_wconf 87' lang='lat' dir='ltr'><strong>[verbum]</strong></span> <span class='ocrx_word' id='word_1_237' title='bbox 504 3159 559 3221; x_wconf 93' lang='lat' dir='ltr'><strong>per</strong></span> <span class='ocrx_word' id='word_1_238' title='bbox 589 3149 600 3202; x_wconf 93' lang='lat' dir='ltr'><strong>t</strong></span> <span class='ocrx_word' id='word_1_239' title='bbox 628 3141 775 3221; x_wconf 88' lang='lat' dir='ltr'><strong>scriptum</strong></span> <span class='ocrx_word' id='word_1_240' title='bbox 805 3135 930 3200; x_wconf 84' lang='lat' dir='ltr'><strong>verbum</strong></span> <span class='ocrx_word' id='word_1_241' title='bbox 960 3149 1006 3200; x_wconf 85' lang='lat' dir='ltr'><strong>esi</strong></span> <span class='ocrx_word' id='word_1_242' title='bbox 1036 3141 1143 3201; x_wconf 83' lang='lat' dir='ltr'><strong>tertiae</strong></span> <span class='ocrx_word' id='word_1_243' title='bbox 1172 3157 1333 3221; x_wconf 88' lang='lat' dir='ltr'><strong>personae,</strong></span> <span class='ocrx_word' id='word_1_244' title='bbox 1366 3142 1453 3201; x_wconf 87' lang='lat' dir='ltr'><strong>otrius</strong></span> <span class='ocrx_word' id='word_1_245' title='bbox 1497 3158 1501 3166; x_wconf 91' lang='lat'><em>·</em></span> 
     </span>
     <span class='ocr_line' id='line_1_28' title="bbox 116 3246 1456 3329; baseline 0.002 -20"><span class='ocrx_word' id='word_1_246' title='bbox 116 3251 215 3328; x_wconf 86' lang='lat' dir='ltr'><strong>prima</strong></span> <span class='ocrx_word' id='word_1_247' title='bbox 239 3257 287 3309; x_wconf 89' lang='lat' dir='ltr'><strong>est</strong></span> <span class='ocrx_word' id='word_1_248' title='bbox 310 3265 404 3328; x_wconf 88' lang='lat' dir='ltr'><strong>queo:</strong></span> <span class='ocrx_word' id='word_1_249' title='bbox 433 3257 463 3309; x_wconf 87' lang='lat' dir='ltr'><strong>at</strong></span> <span class='ocrx_word' id='word_1_250' title='bbox 486 3248 584 3329; x_wconf 88' lang='lat' dir='ltr'><strong>perd</strong></span> <span class='ocrx_word' id='word_1_251' title='bbox 608 3265 776 3329; x_wconf 87' lang='lat' dir='ltr'><strong>pronomen</strong></span> <span class='ocrx_word' id='word_1_252' title='bbox 800 3249 901 3308; x_wconf 90' lang='lat' dir='ltr'><strong>nentri</strong></span> <span class='ocrx_word' id='word_1_253' title='bbox 926 3249 1055 3328; x_wconf 79' lang='lat' dir='ltr'><strong>generis.</strong></span> <span class='ocrx_word' id='word_1_254' title='bbox 1098 3246 1238 3308; x_wconf 90' lang='lat' dir='ltr'><strong>similiter</strong></span> <span class='ocrx_word' id='word_1_255' title='bbox 1267 3257 1341 3326; x_wconf 84' lang='lat' dir='ltr'><strong>quot</strong></span> <span class='ocrx_word' id='word_1_256' title='bbox 1364 3267 1419 3329; x_wconf 86' lang='lat' dir='ltr'><strong>per</strong></span> <span class='ocrx_word' id='word_1_257' title='bbox 1444 3259 1456 3312; x_wconf 92' lang='lat' dir='ltr'><strong>t</strong></span> 
     </span>
     <span class='ocr_line' id='line_1_29' title="bbox 116 3355 1452 3440; baseline 0.003 -24"><span class='ocrx_word' id='word_1_258' title='bbox 116 3355 294 3418; x_wconf 76' lang='lat' dir='ltr'><strong>adverbium</strong></span> <span class='ocrx_word' id='word_1_259' title='bbox 325 3359 443 3417; x_wconf 88' lang='lat' dir='ltr'><strong>numeri</strong></span> <span class='ocrx_word' id='word_1_260' title='bbox 473 3366 534 3440; x_wconf 92' lang='lat' dir='ltr'><strong>est,</strong></span> <span class='ocrx_word' id='word_1_261' title='bbox 562 3357 822 3420; x_wconf 87' lang='lat' dir='ltr'><strong>cuicontrariurn</strong></span> <span class='ocrx_word' id='word_1_262' title='bbox 847 3356 998 3435; x_wconf 86' lang='lat' dir='ltr'><strong>estquod</strong></span> <span class='ocrx_word' id='word_1_263' title='bbox 1023 3360 1079 3436; x_wconf 88' lang='lat' dir='ltr'><strong>p&#39;er</strong></span> <span class='ocrx_word' id='word_1_264' title='bbox 1102 3355 1135 3436; x_wconf 96' lang='lat' dir='ltr'><strong>d,</strong></span> <span class='ocrx_word' id='word_1_265' title='bbox 1165 3373 1333 3436; x_wconf 89' lang='lat' dir='ltr'><strong>pronomen</strong></span> <span class='ocrx_word' id='word_1_266' title='bbox 1357 3375 1452 3438; x_wconf 89' lang='lat' dir='ltr'><strong>aeque</strong></span> 
     </span>
     <span class='ocr_line' id='line_1_30' title="bbox 116 3458 1450 3545; baseline 0.001 -19"><span class='ocrx_word' id='word_1_267' title='bbox 116 3466 239 3545; x_wconf 83' lang='lat' dir='ltr'><strong>generis</strong></span> <span class='ocrx_word' id='word_1_268' title='bbox 263 3466 374 3526; x_wconf 87' lang='lat' dir='ltr'><strong>netrtri.</strong></span> <span class='ocrx_word' id='word_1_269' title='bbox 401 3458 405 3545; x_wconf 79' lang='lat' dir='ltr'><strong>l</strong></span> <span class='ocrx_word' id='word_1_270' title='bbox 431 3465 511 3529; x_wconf 88' lang='lat' dir='ltr'><strong>alind</strong></span> <span class='ocrx_word' id='word_1_271' title='bbox 536 3477 583 3530; x_wconf 90' lang='lat' dir='ltr'><strong>est</strong></span> <span class='ocrx_word' id='word_1_272' title='bbox 607 3468 687 3528; x_wconf 90' lang='lat' dir='ltr'><strong>enim</strong></span> <span class='ocrx_word' id='word_1_273' title='bbox 712 3459 804 3545; x_wconf 82' lang='lat' dir='ltr'><strong>‘quod</strong></span> <span class='ocrx_word' id='word_1_274' title='bbox 830 3459 981 3528; x_wconf 83' lang='lat' dir='ltr'><strong>volumen&#39;</strong></span> <span class='ocrx_word' id='word_1_275' title='bbox 1006 3475 1038 3526; x_wconf 89' lang='lat' dir='ltr'><strong>et</strong></span> <span class='ocrx_word' id='word_1_276' title='bbox 1061 3459 1147 3544; x_wconf 76' lang='lat' dir='ltr'><strong>‘quot</strong></span> <span class='ocrx_word' id='word_1_277' title='bbox 1170 3459 1343 3526; x_wconf 82' lang='lat' dir='ltr'><strong>volumina’.</strong></span> <span class='ocrx_word' id='word_1_278' title='bbox 1382 3483 1450 3527; x_wconf 87' lang='lat' dir='ltr'><strong>narn</strong></span> 
     </span>
    </p>
   </div>
   <div class='ocr_carea' id='block_1_3' title="bbox 170 3636 1455 3793">
    <p class='ocr_par' dir='ltr' id='par_1_3' title="bbox 170 3636 1455 3793">
     <span class='ocr_line' id='line_1_31' title="bbox 208 3636 1455 3709; baseline 0 -15"><span class='ocrx_word' id='word_1_279' title='bbox 208 3637 302 3694; x_wconf 59' lang='lat' dir='ltr'><strong>oeae</strong></span> <span class='ocrx_word' id='word_1_280' title='bbox 317 3636 469 3695; x_wconf 82' lang='lat' dir='ltr'><strong>Parrhasii</strong></span> <span class='ocrx_word' id='word_1_281' title='bbox 506 3640 589 3696; x_wconf 72' lang='lat' dir='ltr'><strong>ised</strong></span> <span class='ocrx_word' id='word_1_282' title='bbox 602 3643 698 3696; x_wconf 79' lang='lat' dir='ltr'><strong>tamen</strong></span> <span class='ocrx_word' id='word_1_283' title='bbox 714 3636 917 3709; x_wconf 82' lang='lat' dir='ltr'><strong>differentiam]</strong></span> <span class='ocrx_word' id='word_1_284' title='bbox 934 3640 964 3692; x_wconf 80' lang='lat' dir='ltr'><strong>eb</strong></span> <span class='ocrx_word' id='word_1_285' title='bbox 977 3639 1036 3694; x_wconf 64' lang='lat' dir='ltr'><strong>mm</strong></span> <span class='ocrx_word' id='word_1_286' title='bbox 1051 3637 1241 3694; x_wconf 82' lang='lat' dir='ltr'><strong>differentiam</strong></span> <span class='ocrx_word' id='word_1_287' title='bbox 1297 3637 1455 3694; x_wconf 82' lang='lat' dir='ltr'><strong>bdioauda</strong></span> 
     </span>
     <span class='ocr_line' id='line_1_32' title="bbox 170 3717 1389 3793; baseline 0.002 -19"><span class='ocrx_word' id='word_1_288' title='bbox 170 3720 325 3789; x_wconf 81' lang='lat' dir='ltr'><strong>lipropter</strong></span> <span class='ocrx_word' id='word_1_289' title='bbox 342 3718 421 3793; x_wconf 80' lang='lat' dir='ltr'><strong>illes]</strong></span> <span class='ocrx_word' id='word_1_290' title='bbox 444 3738 495 3792; x_wconf 87' lang='lat' dir='ltr'><strong>per</strong></span> <span class='ocrx_word' id='word_1_291' title='bbox 513 3720 578 3777; x_wconf 87' lang='lat' dir='ltr'><strong>illas</strong></span> <span class='ocrx_word' id='word_1_292' title='bbox 652 3719 825 3774; x_wconf 80' lang='lat' dir='ltr'><strong>ihereuam</strong></span> <span class='ocrx_word' id='word_1_293' title='bbox 844 3717 964 3775; x_wconf 85' lang='lat' dir='ltr'><strong>dicimus</strong></span> <span class='ocrx_word' id='word_1_294' title='bbox 983 3735 1034 3775; x_wconf 83' lang='lat' dir='ltr'><strong>orn.</strong></span> <span class='ocrx_word' id='word_1_295' title='bbox 1109 3717 1254 3792; x_wconf 76' lang='lat' dir='ltr'><strong>disseras]</strong></span> <span class='ocrx_word' id='word_1_296' title='bbox 1274 3721 1389 3776; x_wconf 74' lang='lat' dir='ltr'><strong>lmssns</strong></span> 
     </span>
    </p>
   </div>
   <div class='ocr_carea' id='block_1_4' title="bbox 116 3797 1399 3925">
    <p class='ocr_par' dir='ltr' id='par_1_4' title="bbox 116 3797 1399 3925">
     <span class='ocr_line' id='line_1_33' title="bbox 116 3797 1399 3874; baseline 0.001 -18"><span class='ocrx_word' id='word_1_297' title='bbox 116 3797 243 3874; x_wconf 74' lang='lat' dir='ltr'><strong>9bpdos</strong></span> <span class='ocrx_word' id='word_1_298' title='bbox 327 3805 361 3854; x_wconf 97' lang='grc'><strong>10</strong></span> <span class='ocrx_word' id='word_1_299' title='bbox 380 3799 457 3857; x_wconf 82' lang='lat' dir='ltr'><strong>foedi</strong></span> <span class='ocrx_word' id='word_1_300' title='bbox 542 3809 574 3858; x_wconf 90' lang='grc'><strong>11</strong></span> <span class='ocrx_word' id='word_1_301' title='bbox 594 3799 688 3873; x_wconf 77' lang='lat' dir='ltr'><strong>fiscos]</strong></span> <span class='ocrx_word' id='word_1_302' title='bbox 714 3801 805 3858; x_wconf 78' lang='lat' dir='ltr'><strong>leucos</strong></span> <span class='ocrx_word' id='word_1_303' title='bbox 894 3807 927 3856; x_wconf 85' lang='grc'><strong>16</strong></span> <span class='ocrx_word' id='word_1_304' title='bbox 948 3799 1084 3870; x_wconf 80' lang='lat' dir='ltr'><strong>gracchos</strong></span> <span class='ocrx_word' id='word_1_305' title='bbox 1104 3804 1135 3856; x_wconf 79' lang='lat' dir='ltr'><strong>ei</strong></span> <span class='ocrx_word' id='word_1_306' title='bbox 1153 3799 1222 3856; x_wconf 79' lang='lat' dir='ltr'><strong>obbo</strong></span> <span class='ocrx_word' id='word_1_307' title='bbox 1242 3803 1272 3856; x_wconf 82' lang='lat' dir='ltr'><strong>ei</strong></span> <span class='ocrx_word' id='word_1_308' title='bbox 1290 3800 1399 3858; x_wconf 80' lang='lat' dir='ltr'><strong>boehm</strong></span> 
     </span>
     <span class='ocr_line' id='line_1_34' title="bbox 905 3889 917 3925; baseline 0 0"><span class='ocrx_word' id='word_1_309' title='bbox 905 3889 917 3925; x_wconf 79' lang='lat' dir='ltr'><strong>e</strong></span> 
     </span>
    </p>
   </div>
   <div class='ocr_carea' id='block_1_5' title="bbox 114 3931 1452 4075">
    <p class='ocr_par' dir='ltr' id='par_1_5' title="bbox 114 3931 1452 4075">
     <span class='ocr_line' id='line_1_35' title="bbox 114 3931 1452 4075; baseline 0.004 -87"><span class='ocrx_word' id='word_1_310' title='bbox 114 3941 157 4075; x_wconf 52' lang='lat' dir='ltr'><strong>,iol</strong></span> <span class='ocrx_word' id='word_1_311' title='bbox 172 3931 324 3990; x_wconf 86' lang='lat' dir='ltr'><strong>scribimus</strong></span> <span class='ocrx_word' id='word_1_312' title='bbox 343 3951 408 3990; x_wconf 86' lang='lat' dir='ltr'><strong>cum</strong></span> <span class='ocrx_word' id='word_1_313' title='bbox 474 3942 507 3992; x_wconf 87' lang='grc'><strong>11</strong></span> <span class='ocrx_word' id='word_1_314' title='bbox 527 3935 599 3994; x_wconf 77' lang='lat' dir='ltr'><strong>faeie</strong></span> <span class='ocrx_word' id='word_1_315' title='bbox 619 3939 650 3992; x_wconf 82' lang='lat' dir='ltr'><strong>ab</strong></span> <span class='ocrx_word' id='word_1_316' title='bbox 668 3937 768 4009; x_wconf 76' lang='lat' dir='ltr'><strong>regius</strong></span> <span class='ocrx_word' id='word_1_317' title='bbox 830 3943 866 3994; x_wconf 84' lang='grc'><strong>16</strong></span> <span class='ocrx_word' id='word_1_318' title='bbox 885 3937 923 4010; x_wconf 76' lang='lat' dir='ltr'><strong>ad</strong></span> <span class='ocrx_word' id='word_1_319' title='bbox 938 3953 989 4008; x_wconf 84' lang='lat' dir='ltr'><strong>per</strong></span> <span class='ocrx_word' id='word_1_320' title='bbox 1008 3937 1027 3992; x_wconf 97' lang='lat' dir='ltr'><strong>d</strong></span> <span class='ocrx_word' id='word_1_321' title='bbox 1046 3937 1140 3993; x_wconf 84' lang='lat' dir='ltr'><strong>endem</strong></span> <span class='ocrx_word' id='word_1_322' title='bbox 1158 3954 1245 3992; x_wconf 83' lang='lat' dir='ltr'><strong>manu</strong></span> <span class='ocrx_word' id='word_1_323' title='bbox 1263 3939 1452 4008; x_wconf 68' lang='lat' dir='ltr'><strong>superscripto</strong></span> 
     </span>
     <span class='ocr_line' id='line_1_36' title="bbox 155 4019 242 4074; baseline 0 0"><span class='ocrx_word' id='word_1_324' title='bbox 155 4019 242 4074; x_wconf 63' lang='lat' dir='ltr'><strong>moa</strong></span> 
     </span>
    </p>
   </div>
   <div class='ocr_carea' id='block_1_6' title="bbox 114 4151 1450 4957">
    <p class='ocr_par' dir='ltr' id='par_1_6' title="bbox 114 4151 1450 4552">
     <span class='ocr_line' id='line_1_37' title="bbox 208 4151 1450 4224; baseline -0.002 -14"><span class='ocrx_word' id='word_1_325' title='bbox 208 4161 222 4210; x_wconf 86' lang='lat'>1</span> <span class='ocrx_word' id='word_1_326' title='bbox 243 4157 274 4211; x_wconf 79' lang='lat' dir='ltr'><strong>et</strong></span> <span class='ocrx_word' id='word_1_327' title='bbox 291 4152 433 4223; x_wconf 80' lang='lat' dir='ltr'><strong>cohortes]</strong></span> <span class='ocrx_word' id='word_1_328' title='bbox 450 4169 481 4224; x_wconf 82' lang='lat' dir='ltr'><strong>p.</strong></span> <span class='ocrx_word' id='word_1_329' title='bbox 501 4157 545 4220; x_wconf 78' lang='grc'><strong>71,</strong></span> <span class='ocrx_word' id='word_1_330' title='bbox 566 4159 603 4210; x_wconf 88' lang='grc'><strong>16</strong></span> <span class='ocrx_word' id='word_1_331' title='bbox 677 4171 696 4210; x_wconf 85' lang='lat' dir='ltr'><strong>s</strong></span> <span class='ocrx_word' id='word_1_332' title='bbox 713 4154 869 4211; x_wconf 86' lang='lat' dir='ltr'><strong>coercendo</strong></span> <span class='ocrx_word' id='word_1_333' title='bbox 888 4152 916 4208; x_wconf 88' lang='lat' dir='ltr'><em>R</em></span> <span class='ocrx_word' id='word_1_334' title='bbox 990 4159 1006 4208; x_wconf 91' lang='grc'><strong>1</strong></span> <span class='ocrx_word' id='word_1_335' title='bbox 1026 4152 1121 4209; x_wconf 79' lang='lat' dir='ltr'><strong>diotae</strong></span> <span class='ocrx_word' id='word_1_336' title='bbox 1141 4155 1219 4208; x_wconf 83' lang='lat' dir='ltr'><strong>aunt:</strong></span> <span class='ocrx_word' id='word_1_337' title='bbox 1239 4155 1268 4207; x_wconf 83' lang='lat' dir='ltr'><strong>et</strong></span> <span class='ocrx_word' id='word_1_338' title='bbox 1287 4169 1349 4208; x_wconf 87' lang='lat' dir='ltr'><strong>eam</strong></span> <span class='ocrx_word' id='word_1_339' title='bbox 1369 4151 1450 4208; x_wconf 87' lang='lat' dir='ltr'><strong>dille-</strong></span> 
     </span>
     <span class='ocr_line' id='line_1_38' title="bbox 114 4233 1450 4307; baseline -0.002 -14"><span class='ocrx_word' id='word_1_340' title='bbox 114 4235 237 4293; x_wconf 78' lang='lat' dir='ltr'><strong>reuiium</strong></span> <span class='ocrx_word' id='word_1_341' title='bbox 256 4233 372 4307; x_wconf 84' lang='lat' dir='ltr'><strong>quidam</strong></span> <span class='ocrx_word' id='word_1_342' title='bbox 388 4250 448 4290; x_wconf 84' lang='lat' dir='ltr'><strong>esse</strong></span> <span class='ocrx_word' id='word_1_343' title='bbox 463 4233 615 4290; x_wconf 80' lang='lat' dir='ltr'><strong>voluerunt</strong></span> <span class='ocrx_word' id='word_1_344' title='bbox 632 4233 661 4289; x_wconf 81' lang='lat' dir='ltr'><em>R</em></span> <span class='ocrx_word' id='word_1_345' title='bbox 734 4236 765 4290; x_wconf 79' lang='lat' dir='ltr'><strong>et</strong></span> <span class='ocrx_word' id='word_1_346' title='bbox 782 4235 879 4290; x_wconf 75' lang='lat' dir='ltr'><strong>ianam</strong></span> <span class='ocrx_word' id='word_1_347' title='bbox 898 4233 1089 4292; x_wconf 78' lang='lat' dir='ltr'><strong>differentiam</strong></span> <span class='ocrx_word' id='word_1_348' title='bbox 1102 4241 1238 4290; x_wconf 82' lang='lat' dir='ltr'><strong>corrector</strong></span> <span class='ocrx_word' id='word_1_349' title='bbox 1252 4235 1357 4290; x_wconf 83' lang='lat' dir='ltr'><strong>codicis</strong></span> <span class='ocrx_word' id='word_1_350' title='bbox 1372 4233 1450 4290; x_wconf 82' lang='lat' dir='ltr'><strong>Veti-</strong></span> 
     </span>
     <span class='ocr_line' id='line_1_39' title="bbox 114 4313 1450 4387; baseline -0.001 -13"><span class='ocrx_word' id='word_1_351' title='bbox 114 4319 182 4374; x_wconf 82' lang='lat' dir='ltr'><strong>ccmi</strong></span> <span class='ocrx_word' id='word_1_352' title='bbox 246 4316 354 4372; x_wconf 74' lang='lat' dir='ltr'><strong>libem</strong></span> <span class='ocrx_word' id='word_1_353' title='bbox 375 4314 506 4372; x_wconf 86' lang='lat' dir='ltr'><strong>nonnulli</strong></span> <span class='ocrx_word' id='word_1_354' title='bbox 521 4345 554 4356; x_wconf 86' lang='lat'><strong>-·</strong></span> <span class='ocrx_word' id='word_1_355' title='bbox 567 4321 600 4371; x_wconf 89' lang='grc'><strong>11</strong></span> <span class='ocrx_word' id='word_1_356' title='bbox 620 4315 741 4372; x_wconf 85' lang='lat' dir='ltr'><strong>dicimus</strong></span> <span class='ocrx_word' id='word_1_357' title='bbox 756 4333 786 4387; x_wconf 80' lang='lat' dir='ltr'><strong>p.</strong></span> <span class='ocrx_word' id='word_1_358' title='bbox 798 4321 877 4382; x_wconf 76' lang='lat'><strong>81,3</strong></span> <span class='ocrx_word' id='word_1_359' title='bbox 947 4319 963 4370; x_wconf 85' lang='grc'><strong>0</strong></span> <span class='ocrx_word' id='word_1_360' title='bbox 984 4315 1096 4371; x_wconf 73' lang='lat' dir='ltr'><strong>ridetur</strong></span> <span class='ocrx_word' id='word_1_361' title='bbox 1115 4313 1302 4370; x_wconf 78' lang='lat' dir='ltr'><strong>enuntianda:</strong></span> <span class='ocrx_word' id='word_1_362' title='bbox 1321 4331 1372 4370; x_wconf 89' lang='lat' dir='ltr'><strong>nos</strong></span> <span class='ocrx_word' id='word_1_363' title='bbox 1394 4333 1450 4372; x_wconf 87' lang='lat' dir='ltr'><strong>non</strong></span> 
     </span>
     <span class='ocr_line' id='line_1_40' title="bbox 114 4394 1450 4470; baseline -0.001 -15"><span class='ocrx_word' id='word_1_364' title='bbox 114 4403 174 4455; x_wconf 62' lang='lat' dir='ltr'><strong>mm</strong></span> <span class='ocrx_word' id='word_1_365' title='bbox 193 4415 245 4470; x_wconf 87' lang='lat' dir='ltr'><strong>per</strong></span> <span class='ocrx_word' id='word_1_366' title='bbox 263 4397 328 4454; x_wconf 89' lang='lat' dir='ltr'><strong>illas</strong></span> <span class='ocrx_word' id='word_1_367' title='bbox 346 4397 375 4452; x_wconf 86' lang='lat' dir='ltr'><em>R</em></span> <span class='ocrx_word' id='word_1_368' title='bbox 431 4403 447 4452; x_wconf 84' lang='lat' dir='ltr'><strong>&#39;l</strong></span> <span class='ocrx_word' id='word_1_369' title='bbox 467 4396 602 4452; x_wconf 78' lang='lat' dir='ltr'><strong>baronum</strong></span> <span class='ocrx_word' id='word_1_370' title='bbox 622 4396 742 4455; x_wconf 80' lang='lat' dir='ltr'><strong>dicisum</strong></span> <span class='ocrx_word' id='word_1_371' title='bbox 761 4417 812 4456; x_wconf 86' lang='lat' dir='ltr'><strong>om.</strong></span> <span class='ocrx_word' id='word_1_372' title='bbox 832 4399 860 4454; x_wconf 84' lang='lat' dir='ltr'><em>R</em></span> <span class='ocrx_word' id='word_1_373' title='bbox 912 4405 928 4456; x_wconf 86' lang='lat'>8</span> <span class='ocrx_word' id='word_1_374' title='bbox 948 4397 1083 4468; x_wconf 84' lang='lat' dir='ltr'><strong>quonism</strong></span> <span class='ocrx_word' id='word_1_375' title='bbox 1102 4395 1177 4467; x_wconf 88' lang='lat' dir='ltr'><strong>apud</strong></span> <span class='ocrx_word' id='word_1_376' title='bbox 1198 4394 1331 4465; x_wconf 80' lang='lat' dir='ltr'><strong>antiquos</strong></span> <span class='ocrx_word' id='word_1_377' title='bbox 1351 4396 1450 4455; x_wconf 58' lang='lat' dir='ltr'><strong>hena</strong></span> 
     </span>
     <span class='ocr_line' id='line_1_41' title="bbox 115 4475 1450 4552; baseline -0.001 -16"><span class='ocrx_word' id='word_1_378' title='bbox 115 4483 177 4536; x_wconf 78' lang='lat' dir='ltr'><strong>ersi</strong></span> <span class='ocrx_word' id='word_1_379' title='bbox 190 4483 280 4549; x_wconf 73' lang='lat' dir='ltr'><strong>par,</strong></span> <span class='ocrx_word' id='word_1_380' title='bbox 294 4484 329 4534; x_wconf 83' lang='lat'><strong>11</strong></span> <span class='ocrx_word' id='word_1_381' title='bbox 396 4485 412 4534; x_wconf 85' lang='grc'><strong>0</strong></span> <span class='ocrx_word' id='word_1_382' title='bbox 432 4477 540 4536; x_wconf 88' lang='lat' dir='ltr'><strong>hoedos</strong></span> <span class='ocrx_word' id='word_1_383' title='bbox 559 4477 678 4536; x_wconf 85' lang='lat' dir='ltr'><strong>dioimus</strong></span> <span class='ocrx_word' id='word_1_384' title='bbox 699 4498 763 4536; x_wconf 87' lang='lat' dir='ltr'><strong>cum</strong></span> <span class='ocrx_word' id='word_1_385' title='bbox 783 4480 964 4552; x_wconf 79' lang='lat' dir='ltr'><strong>aspiratione,</strong></span> <span class='ocrx_word' id='word_1_386' title='bbox 985 4477 1120 4550; x_wconf 84' lang='lat' dir='ltr'><strong>quonium</strong></span> <span class='ocrx_word' id='word_1_387' title='bbox 1139 4476 1215 4532; x_wconf 80' lang='lat' dir='ltr'><strong>foedi</strong></span> <span class='ocrx_word' id='word_1_388' title='bbox 1235 4475 1403 4532; x_wconf 78' lang='lat' dir='ltr'><strong>dioebsnbar</strong></span> <span class='ocrx_word' id='word_1_389' title='bbox 1423 4479 1450 4534; x_wconf 83' lang='lat' dir='ltr'><em>R</em></span> 
     </span>
    </p>

    <p class='ocr_par' dir='ltr' id='par_1_7' title="bbox 115 4558 1450 4957">
     <span class='ocr_line' id='line_1_42' title="bbox 152 4558 1450 4632; baseline 0 -16"><span class='ocrx_word' id='word_1_390' title='bbox 152 4567 185 4618; x_wconf 78' lang='lat'><strong>18</strong></span> <span class='ocrx_word' id='word_1_391' title='bbox 206 4559 347 4632; x_wconf 74' lang='lat' dir='ltr'><strong>cilonem]</strong></span> <span class='ocrx_word' id='word_1_392' title='bbox 366 4577 395 4629; x_wconf 85' lang='lat' dir='ltr'><strong>p.</strong></span> <span class='ocrx_word' id='word_1_393' title='bbox 407 4563 499 4626; x_wconf 64' lang='grc'><strong>7113</strong></span> <span class='ocrx_word' id='word_1_394' title='bbox 554 4565 589 4616; x_wconf 90' lang='grc'><strong>10</strong></span> <span class='ocrx_word' id='word_1_395' title='bbox 608 4560 772 4619; x_wconf 87' lang='lat' dir='ltr'><strong>scribimus:</strong></span> <span class='ocrx_word' id='word_1_396' title='bbox 792 4581 857 4620; x_wconf 88' lang='lat' dir='ltr'><strong>cum</strong></span> <span class='ocrx_word' id='word_1_397' title='bbox 876 4565 890 4617; x_wconf 97' lang='grc'><strong>1</strong></span> <span class='ocrx_word' id='word_1_398' title='bbox 909 4560 1137 4616; x_wconf 78' lang='lat' dir='ltr'><strong>conitmcbiouem</strong></span> <span class='ocrx_word' id='word_1_399' title='bbox 1156 4558 1358 4615; x_wconf 79' lang='lat' dir='ltr'><strong>disiunctiuam</strong></span> <span class='ocrx_word' id='word_1_400' title='bbox 1378 4559 1450 4616; x_wconf 78' lang='lat' dir='ltr'><strong>iacit</strong></span> 
     </span>
     <span class='ocr_line' id='line_1_43' title="bbox 116 4639 1395 4714; baseline -0.002 -16"><span class='ocrx_word' id='word_1_401' title='bbox 116 4645 153 4698; x_wconf 79' lang='lat' dir='ltr'><strong>tt</strong></span> <span class='ocrx_word' id='word_1_402' title='bbox 171 4642 272 4714; x_wconf 63' lang='grc'><strong>1131111</strong></span> <span class='ocrx_word' id='word_1_403' title='bbox 290 4639 325 4698; x_wconf 82' lang='lat' dir='ltr'><strong>lt.</strong></span> <span class='ocrx_word' id='word_1_404' title='bbox 346 4643 378 4695; x_wconf 83' lang='lat' dir='ltr'><strong>ab</strong></span> <span class='ocrx_word' id='word_1_405' title='bbox 396 4645 460 4696; x_wconf 64' lang='lat' dir='ltr'><strong>auu</strong></span> <span class='ocrx_word' id='word_1_406' title='bbox 479 4657 544 4697; x_wconf 90' lang='lat' dir='ltr'><strong>cum</strong></span> <span class='ocrx_word' id='word_1_407' title='bbox 563 4643 675 4698; x_wconf 78' lang='lat' dir='ltr'><strong>addidit</strong></span> <span class='ocrx_word' id='word_1_408' title='bbox 693 4651 829 4700; x_wconf 81' lang='lat' dir='ltr'><strong>correoior</strong></span> <span class='ocrx_word' id='word_1_409' title='bbox 848 4645 950 4702; x_wconf 82' lang='lat' dir='ltr'><strong>codicis</strong></span> <span class='ocrx_word' id='word_1_410' title='bbox 975 4642 1107 4697; x_wconf 82' lang='lat' dir='ltr'><strong>Vaticani</strong></span> <span class='ocrx_word' id='word_1_411' title='bbox 1180 4642 1221 4714; x_wconf 78' lang='lat' dir='ltr'><strong>ab]</strong></span> <span class='ocrx_word' id='word_1_412' title='bbox 1238 4659 1269 4712; x_wconf 86' lang='lat' dir='ltr'><strong>p.</strong></span> <span class='ocrx_word' id='word_1_413' title='bbox 1289 4645 1338 4706; x_wconf 84' lang='lat'><strong>62,</strong></span> <span class='ocrx_word' id='word_1_414' title='bbox 1358 4646 1395 4696; x_wconf 87' lang='lat'><strong>10</strong></span> 
     </span>
     <span class='ocr_line' id='line_1_44' title="bbox 115 4721 1448 4801; baseline 0.002 -23"><span class='ocrx_word' id='word_1_415' title='bbox 115 4730 149 4779; x_wconf 87' lang='grc'><strong>11</strong></span> <span class='ocrx_word' id='word_1_416' title='bbox 169 4721 330 4796; x_wconf 74' lang='lat' dir='ltr'><strong>ebregiso]</strong></span> <span class='ocrx_word' id='word_1_417' title='bbox 356 4721 435 4792; x_wconf 75' lang='lat' dir='ltr'><strong>Verp.</strong></span> <span class='ocrx_word' id='word_1_418' title='bbox 455 4724 526 4801; x_wconf 65' lang='lat' dir='ltr'><strong>Apa.</strong></span> <span class='ocrx_word' id='word_1_419' title='bbox 547 4723 632 4778; x_wconf 89' lang='lat' dir='ltr'><em>IIII</em></span> <span class='ocrx_word' id='word_1_420' title='bbox 648 4729 665 4779; x_wconf 88' lang='lat'><strong><em>1</em></strong></span> <span class='ocrx_word' id='word_1_421' title='bbox 757 4731 793 4781; x_wconf 82' lang='grc'><strong>14</strong></span> <span class='ocrx_word' id='word_1_422' title='bbox 816 4726 854 4783; x_wconf 87' lang='lat' dir='ltr'><strong>ud</strong></span> <span class='ocrx_word' id='word_1_423' title='bbox 872 4725 914 4797; x_wconf 80' lang='lat' dir='ltr'><strong>te]</strong></span> <span class='ocrx_word' id='word_1_424' title='bbox 941 4723 1019 4794; x_wconf 82' lang='lat' dir='ltr'><strong>Verp.</strong></span> <span class='ocrx_word' id='word_1_425' title='bbox 1039 4724 1108 4778; x_wconf 78' lang='lat' dir='ltr'><strong>Aen.</strong></span> <span class='ocrx_word' id='word_1_426' title='bbox 1131 4723 1152 4777; x_wconf 89' lang='lat' dir='ltr'><strong><em>I</em></strong></span> <span class='ocrx_word' id='word_1_427' title='bbox 1169 4728 1227 4778; x_wconf 89' lang='grc'><strong>666</strong></span> <span class='ocrx_word' id='word_1_428' title='bbox 1318 4727 1353 4776; x_wconf 85' lang='grc'><strong>16</strong></span> <span class='ocrx_word' id='word_1_429' title='bbox 1370 4723 1448 4780; x_wconf 74' lang='lat' dir='ltr'><strong>&#39;item</strong></span> 
     </span>
     <span class='ocr_line' id='line_1_45' title="bbox 116 4805 1448 4878; baseline 0.002 -19"><span class='ocrx_word' id='word_1_430' title='bbox 116 4805 178 4874; x_wconf 75' lang='lat' dir='ltr'><strong>quit</strong></span> <span class='ocrx_word' id='word_1_431' title='bbox 191 4835 226 4846; x_wconf 92' lang='lat'><em>-</em></span> <span class='ocrx_word' id='word_1_432' title='bbox 242 4811 277 4860; x_wconf 82' lang='grc'><strong>18</strong></span> <span class='ocrx_word' id='word_1_433' title='bbox 295 4807 390 4862; x_wconf 79' lang='lat' dir='ltr'><strong>neutri</strong></span> <span class='ocrx_word' id='word_1_434' title='bbox 409 4805 521 4878; x_wconf 75' lang='lat' dir='ltr'><strong>generis</strong></span> <span class='ocrx_word' id='word_1_435' title='bbox 538 4805 633 4860; x_wconf 82' lang='lat' dir='ltr'><strong>Velina</strong></span> <span class='ocrx_word' id='word_1_436' title='bbox 651 4805 767 4878; x_wconf 76' lang='lat' dir='ltr'><strong>Lonpus</strong></span> <span class='ocrx_word' id='word_1_437' title='bbox 784 4811 864 4878; x_wconf 78' lang='lat' dir='ltr'><strong>upasd</strong></span> <span class='ocrx_word' id='word_1_438' title='bbox 883 4806 1092 4864; x_wconf 67' lang='lat' dir='ltr'><strong>Cassiodorsnna</strong></span> <span class='ocrx_word' id='word_1_439' title='bbox 1112 4821 1142 4873; x_wconf 79' lang='lat' dir='ltr'><strong>p.</strong></span> <span class='ocrx_word' id='word_1_440' title='bbox 1162 4809 1243 4860; x_wconf 79' lang='lat'><em>2287</em></span> <span class='ocrx_word' id='word_1_441' title='bbox 1326 4811 1360 4861; x_wconf 79' lang='grc'><strong>11</strong></span> <span class='ocrx_word' id='word_1_442' title='bbox 1385 4821 1448 4876; x_wconf 89' lang='lat' dir='ltr'><strong>pro·</strong></span> 
     </span>
     <span class='ocr_line' id='line_1_46' title="bbox 116 4885 558 4957; baseline 0.002 -17"><span class='ocrx_word' id='word_1_443' title='bbox 116 4901 219 4941; x_wconf 86' lang='lat' dir='ltr'><strong>nomeu</strong></span> <span class='ocrx_word' id='word_1_444' title='bbox 238 4888 268 4940; x_wconf 80' lang='lat' dir='ltr'><strong>et</strong></span> <span class='ocrx_word' id='word_1_445' title='bbox 285 4887 398 4957; x_wconf 81' lang='lat' dir='ltr'><strong>geuen&#39;s</strong></span> <span class='ocrx_word' id='word_1_446' title='bbox 417 4887 512 4942; x_wconf 68' lang='lat' dir='ltr'><strong>nahmi</strong></span> <span class='ocrx_word' id='word_1_447' title='bbox 530 4885 558 4941; x_wconf 88' lang='lat' dir='ltr'><em>R</em></span> 
     </span>
    </p>
   </div>
   <div class='ocr_carea' id='block_1_7' title="bbox 0 0 1810 5480">
    <p class='ocr_par' dir='ltr' id='par_1_8' title="bbox 0 0 1810 5480">
     <span class='ocr_line' id='line_1_47' title="bbox 0 0 1810 5480; baseline 0 0"><span class='ocrx_word' id='word_1_448' title='bbox 0 0 1810 5480; x_wconf 95' lang='lat' dir='ltr'><strong> </strong></span> 
     </span>
    </p>
   </div>
  </div>
 </body>
</html>
