3610 5482
599 314 649 372 DE
669 313 967 376 camoenarum
1404 319 1448 385 65

107 431 129 468 p.
145 418 210 460 aare
224 419 251 459 er
267 417 292 458 1³.

108 499 184 567 ‘tua
214 504 330 566 terris
360 499 477 564 didita
507 497 629 585 lama',
657 506 716 568 iam
740 523 800 567 uon
826 514 873 567 est
896 523 912 566 a
937 504 974 566 de
998 507 1237 587 praepositione,
1260 507 1314 570 sed
1339 510 1395 584 (trs,
1419 515 1450 570 et

108 615 262 674 unitatem
290 610 443 692 quandam
471 611 685 692 complectitur
714 613 804 675 roob.
847 613 878 674 iu
909 610 964 674 bac
994 621 1095 674 tamen
1120 608 1126 692 Ι
1151 613 1188 675 de
1217 617 1451 697 praepositione,

110 739 206 801 quam
236 720 299 783 dixi
322 717 441 801 plenam
464 722 620 801 praeponi,
645 719 946 783 animadvertendum
968 720 1058 805 illud,
1083 720 1164 802 quod
1193 723 1399 806 inmrinuitur,
1430 727 1456 785 si

109 828 236 910 quando
270 845 404 909 sequens
435 846 491 889 vox
521 847 538 890 a
568 828 668 891 littera
699 847 716 890 e
747 831 870 912 incipit,
900 838 934 893 ut
963 840 1010 892 est
1044 829 1167 892 dertare
1199 829 1300 910 desse,
1333 835 1365 894 in
1397 849 1456 912 qua

82 937 323 1000 secundatione
354 935 467 998 sullicit
494 937 560 1018 ipsa
589 935 759 1018 productio.
798 946 829 1001 et
853 948 1003 1019 quatenus
1027 939 1189 1002 incidimus
1214 939 1244 1002 in
1269 941 1455 1002 mentionem

109 1045 351 1127 praepositionis
375 1043 432 1126 dis,
455 1042 666 1108 adnotabimus
691 1055 722 1106 et
744 1043 825 1108 illam
848 1044 969 1126 plenam
992 1044 1160 1126 praescribi
1179 1049 1301 1130 ceteris,
1324 1050 1384 1110 uisi
1407 1048 1455 1112 bis

110 1151 255 1234 partibus
274 1153 420 1215 orationis
440 1170 518 1233 quae
537 1154 687 1234 incipiunt
705 1171 722 1213 a
741 1151 843 1216 littera
862 1172 901 1235 m,
922 1163 956 1215 ut
975 1152 1108 1234 dimovit,
1132 1163 1184 1216 aut
1207 1173 1238 1236 n,
1263 1164 1295 1217 ut
1313 1154 1457 1238 dinoscit,

111 1271 166 1324 aut
191 1260 215 1343 l,
240 1271 275 1323 nt
298 1260 406 1345 diluit,
423 1271 476 1324 aut
499 1261 534 1345 b,
558 1271 592 1324 nt
616 1259 784 1344 dibucinat,
809 1272 861 1324 aut
884 1279 917 1344 g,
941 1270 976 1325 ut
999 1263 1118 1345 digerit,
1143 1271 1194 1324 aut
1218 1265 1244 1326 si
1268 1283 1288 1325 a
1312 1263 1330 1325 d
1355 1264 1456 1328 littera

111 1373 237 1453 incipit,
268 1377 302 1432 ut
330 1369 458 1452 diditus,
486 1388 546 1452 quo
575 1368 664 1432 modo
688 1367 837 1450 Vergilius
862 1365 939 1433 ‘tua
968 1373 1081 1434 terris
1105 1370 1221 1434 didita
1251 1367 1375 1455 lama',
1404 1383 1456 1435 aut

74 1483 144 1541 ¹⁰in
170 1479 186 1541 i
206 1479 339 1542 litteram
366 1480 511 1560 transire,
539 1479 566 1540 si
589 1476 626 1539 ab
650 1477 706 1540 bac
730 1477 834 1540 eadem
859 1497 991 1561 sequens
1016 1498 1071 1542 nox
1094 1482 1233 1564 incipiat,
1263 1491 1296 1544 ut
1325 1479 1453 1544 diliudit.

207 1587 269 1650 Per
297 1605 368 1650 sero
397 1587 582 1668 praepositio
611 1583 752 1648 omnibus
780 1588 898 1667 integra
926 1589 1138 1681 praeponitur,
1166 1591 1226 1650 nisi
1254 1607 1325 1651 cum
1348 1589 1454 1652 incidit

113 1699 145 1758 iu
170 1695 182 1757 l
205 1695 354 1779 litteram,
377 1695 506 1758 adfinem
530 1703 757 1776 consonantem,
781 1712 871 1775 quam
895 1693 1088 1776 elegantioris
1112 1699 1262 1760 sermonis
1283 1699 1339 1761 viri
1362 1700 1453 1779 gemi-

115 1823 189 1867 nare
220 1803 337 1867 malunt
366 1823 456 1886 quam
485 1822 501 1866 r
528 1802 660 1866 litteram
685 1805 872 1884 exprimere,
896 1811 930 1864 ut
957 1821 1027 1866 cum
1050 1801 1186 1886 pellebar
1205 1803 1320 1867 malunt
1351 1805 1453 1867 dicere

115 1932 207 1996 quam
231 1911 381 1994 perlabor.
419 1931 476 1974 nec
500 1911 587 1974 aliter
611 1911 690 1994 apud
714 1910 864 1974 Lucilium
887 1909 1015 1994 legitur,

77 2033 101 2072 1⁵
283 2018 365 2102 †in
389 2022 707 2102 praepositionem
731 2038 797 2101 per
819 2019 830 2082 l
852 2018 1016 2082 liniendo
1040 2021 1135 2102 quod
1160 2032 1215 2084 est
1244 2023 1454 2086 inducendo

663 2113 668 2121 ’
1036 2133 1195 2210 geminat
1218 2131 1236 2193 l.

116 2239 262 2322 pellicere
287 2237 402 2300 malunt
424 2255 515 2318 quam
539 2235 696 2320 perlicere.
734 2236 816 2299 trnde
840 2247 870 2298 et
894 2236 972 2318 apud
998 2235 1161 2319 Vergilium
1186 2257 1247 2301 non
1271 2238 1359 2302 aliter
1381 2237 1454 2321 legi·

116 2367 195 2430 mus,
221 2343 392 2428 ‘pellacis
416 2341 540 2426 Vlixi'3
565 2354 596 2406 et
619 2363 635 2406 a
658 2341 820 2424 pelluendo
843 2343 938 2426 pelvis
962 2327 1096 2426 etapud
1115 2348 1256 2425 antiquos
1275 2340 1453 2427 τρισυλλά-

115 2455 187 2536 βως
211 2453 331 2537 pellois,
354 2471 431 2535 quae
457 2471 538 2516 nuuc
563 2453 594 2514 in
618 2452 773 2533 synaeresi
796 2450 891 2532 pelvis
915 2450 1035 2514 dicitur.
1257 2439 1264 2453 ’

77 2571 102 2609 ²⁰
210 2562 368 2636 Οιιιιιοιιιιε
397 2562 639 2644 praepositiones
670 2560 898 2641 persequimur,
933 2577 994 2621 non
1025 2559 1157 2623 alienum
1188 2573 1234 2625 eet
1264 2582 1298 2626 re
1332 2583 1453 2646 quoque

210 2737 305 2794 caan
324 2736 472 2793 Parrhasi
511 2743 597 2792 luon
612 2736 655 2790 est
669 2731 706 2788 ad
725 2731 968 2804 praepositionem
982 2734 1032 2790 sed
1052 2733 1191 2792 unitatem
1248 2735 1409 2794 lalittera
1425 2737 1452 2811 e]

115 2819 203 2876 alitor
221 2818 264 2874 De
329 2819 459 2874 deenare
478 2816 575 2872 deesse
595 2831 653 2886 qua
666 2811 864 2870 muuoiatione
937 2818 1025 2870 saut
1043 2816 1069 2871 si
1087 2815 1107 2872 d
1124 2816 1224 2874 littera
1296 2817 1452 2890 ediditus]

116 2900 230 2956 dedidit
317 2897 421 2970 didita]
446 2895 544 2953 dedita
632 2901 666 2952 te
690 2894 815 2967 malunt]
840 2894 944 2951 uolunt
964 2897 1060 2966 priore
1078 2897 1136 2954 loeo
1223 2915 1288 2953 oum
1312 2898 1453 2971 pellabor]

116 2979 314 3054 compellabor
406 2986 441 3034 14
459 2995 544 3049 qaam
563 2977 697 3048 perlabor
716 2974 741 3033 0
757 2991 827 3031 corr.
848 2991 935 3045 quam
955 2976 1183 3046 comperlaborc
1275 2983 1309 3034 18
1334 2979 1455 3050 pellacis

116 3079 170 3119 oss
190 3061 226 3132 0,
244 3063 278 3117 in
295 3076 383 3132 mara.
403 3059 469 3116 add.
489 3075 504 3116 e
580 3054 893 3129 apelluendopelvis]
913 3072 932 3111 a
949 3055 1105 3127 perlueudo
1124 3059 1230 3130 perluis
1312 3056 1456 3132 sperniti-

117 3143 187 3216 βως]
206 3141 372 3213 trisyllabos
448 3145 480 3196 19
500 3139 604 3212 pelvis]
623 3137 729 3210 pelluis
802 3142 837 3192 20
856 3136 1055 3209 prosequimur

212 3311 226 3360 1
246 3304 310 3378 tua]
336 3303 416 3375 Verq.
436 3305 505 3359 Aen.
527 3300 618 3357 VIII
634 3306 691 3358 132
765 3315 822 3357 non
841 3301 885 3356 est
903 3301 941 3357 ad
960 3303 1215 3374 praepositionem,
1235 3305 1286 3362 sed
1304 3307 1456 3363 veritatem

118 3386 264 3458 quandam
283 3383 469 3457 amplectitur
486 3382 564 3442 vocis
579 3383 616 3440 R.
639 3385 756 3439 nonest
774 3398 792 3437 a
810 3381 847 3436 de
864 3381 1089 3453 praepositione,
1109 3384 1158 3441 sed
1177 3385 1348 3444 varietatem
1366 3403 1455 3457 quan·

51 3479 56 3488 '
118 3468 186 3524 dam
205 3467 391 3540 amplectitur
408 3467 487 3523 vocis
506 3465 551 3522 dis
570 3466 687 3522 oonieat
705 3463 851 3519 Sernierne.
881 3479 938 3519 nou
952 3466 996 3520 est
1010 3481 1028 3520 a
1041 3466 1253 3536 praepositione
1268 3469 1317 3538 de,
1337 3469 1386 3526 sed
1402 3469 1455 3536 dis,

119 3553 153 3605 ut
170 3549 300 3622 distralm
319 3547 449 3619 dispereo
471 3546 650 3618 Papinianus
724 3551 759 3614 ,a
783 3544 808 3600 si
832 3545 946 3614 quando
966 3561 1087 3616 sequens
1106 3564 1161 3603 rox
1181 3547 1266 3604 aliter
1288 3549 1403 3622 incipit,
1422 3553 1456 3606 ut

119 3635 165 3687 est
183 3631 316 3688 deerrare
329 3629 437 3697 deesse,
453 3645 511 3699 qna
524 3625 719 3684 enuntiatione
739 3623 767 3679 R
832 3629 848 3679 9
868 3626 901 3678 ut
919 3624 1031 3682 dedidit
1049 3625 1086 3694 R,
1106 3631 1139 3682 ut
1158 3627 1263 3684 dididit
1277 3631 1361 3685 editio
1378 3628 1455 3685 Gorn-

118 3713 289 3778 nsels‘niana,
312 3713 345 3766 ut
368 3709 442 3766 didit
460 3715 596 3765 comedar
614 3708 717 3764 rediere
742 3705 875 3762 Vaticani
951 3712 983 3761 10
1007 3705 1037 3762 in
1056 3707 1214 3764 ilitteram
1232 3709 1383 3766 transitR

121 3801 154 3849 11
174 3794 294 3862 sonasse
309 3790 441 3848 omnibns
455 3787 585 3862 partibus
600 3787 735 3846 orationis
750 3786 864 3859 integra
877 3785 1064 3856 praeponitur
1129 3795 1163 3844 tn
1183 3790 1330 3862 geminare
1344 3793 1457 3848 malunt

119 3879 257 3930 mereator
275 3873 378 3930 aaut
403 3869 536 3928 Vaticani
608 3869 755 3942 geminare
778 3867 870 3939 magis
896 3866 1049 3925 voluerunt
1072 3887 1160 3940 quam
1178 3889 1193 3926 r
1211 3872 1339 3928 litteram
1364 3873 1456 3944 expri-

119 3971 213 4022 mere,
230 3957 266 4009 ut
284 3951 478 4024 compellabor
496 3949 599 4007 malint
617 3950 712 4007 dicere
732 3967 820 4021 quam
838 3951 1021 4020 compelabor
1039 3951 1068 4008 R
1151 3959 1185 4008 te
1208 3957 1242 4009 ut
1260 3971 1348 4024 quum
1366 3951 1455 4024 pella·

119 4036 172 4092 bar
189 4034 304 4090 malunt
322 4032 432 4100 dicere,
452 4050 538 4104 quam
556 4031 702 4103 perlabo'r:
724 4031 778 4087 ‘ita
796 4034 870 4088 enim
887 4033 920 4087 in
939 4033 1090 4090 marciatis
1103 4035 1163 4090 eins
1178 4035 1301 4090 auctoris
1315 4033 1456 4090 codicibus

119 4115 254 4174 babetnr’
277 4115 391 4171 Pierius
416 4113 586 4170 Valerianum
603 4114 701 4184 emtip.
720 4113 753 4168 in
779 4111 1075 4183 Verp.Aen.1151,
1099 4113 1166 4170 hinc
1188 4114 1318 4185 pellabor
1345 4113 1456 4169 uiuunt

120 4196 215 4256 dicere
235 4213 322 4268 quam
340 4194 474 4267 perlabor
492 4195 565 4250 idern
583 4195 616 4250 in
639 4193 719 4268 Vera.
739 4197 810 4250 Aen.
836 4195 882 4250 VI
900 4199 936 4250 33
1032 4202 1064 4251 lb
1090 4195 1210 4250 ‘Laseiiii
1233 4211 1327 4250 caeru
1345 4196 1456 4251 aidan

120 4284 153 4338 in
170 4282 247 4337 bane
259 4281 371 4336 madunt
384 4277 526 4334 mandari
536 4292 631 4347 posse,
645 4275 676 4333 in
690 4276 855 4349 praeposito
869 4291 921 4346 per
935 4275 1123 4342 Pellioiendo,
1142 4275 1197 4331 hoc
1212 4279 1255 4331 est
1272 4274 1302 4330 in
1317 4275 1455 4343 ducendo,

120 4361 268 4436 geminato
292 4359 316 4426 l,
341 4361 373 4416 id
395 4364 435 4416 est
457 4359 490 4414 in
512 4357 698 4429 pelliciendo,
722 4361 796 4431 quod
818 4362 851 4428 fit
874 4375 924 4429 per
944 4358 1119 4428 praeposita,
1147 4355 1158 4410 l
1177 4357 1298 4412 litteram
1315 4357 1456 4427 penninare

120 4443 215 4502 debes’
241 4441 442 4500 humanus
463 4443 496 4497 in
514 4439 624 4496 Lama.
647 4458 676 4510 p.
696 4446 760 4498 409.
798 4440 875 4512 apud
898 4435 1040 4495 Lucilium
1063 4436 1169 4508 legitur
1191 4437 1222 4492 in
1243 4437 1456 4510 praepositione

120 4543 184 4596 perr
206 4523 241 4580 ‘L
261 4522 396 4580 liciendo’
418 4522 507 4594 (quod
525 4525 570 4579 est
586 4521 758 4593 inducendo)
780 4518 976 4595 ‘congeminat
993 4518 1015 4574 l’
1036 4518 1151 4573 iunias.
1176 4518 1237 4573 alia
1254 4523 1457 4590 temptauerunt

122 4606 306 4664 Srbneidents
328 4621 443 4675 maran.
467 4605 518 4661 lat.
539 4621 564 4663 c.
587 4604 607 4660 I
627 4621 656 4674 p.
676 4608 736 4661 628
759 4609 786 4660 et
803 4603 975 4660 Scintidtisss
997 4601 1089 4657 Laod.
1108 4605 1160 4658 sat.
1185 4599 1203 4654 l.
1223 4599 1278 4656 IX
1296 4619 1327 4672 p.
1346 4608 1383 4659 19

124 4694 157 4744 18
175 4687 308 4760 pellacis]
335 4684 415 4756 Vera.
434 4687 504 4742 Aen.
524 4685 568 4741 II
583 4690 622 4741 90
718 4687 747 4741 et
772 4701 791 4740 a
808 4683 964 4755 perlueudo
983 4681 1091 4755 perluis
1110 4683 1140 4736 et
1159 4681 1235 4752 apud
1254 4682 1388 4754 antiquos
1406 4683 1456 4739 tri·

124 4767 266 4837 syllabam
280 4765 386 4838 polluis
400 4765 429 4821 R
493 4773 528 4822 20
542 4765 737 4836 persequimur
750 4765 836 4822 eadee
851 4763 1014 4833 Vaticanus,
1028 4762 1226 4834 prosequimur
1240 4761 1269 4818 R
1341 4781 1371 4820 re
1387 4781 1457 4836 quo·

124 4863 179 4917 que
196 4846 439 4918 praepositionem
451 4878 483 4888 -
500 4853 593 4916 66,10
612 4847 740 4904 traduxit
758 4845 935 4916 Papinianus
954 4847 1031 4916 apud
1051 4843 1260 4900 Cassiodorium
1274 4863 1305 4915 p.
1324 4849 1405 4902 2294

178 4957 337 4989 ouxxsrrer
350 4955 437 4988 narmi
451 4957 494 4987 ru.
1021 5005 1027 5013 ι
1220 4939 1236 4990 b
