3590 5486
610 369 660 426 DE
680 368 975 429 onmoonsrfflu
1400 368 1467 432 195

125 484 147 521 p.
161 469 221 513 2³0&
237 471 250 512 9
264 469 292 514 P.

126 559 221 638 prima
246 557 402 620 nominum
426 553 538 636 syllaba
562 557 701 622 dedimus
726 562 874 622 rationem
898 551 985 644 <bibo
1010 574 1132 638 qaoque
1156 566 1282 640 propter
1306 555 1465 618 discretio·

127 684 195 728 nem
218 685 236 727 a
259 667 319 728 vita
343 683 449 748 perv,
473 683 490 727 e
514 675 588 748 potu
613 685 668 750 per
691 666 711 729 b
735 667 931 731 scribendum
956 674 1015 748 est,
1040 674 1071 728 et
1095 664 1186 747 abeo,
1207 664 1238 727 id
1262 673 1310 726 est
1333 663 1465 744 discedo,

126 772 201 837 obeo
221 775 390 857 circumeo,
414 773 509 837 subeo
529 775 661 839 succedo
682 795 717 839 ac
736 775 845 838 similia
868 776 1128 858 praepositionum
1147 775 1242 854 gratia
1265 791 1321 854 per
1343 771 1362 833 b
1386 771 1465 834 arbi-

128 891 192 943 tror
219 881 394 966 scribenda,
432 885 522 948 etiarn
551 883 734 967 deponentia
761 883 783 946 b
811 892 925 947 mutam
954 886 985 946 in
1015 885 1166 966 scriptura
1196 890 1302 946 tenere
1331 900 1407 944 usus
1439 891 1470 944 et

102 990 317 1053 sconsuetndo
346 994 512 1076 antiquitus
541 985 696 1078 tradidit);
730 992 878 1076 reliquas,
906 1003 941 1057 ut
970 995 1050 1056 vires
1078 992 1246 1072 sufiiciunt,
1276 1009 1335 1053 una
1365 989 1469 1071 regula

126 1097 261 1178 generali
285 1109 416 1164 tractare
439 1101 670 1186 temptabimus,
695 1104 806 1185 quippe
827 1101 942 1184 regulis
965 1104 997 1165 in
1017 1102 1191 1166 nominibus
1214 1101 1292 1164 datis
1320 1101 1414 1164 firmis
1434 1118 1470 1161 ac

127 1208 335 1295 manentibus,
358 1213 448 1274 eliam
472 1212 498 1274 si
521 1213 553 1274 in
577 1210 669 1273 verba
692 1211 872 1293 ligurantur.
910 1220 944 1274 ut
968 1213 1048 1274 enim
1070 1209 1162 1290 verba
1186 1213 1217 1273 in
1243 1228 1352 1273 nomen
1379 1209 1469 1274 ducta

128 1315 289 1380 verborum
313 1319 434 1402 regulas
459 1339 519 1384 non
544 1323 700 1403 amittunt,
728 1322 767 1382 ita
792 1322 914 1382 uomina
944 1319 1010 1382 loco
1043 1321 1141 1401 posita
1166 1316 1329 1380 verborum
1353 1319 1477 1399 origine
1566 1403 1568 1408 Ι

129 1426 302 1507 regularum
326 1446 430 1492 carere
455 1449 516 1493 non
539 1439 676 1512 possunt
1065 1439 1070 1448 '

93 1551 116 1590 ιο
219 1533 301 1618 Ergo
328 1537 355 1598 si
385 1546 505 1621 tempus
535 1541 735 1622 praeteritum
760 1539 841 1601 modi
864 1537 1019 1601 indicativi
1039 1539 1074 1601 iu
1098 1539 1127 1599 vi
1152 1537 1360 1601 terminaverit
1383 1534 1469 1617 sylla·

123 1641 210 1726 -baru,
240 1643 338 1708 media
367 1656 458 1729 atque
488 1646 592 1710 ultime
626 1647 738 1730 syllaba
762 1643 768 1730 Ι
794 1665 944 1730 personae
972 1649 1087 1730 primae
1121 1649 1267 1729 temporis
1299 1646 1469 1728 praesentis

128 1769 183 1832 per
206 1770 224 1811 r
249 1751 382 1816 vocalem
407 1754 473 1818 loco
498 1757 627 1838 positam
648 1757 844 1819 consonantis
867 1755 1034 1838 scribetur,
1058 1775 1094 1819 eo
1115 1755 1196 1838 qaod
1220 1773 1310 1818 omne
1334 1762 1468 1837 praeter·

79 1899 87 1908 -
129 1860 203 1922 itum
229 1862 400 1942 perlectum
424 1851 455 1926 vr‘
475 1864 589 1946 syllaba
613 1867 808 1928 terminatum
837 1873 959 1947 praeter
988 1865 1051 1928 bibi
1075 1883 1130 1947 per
1153 1883 1170 1924 v
1194 1864 1353 1948 scribitur,
1383 1864 1469 1926 lovco

130 1968 202 2052 lovi,
232 1970 316 2033 iaveo
340 1972 413 2057 lavi,
443 1991 548 2036 moveo
572 1975 665 2056 movi,
694 1992 789 2056 paveo
813 1975 881 2054 pavi
905 1972 952 2035 vei
977 1971 1137 2056 [expaveo]
1162 1975 1281 2057 expavi,
1310 1973 1375 2035 lavo
1404 1973 1471 2056 lavi,

94 2091 117 2134 1⁵
130 2079 200 2142 iuro
223 2081 300 2165 iuri,
323 2083 423 2144 servio
447 2085 570 2165 servivi3
598 2083 734 2164 exceptis
759 2081 857 2143 lambo
881 2081 1015 2162 lambiri,
1038 2081 1138 2145 ambio
1158 2080 1269 2144 ambivi
1291 2100 1326 2143 ac
1351 2081 1471 2166 talibus,

204 2259 219 2310 1
239 2252 371 2312 dedimus
386 2257 448 2313 ΑΒ
462 2256 616 2329 didicimus
631 2255 671 2312 0⁴
710 2255 858 2312 vdiseedo
872 2256 923 2315 ςΔ
938 2254 1072 2314 discendo
1088 2253 1265 2312 edocendo
1280 2255 1309 2310 Β
1364 2261 1380 2312 8
1401 2256 1472 2312 obeo

130 2333 272 2392 cucumeo
282 2335 392 2408 Carrio,
402 2337 475 2395 abeo
485 2337 627 2395 circumeo
638 2334 732 2393 ΔΒΟ
750 2371 753 2376 ·
766 2335 890 2394 arbilror
902 2336 1148 2393 scribeudseliem
1158 2336 1474 2409 deponendabmubam

129 2414 158 2471 Β
175 2415 301 2474 arbitror
319 2417 471 2476 scribenda
484 2421 514 2474 el
532 2417 706 2492 deponentia
720 2419 831 2474 mutum
845 2419 873 2474 Δ
893 2418 1016 2475 arbitror
1037 2416 1188 2474 scribenda
1202 2433 1264 2473 esee
1283 2417 1472 2490 depulsurum

130 2499 210 2566 (corr.
227 2497 347 2556 -undum
361 2501 387 2570 e)
402 2501 484 2556 mutu
499 2497 524 2556 0
569 2507 585 2556 o
600 2497 707 2570 quippe
721 2497 828 2570 regulis
845 2497 921 2570 qu')
934 2498 1041 2572 regulis
1055 2499 1083 2554 Α
1098 2501 1273 2571 quapropter
1286 2497 1393 2570 regulis
1407 2497 1436 2554 Β

132 2580 212 2637 reret
227 2581 309 2648 (corr.
321 2579 446 2652 etiamsi)
463 2582 493 2636 iu
508 2580 596 2637 uerbo
610 2582 639 2650 (o
652 2581 721 2650 roe.)
736 2579 765 2636 Β
780 2580 834 2637 etei
848 2580 879 2636 iu
894 2580 989 2637 uerbis
998 2581 1026 2634 A
1042 2584 1079 2636 δοῖ
1089 2579 1120 2634 in
1135 2579 1265 2636 uerbisO
1316 2580 1472 2637 innomine
1486 2611 1490 2618 ·

131 2658 252 2718 sueno
292 2660 526 2718 sammilluuiB
569 2661 742 2734 trjexpareo
753 2677 804 2719 ora.
814 2660 843 2715 Β
887 2667 920 2718 15
935 2661 1033 2719 lambo
1041 2660 1132 2718 lambi
1142 2659 1238 2718 ambio
1247 2659 1356 2718 ambibi
1367 2660 1472 2717 Alam-

131 2740 179 2797 bio
193 2741 314 2799 lambibi
328 2743 426 2800 ambio
441 2743 550 2800 ambibi
564 2743 592 2800 Β
607 2742 703 2800 lambo
718 2741 837 2800 lambibi
853 2742 949 2800 ambio
964 2740 1075 2800 ambibi
1089 2741 1118 2800 0.
1136 2742 1219 2812 ‘forte
1234 2741 1358 2799 cembio'
1370 2741 1472 2798 Carrio

597 3014 786 3072 Muerrrut
804 3013 853 3070 DE
876 3015 897 3071 B
917 3013 964 3070 ΕΤ
984 3013 1009 3069 V

135 3181 292 3266 scribitur,
326 3136 453 3266 excepto
489 3183 603 3266 baiolo,
637 3183 730 3247 bullio
759 3175 925 3264 dvuupdoi
957 3185 1047 3244 etiam
1078 3184 1161 3245 iuxta
1194 3201 1283 3264 quam
1314 3185 1346 3244 iu
1376 3185 1472 3268 prima

135 3293 290 3354 nominum
314 3290 354 3355 bu
375 3291 486 3374 syllaba
513 3291 652 3355 dedimus
677 3295 839 3376 rationem,
863 3291 933 3353 bibo
957 3308 1078 3372 quoque
1103 3300 1229 3373 propter
1247 3290 1473 3370 discretionem,

135 3409 164 3462 et
187 3399 263 3463 abeo
287 3398 363 3462 obeo
388 3399 483 3462 subeo
507 3418 541 3461 ac
566 3399 674 3463 similla
697 3401 956 3482 praepositionum
980 3399 1089 3482 gratia,
1113 3398 1245 3461 arbitror
1267 3402 1357 3462 etiam
1381 3399 1472 3480 depo-

135 3526 210 3572 nens
233 3508 254 3571 b
277 3518 390 3572 mamm
415 3509 446 3570 in
471 3510 621 3590 scriptura
646 3516 752 3572 tenere
776 3527 851 3572 usus
875 3516 905 3571 et
929 3505 1118 3568 consuetudo
1142 3510 1310 3590 antiquitus
1335 3506 1472 3587 tradidit3
1529 3503 1533 3509 “

109 3615 281 3700 aronqnas,
311 3626 344 3680 ut
367 3617 448 3679 vires
472 3617 642 3700 sufficiunt,
671 3635 729 3680 una
755 3616 857 3698 regula
886 3616 1069 3697 generaliter
1091 3625 1222 3680 tractare
1247 3615 1471 3698 temptabimus,

134 3727 245 3806 quippe
275 3724 389 3806 regulis
418 3714 448 3788 in
478 3724 652 3788 nominibus
680 3725 757 3787 datis
786 3725 882 3786 drmis
911 3723 1116 3808 manentibus,
1145 3727 1236 3788 etiarn
1265 3729 1292 3788 si
1320 3728 1351 3788 iu
1381 3721 1472 3786 verba

134 3832 311 3914 figurantur.
349 3843 384 3895 ut
406 3833 487 3895 enim
507 3832 598 3895 verba
617 3837 647 3896 in
668 3851 778 3896 nomen
798 3833 888 3895 ducta
907 3831 1070 3895 verborum
1092 3833 1212 3914 regulas
1236 3851 1298 3896 nou
1322 3835 1472 3910 amittunt,

134 3941 174 4002 ita
202 3941 324 4003 nomina
354 3940 421 4003 loco
450 3942 548 4022 posita
572 3939 735 4003 verborum
758 3942 874 4022 origine
899 3939 1073 4021 regularum
1097 3959 1201 4004 carere
1227 3961 1287 4004 nou
1317 3948 1472 4024 poterunt.

150 4072 155 4080 ·
225 4046 307 4131 Ergo
330 4051 357 4111 si
380 4059 500 4131 tempus
524 4051 722 4130 praeteritum
743 4047 823 4110 modi
847 4047 999 4111 indicativi
1019 4051 1051 4111 in
1070 4051 1099 4112 vi
1123 4051 1331 4112 terminaverit
1350 4047 1471 4130 syllaba,

100 4169 122 4209 1⁰
136 4155 235 4219 media
259 4165 350 4238 atque
370 4157 474 4221 ultima
493 4154 605 4244 syllaba
629 4174 777 4238 personae
800 4158 915 4238 primae
936 4159 1081 4238 temporis
1105 4159 1246 4221 instantis
1271 4175 1325 4240 per
1345 4175 1363 4216 v
1386 4174 1472 4218 voca·

133 4263 193 4328 lem
222 4263 291 4327 loco
315 4266 443 4347 positam
466 4265 661 4328 consonantis
685 4263 872 4347 scribentur,
903 4283 938 4326 eo
963 4265 1043 4345 quod
1068 4283 1156 4327 omne
1181 4267 1379 4346 praeteritum
1403 4282 1471 4346 per·

133 4372 250 4436 lectum
269 4375 297 4436 vl
316 4373 428 4456 syllaba
451 4363 646 4436 terminalum
671 4382 792 4454 praeter
811 4371 873 4435 bibi
897 4390 988 4455 perv
1012 4371 1182 4455 digammon
1207 4373 1361 4455 scribitur,
1385 4373 1471 4435 loreo

135 4480 322 4572 tamtam
346 4483 418 4567 lavi,
443 4501 549 4546 moveo
573 4483 665 4564 movi,
689 4474 874 4564 pareo'pavi
898 4479 945 4542 vel
969 4483 1087 4565 expavi,
1115 4480 1180 4544 lavo
1205 4480 1277 4566 lari,
1307 4483 1376 4544 iuro
1401 4483 1471 4567 iuvi,

228 4665 362 4722 tbeiulo
380 4665 519 4722 Pbaiolo
537 4664 572 4720 N
635 4658 777 4734 donenaldi
797 4683 848 4722 ona.
870 4665 898 4720 P
963 4663 1118 4742 uebabm
1138 4665 1210 4721 obeo
1224 4695 1259 4706 —
1279 4666 1298 4721 b
1317 4669 1428 4723 mutum
1448 4665 1476 4720 P

135 4745 222 4802 labeo
240 4746 314 4803 obeo
333 4748 421 4804 subeo
445 4749 476 4803 eb
498 4745 604 4802 similia
626 4745 852 4816 propositionum
875 4745 969 4818 gralia
991 4746 1042 4800 dvo
1066 4757 1195 4815 manuae
1218 4746 1354 4804 arbitror:
1384 4750 1471 4806 eliam

137 4826 282 4899 deponens
296 4828 504 4900 perbmubuur
523 4827 557 4883 N
608 4826 849 4897 dlempievimus
862 4828 933 4883 ΝΡ
985 4825 1143 4882 ideduelu
1161 4825 1190 4882 P
1241 4832 1433 4900 epoluerunt
1447 4831 1476 4884 P

173 4909 240 4965 eiu
258 4924 311 4965 orn.
332 4906 362 4963 P
435 4914 467 4964 12
487 4905 635 4980 scribitur]
655 4905 818 4964 scribuntur
835 4909 875 4978 N,
895 4925 945 4966 ora.
966 4908 995 4965 P

1197 5003 1252 5056 13*
