3616 5482
337 348 403 417 120
914 351 1093 412 senonen

336 465 357 504 p.
373 454 434 496 roro.
449 455 474 497 u
488 453 514 495 a.

336 535 527 623 ‘optimum
556 558 735 624 quemque
763 544 799 606 in
827 545 979 626 primam
1007 545 1120 607 aciem
1148 541 1351 610 subduxit'.
1394 541 1459 610 ‘me
1488 549 1534 610 tui
1555 543 1668 629 pudet'

336 648 409 734 dicit
442 659 473 714 et
504 669 595 733 quem
624 650 662 714 de
693 651 818 716 alterius
850 654 929 717 lacto
959 653 1054 737 pudet
1084 663 1115 718 et
1146 673 1237 738 quem
1267 654 1305 718 de
1338 673 1408 719 suo:
1442 654 1604 720 Terentius
1634 657 1669 719 in

335 757 479 842 Adelphis
507 758 564 824 sub
593 759 694 824 verbis
717 760 858 824 Aeschini
887 757 966 826 ‘tabl
995 781 1075 826 eum
1102 763 1216 846 pudet
1243 766 1341 846 patri
1369 783 1440 828 non
1469 774 1552 829 ante
1581 783 1669 828 con·

336 855 498 956 iessum’.
531 868 693 933 discrimen
707 867 878 950 periculum
897 870 944 933 vel
963 871 1130 935 diversitas.
1163 872 1280 936 reditus
1300 883 1459 955 regressus
1474 874 1521 938 vel
1538 873 1669 938 lucrum.

336 995 498 1060 supremus
539 996 676 1041 summus
709 987 740 1042 et
756 977 900 1067 *ultimus
930 990 961 1042 et
996 981 1186 1062 superiorem
1218 992 1249 1044 ct
1281 980 1458 1044 interiorem
1489 983 1668 1065 significant.
1703 999 1718 1041 s

337 1086 430 1150 altum
459 1095 490 1150 et
518 1085 600 1168 quod
628 1103 750 1150 sursum
779 1096 827 1151 est
854 1096 886 1151 et
914 1087 996 1170 quod
1023 1088 1175 1154 deorsum.
1217 1089 1324 1173 proctd
1352 1099 1383 1154 et
1406 1089 1494 1173 longe
1518 1100 1549 1155 et
1570 1111 1668 1175 prope

336 1195 497 1276 significat:
519 1191 662 1276 Virgilius
1126 1252 1133 1264 ,

771 1306 891 1388 clipeo
915 1316 973 1371 est
996 1325 1149 1372 excussa
1174 1307 1310 1391 [sagitta]
1335 1308 1540 1391 proculque

499 1415 687 1496 egregium
709 1414 883 1480 dotorem
906 1421 1006 1480 lotus
1030 1421 1131 1481 inter
1154 1426 1190 1482 et
1212 1421 1281 1480 ilio
1301 1416 1405 1495 [iacit.

336 1522 495 1586 damnatus
519 1531 550 1599 et
573 1522 710 1586 addictus
734 1531 766 1586 et
789 1523 959 1588 absolutus:
983 1525 1063 1588 idem
1086 1524 1229 1608 Virgilius
1687 1545 1717 1583 ιο

499 1650 604 1714 quem
627 1632 773 1696 damnet
796 1631 898 1696 labor
921 1643 983 1698 aut
1006 1652 1076 1715 quo
1099 1644 1227 1718 vergat
1250 1633 1413 1717 pondere
1437 1634 1564 1718 letum,

336 1741 366 1804 id
391 1751 438 1804 cst
457 1759 548 1823 quem
566 1743 664 1804 virtus
684 1759 738 1804 sua
757 1739 891 1804 absolvat
909 1750 962 1805 aut
979 1744 1126 1805 rictorem
1144 1742 1243 1805 iaciat.
1281 1760 1447 1826 numquam
1466 1746 1546 1807 enim
1566 1753 1670 1808 tantus

335 1857 442 1913 auctor
469 1849 502 1912 in
530 1846 647 1913 duabus
675 1847 804 1912 diversis
827 1849 964 1914 lancibus
993 1869 1083 1913 tunam
1112 1869 1179 1913 rem
1211 1849 1356 1937 ponebat,
1389 1855 1570 1935 praesertim
1598 1871 1669 1916 cunr

335 1961 545 2041 interponeret
563 1952 638 2021 ‘aut'
658 1960 904 2024 coniunctionem
922 1959 1142 2024 disiunctlvam
1180 1960 1262 2024 idem
1280 1963 1346 2044 ipse
1365 1961 1422 2025 allo
1444 1957 1449 2042 Ι
1469 1961 1535 2025 Ιοοο
1556 1957 1669 2026 ‘dam-

337 2066 440 2131 nabis
468 2076 506 2131 tu
535 2086 681 2150 quoqne
710 2063 832 2132 rotis'.
877 2071 957 2132 sicut
985 2071 1046 2132 voti
1074 2087 1144 2132 reos
1173 2069 1304 2153 dixerat,
1334 2072 1376 2133 itu
1406 2079 1438 2133 et
1467 2068 1666 2133 absolvendos
1685 2055 1712 2128 rs¹

336 2176 418 2240 dixit
460 2175 543 2240 unde
572 2186 603 2240 et
630 2179 662 2240 in
690 2179 757 2240 iure
786 2173 921 2242 ‘damnas
948 2187 1015 2242 esto
1043 2173 1161 2260 legato'
1189 2177 1316 2262 dicitur,
1348 2178 1406 2241 lroc
1435 2187 1482 2241 est
1510 2173 1671 2241 ‘solvendo

336 2279 432 2370 esto',
461 2285 541 2366 quod
569 2285 644 2349 solvi
672 2285 812 2349 omnihus
841 2285 938 2348 modis
961 2303 1087 2350 necesse
1115 2297 1176 2370 est,
1204 2288 1321 2350 etiamsi
1345 2303 1395 2348 res
1423 2286 1541 2367 legatur
1556 2286 1671 2350 aliena.

336 2396 368 2456 in
397 2395 582 2477 praepositio
613 2397 773 2477 utriusque
804 2413 908 2479 casus,
937 2413 1007 2459 cum
1034 2397 1066 2458 in
1095 2394 1230 2478 loquelas
1258 2397 1381 2478 transit,
1411 2394 1444 2457 dt
1472 2397 1562 2457 etiam
1591 2413 1672 2458 corn-

337 2505 439 2566 muuis
473 2502 654 2566 intellectus.
702 2521 771 2566 nana
810 2514 840 2568 et
878 2507 951 2568 satis
983 2513 1015 2568 et
1047 2521 1159 2587 parum
1191 2511 1222 2566 et
1257 2503 1370 2567 iactum
1402 2503 1515 2587 aliquid
1546 2513 1578 2566 et
1609 2523 1671 2567 non

337 2613 450 2674 lactum
480 2612 646 2696 significat,
674 2615 754 2676 sicut
782 2615 923 2695 inpotens
947 2623 978 2676 ct
1000 2614 1155 2676 intractus.
1209 2612 1303 2676 latere
1331 2622 1362 2677 ct
1392 2610 1574 2677 absconsum
1603 2631 1671 2675 esse
1687 2632 1718 2674 so

337 2719 450 2802 aliquid
490 2719 621 2783 dicimus
659 2728 690 2784 et
727 2721 786 2785 late
822 2729 941 2802 patere:
979 2719 1121 2803 Virgilius
1160 2716 1213 2785 ‘et
1250 2732 1354 2787 scuta
1391 2721 1545 2785 latentia
1585 2739 1673 2784 con·

337 2823 441 2892 dunt'
478 2837 509 2892 et
543 2822 664 2891 ‘torva
695 2829 812 2892 solum
843 2828 910 2892 suls
946 2830 1069 2892 ironte
1104 2826 1269 2895 latebat'.
1324 2829 1509 2895 horrendum
1543 2829 1672 2893 dicimus

340 2981 557 2992 ...nu—-

428 3059 546 3132 adicit]
566 3057 624 3115 dici
643 3075 713 3116 corr.
728 3057 850 3116 dicimus
867 3056 901 3128 O,
920 3073 972 3116 om.
990 3057 1028 3113 Μ
1098 3057 1250 3116 Terentius
1266 3089 1299 3100 -
1320 3058 1467 3132 Aeschini]
1488 3059 1517 3115 in
1536 3057 1674 3129 adelpho·

338 3159 401 3196 rum
419 3139 499 3197 libris
518 3139 656 3198 terentius
670 3140 723 3195 sub
738 3137 834 3196 uerbis
849 3137 976 3195 seschiui
996 3139 1035 3194 Μ
1052 3138 1150 3196 Cicero
1168 3141 1199 3197 in
1218 3140 1318 3198 adelfio
1336 3140 1389 3197 sub
1408 3139 1505 3196 uerbis
1522 3139 1677 3196 aesceniG

338 3221 436 3280 Cicero
460 3221 490 3278 in
513 3221 702 3295 adelphorum
724 3221 777 3277 snb
802 3219 897 3276 uerbis
921 3219 1034 3277 sesceni
1056 3220 1097 3276 B:
1129 3221 1236 3277 Terent.
1261 3222 1379 3292 Adelph.
1404 3220 1492 3277 IIII
1513 3225 1541 3289 5,
1563 3225 1600 3276 49

338 3303 528 3360 4ἀίοοῐίωοιι
546 3333 581 3346 ·-
599 3303 710 3360 lucrum
728 3319 781 3360 em.
800 3301 870 3371 ΒΟ,
889 3303 954 3358 odd.
976 3304 1015 3358 Μ
1105 3309 1122 3371 p
1146 3301 1290 3374 significat
1309 3301 1410 3358 ΜΒΟ
1499 3308 1514 3357 7
1535 3301 1674 3374 Virgilius

338 3401 388 3440 ooo.
407 3383 490 3453 ΜΒ,
510 3387 574 3444 odd.
592 3384 616 3441 0
687 3392 704 3442 8
723 3385 817 3458 clipeo
832 3401 951 3441 excussa
965 3384 1072 3456 sagitta
1085 3384 1240 3457 proculque
1256 3384 1295 3440 M
1312 3383 1404 3455 clipeo
1422 3387 1553 3453 (excussa
1567 3385 1631 3441 odd.
1648 3388 1673 3454 ο)

339 3465 448 3539 sagitta
466 3465 566 3537 procul
586 3465 610 3522 G
630 3465 735 3538 Glepeo
755 3469 800 3523 est
817 3481 934 3523 excussa
953 3465 1061 3539 οοςίὶῒο
1077 3466 1234 3539 proculque
1252 3465 1293 3522 B:
1319 3466 1397 3538 Verp.
1413 3467 1483 3522 Aen.
1500 3465 1531 3521 X
1545 3471 1601 3523 777

340 3555 356 3603 o
376 3549 524 3623 Anionem]
545 3551 690 3606 nutarent
707 3549 736 3606 Β
755 3551 928 3606 Antenorem
949 3547 987 3601 Μ
993 3545 1017 3602 0
1087 3546 1162 3602 laius
1178 3577 1211 3589 -
1227 3547 1290 3603 lixit
1308 3563 1359 3604 oso.
1377 3547 1445 3604 ΜΒ
1452 3547 1482 3616 0,
1502 3547 1600 3618 adalp

341 3639 374 3687 10
393 3631 544 3696 damnatus
559 3635 589 3688 et
602 3630 732 3688 addictus
748 3633 778 3688 et
791 3631 938 3689 absolutus
954 3631 993 3685 Μ
997 3646 1011 3686 ο
1029 3629 1168 3700 dampnet
1187 3630 1216 3684 ei
1234 3627 1324 3685 addai
1343 3630 1373 3685 et
1391 3627 1539 3685 absolutus
1555 3627 1579 3684 0
1595 3627 1675 3683 dam·

340 3716 423 3768 notus
443 3715 471 3770 ei
495 3712 624 3770 addictus
643 3717 673 3770 et
695 3711 811 3768 additus
834 3713 865 3769 ei
888 3711 1035 3769 absolutus
1053 3710 1082 3766 Β
1194 3715 1225 3764 11
1247 3711 1343 3783 quem]
1370 3709 1418 3781 qni
1436 3708 1479 3764 Β.·
1503 3708 1582 3782 Vere.
1602 3711 1674 3765 Aet.

342 3793 417 3849 XII
432 3798 489 3851 727
562 3797 613 3849 ant
631 3810 688 3864 quo
703 3795 805 3866 vergat
822 3793 947 3865 pondere
962 3793 1052 3850 tetum
1066 3808 1117 3849 ooo.
1132 3790 1170 3860 Β,
1189 3794 1240 3847 aul
1259 3808 1316 3862 quo
1330 3793 1430 3864 uergat
1445 3790 1569 3862 pondere
1584 3805 1636 3846 om.
1652 3789 1678 3846 0

397 3875 500 3948 ledum]
519 3875 628 3930 loetum
649 3875 686 3930 Μ
692 3874 716 3929 0
799 3880 833 3930 ln
852 3874 883 3929 id
902 3873 957 3946 est]
977 3873 1059 3930 adest
1077 3890 1148 3932 corr.
1168 3875 1205 3931 ol.
1224 3891 1259 3930 nr.
1279 3873 1310 3928 id
1329 3877 1374 3930 est
1391 3872 1419 3928 B
1494 3871 1626 3928 absoluat
1645 3876 1676 3928 et

341 3954 481 4012 uictorem
502 3955 540 4010 M
629 3957 726 4011 lentus
746 3956 846 4011 auctor
864 3972 915 4014 om.
934 3955 993 4011 Rc
1085 3962 1118 4011 14
1137 3954 1348 4027 disiunctiram]
1369 3951 1555 4010 distantium
1574 3952 1602 4008 B

341 4035 500 4109 damnabis]
527 4035 606 4108 Verp.
626 4037 713 4093 bucol.
734 4042 761 4104 5,
780 4043 818 4094 80
884 4043 918 4093 15
938 4037 1012 4111 reos]
1033 4055 1096 4095 reos
1116 4039 1154 4093 M
1223 4035 1412 4093 absolueudas
1431 4033 1460 4089 Β
1536 4039 1568 4090 16
1587 4033 1673 4109 dixit]

340 4116 496 4175 dixerunt)
584 4121 615 4175 et
638 4118 668 4174 in
691 4117 751 4174 iure
772 4119 811 4173 Μ
833 4120 862 4173 ei
880 4117 941 4174 iure
959 4117 1019 4174 Bc
1107 4119 1244 4175 damnans
1264 4117 1351 4174 istum
1371 4118 1432 4172 esto
1451 4115 1573 4187 ligatum
1592 4119 1673 4184 (corr.

340 4199 480 4272 legatum)
500 4199 606 4256 dicitur
624 4201 679 4256 hoc
698 4201 741 4256 esi
759 4199 894 4256 soluendo
910 4201 972 4258 esto
990 4200 1078 4257 isium
1092 4198 1169 4271 quod
1185 4199 1223 4255 Μ
1241 4198 1359 4255 mornas
1374 4203 1434 4255 esto
1453 4198 1586 4270 legumen
1604 4195 1674 4251 dioi-

341 4284 387 4338 iur
410 4280 466 4338 hoc
485 4285 528 4338 est
547 4281 685 4338 soluendo
705 4283 765 4336 esto
793 4281 869 4350 qnod
887 4281 916 4336 Β
940 4281 1112 4353 dampnatus
1132 4285 1193 4338 esto
1218 4279 1328 4353 legibus
1348 4279 1453 4335 dieitur
1472 4282 1503 4335 et
1521 4275 1674 4333 soluendus

342 4365 402 4418 esto
418 4361 535 4434 qnodO
606 4369 640 4420 17
660 4362 773 4419 etiamsi
791 4377 835 4418 res
854 4361 963 4432 ligatur
976 4361 1023 4417 nel
1043 4361 1138 4434 agiam
1152 4361 1199 4418 uel
1218 4361 1341 4419 soluitur
1355 4359 1461 4430 ulieuo,
1480 4360 1528 4416 sed
1541 4360 1635 4416 deletis
1648 4378 1674 4417 o.

341 4445 387 4500 nel
407 4444 549 4516 agitant]
627 4443 753 4518 legatur]
772 4443 881 4514 ligatur
898 4442 927 4497 Β
1010 4449 1043 4498 18
1063 4442 1202 4515 loquelas]
1223 4441 1383 4513 loquelaO
1458 4441 1502 4513 fit]
1523 4441 1604 4496 sito

344 4532 376 4582 te
397 4543 462 4582 nam
482 4526 528 4583 nel
547 4529 578 4583 et
596 4527 665 4584 sotis
683 4525 742 4582 ΒΟ
821 4523 999 4596 aliquidaut
1018 4541 1074 4580 non
1093 4525 1200 4581 iactum
1221 4522 1245 4579 0
1261 4522 1370 4594 aliquid
1388 4521 1436 4578 uel
1454 4522 1531 4594 quod
1550 4525 1600 4579 out
1619 4542 1674 4580 non

342 4607 449 4664 lactum
468 4607 495 4662 Β
569 4615 605 4665 10
624 4609 766 4682 impotens
787 4607 826 4663 Μ
896 4603 1043 4662 imiraoius
1062 4605 1107 4676 Μ,
1126 4604 1250 4660 infactus
1269 4619 1339 4659 corr.
1358 4602 1526 4659 iniectusG
1591 4609 1624 4660 21
1646 4611 1675 4662 ei

342 4739 383 4798 oid
397 4741 537 4798 alaieniia
555 4743 681 4800 candnni
699 4743 742 4799 Br
762 4741 841 4814 Vcrp.
856 4743 926 4798 Aen.
943 4741 1006 4795 ΙΙΙ
1023 4746 1082 4798 23⁷
1174 4747 1209 4797 22
1228 4743 1311 4796 torua
1328 4739 1357 4794 Β
1376 4699 1462 4797 cirne
1477 4739 1502 4796 0
1517 4757 1605 4797 curua
1625 4742 1672 4800 M:

348 4822 427 4894 Verp.
447 4825 518 4880 Aere.
539 4824 603 4880 III
620 4830 677 4882 636
733 4824 785 4880 sub
804 4823 908 4896 nonis]
929 4822 1066 4879 suffronio
1084 4822 1112 4878 Β
1181 4819 1328 4878 horridum
1346 4820 1467 4878 dicimus
1485 4821 1673 4894 despicabile:

342 4903 516 4962 horrendum
535 4905 733 4963 admirandum
748 4923 771 4978 p
