3616 5482
630 300 681 358 DE
700 301 995 360 ORTHOGRAPHIA
1437 305 1481 372 87

142 489 301 552 codicibus
329 492 450 551 correxi
479 488 525 551 rel
556 490 701 574 supplevi.
751 511 786 553 ex
820 492 867 554 his
896 501 998 553 arrum
1027 493 1058 553 in
1088 493 1185 573 Capro
1217 495 1350 574 primum
1382 492 1483 556 locum

143 606 229 660 tenet
254 597 349 660 codex
374 593 442 660 330
465 590 537 682 (B),
565 601 596 660 in
620 601 769 681 Agroecio
793 600 888 662 codex
912 595 980 660 432
1003 591 1076 683 (B),
1100 599 1268 663 secuudum
1298 605 1327 663 in
1353 611 1484 684 utroque

142 708 339 788 grammatico
371 705 465 769 codex
498 703 563 770 338
594 700 661 790 (C).
706 716 737 770 et
768 711 798 769 in
830 706 920 790 Capri
952 708 1074 788 quidem
1105 706 1191 770 libris
1222 727 1291 770 curn
1320 708 1485 772 Beruensis

143 812 239 876 codex
259 810 326 876 330
345 817 472 877 maxime
498 814 649 876 diversam
672 835 689 876 a
709 815 973 896 blontepessulano
998 819 1209 878 recensionem
1234 815 1384 898 exhibeat,
1408 815 1484 880 alter

141 921 307 984 Bernensis
331 923 464 986 medium
489 922 639 1005 quendam
663 925 745 986 inter
764 935 929 1006 utrumque
949 924 1049 988 locum
1068 933 1161 988 tenet.
1200 925 1253 988 sed
1274 924 1355 988 idem
1373 933 1479 1007 postea

140 1029 179 1092 ab
207 1029 266 1093 allo
295 1031 417 1094 bomine
446 1033 487 1094 ita
517 1041 676 1095 correctns
705 1041 765 1115 est,
798 1043 833 1096 ut
861 1032 1042 1116 plerumque
1073 1033 1171 1096 deleta
1200 1037 1302 1116 priore
1332 1015 1484 1116 scriptura

141 1139 288 1202 lectiones
312 1139 437 1202 alterius
461 1142 649 1203 recensionis
673 1139 942 1204 substituerentur.
982 1143 1012 1203 in
1037 1141 1084 1204 his
1105 1143 1197 1223 igitur
1216 1141 1292 1205 locis
1311 1161 1382 1206 cum
1402 1152 1482 1208 utra

140 1266 200 1328 que
231 1250 383 1330 scriptura
414 1248 582 1313 adnotanda
611 1257 706 1332 esset,
738 1248 827 1311 modo
852 1249 1031 1330 simpliciter
1054 1249 1127 1329 quid
1146 1259 1320 1314 correctum
1343 1259 1426 1318 esset
1449 1253 1480 1314 in

139 1359 244 1441 priore
274 1357 424 1438 scriptura
453 1357 596 1440 indicavi,
624 1357 727 1440 modo,
755 1360 781 1419 si
805 1359 846 1420 ita
871 1355 1062 1420 commodum
1087 1375 1154 1420 esse
1179 1357 1351 1434 ridebatur,
1382 1357 1482 1422 addita

140 1464 286 1528 clittera
318 1482 352 1527 ea
381 1482 457 1545 quae
486 1467 654 1528 correctori
683 1464 834 1528 debentur
862 1484 878 1526 a
906 1469 1005 1548 prima
1034 1468 1185 1547 scriptura
1210 1466 1342 1530 distinxi.
1381 1469 1482 1528 omnin

138 1583 241 1636 tamen
274 1591 350 1655 quae
382 1583 518 1636 correcta
551 1591 618 1634 esse
650 1575 682 1636 in
712 1573 816 1636 codice
850 1571 979 1635 indicari
1013 1574 1066 1636 nni
1100 1583 1131 1635 et
1158 1575 1284 1655 antiquo
1312 1577 1481 1638 correctori

137 1681 282 1746 ridentur
312 1681 472 1744 tribuenda
501 1699 578 1744 esse.
627 1690 764 1745 ceterum
793 1680 867 1744 haec
898 1699 988 1744 manu
1017 1683 1202 1764 scriptorum
1231 1681 1378 1746 librorum
1408 1701 1479 1746 con·

137 1790 218 1852 dicio
243 1807 339 1871 quam
368 1790 430 1853 dixi
459 1789 560 1852 effecit
589 1785 762 1852 necessario
792 1797 826 1851 ut
856 1807 962 1870 magna
992 1797 1022 1850 et
1051 1807 1141 1870 saepe
1170 1790 1296 1854 moleste
1329 1793 1480 1854 variarum

138 1899 306 1961 lectionum
327 1901 413 1980 copia
432 1897 524 1960 editio
544 1899 759 1980 instrueretur,
779 1899 921 1979 quoniam
942 1916 1002 1960 non
1022 1895 1120 1960 solum
1146 1897 1338 1962 librariorum
1360 1917 1482 1962 errores

138 2005 307 2087 indicandi,
331 2005 382 2068 sed
400 2008 490 2068 etiam
507 2005 695 2068 diversarum
716 2009 929 2069 recensionum
944 2005 1091 2068 lectiones
1110 2014 1142 2068 et
1160 2008 1365 2087 posteriorum
1384 2025 1481 2088 gram-

140 2117 322 2177 maticorum
354 2116 536 2176 mutationes
565 2114 779 2197 proponendae
805 2124 901 2178 erant.
944 2133 979 2175 ac
1004 2131 1042 2176 ne
1066 2111 1196 2176 leviores
1220 2113 1343 2194 quidem
1368 2113 1480 2177 discre-

138 2207 258 2306 pantiae
294 2225 360 2286 sine
396 2208 505 2284 damno
541 2224 702 2304 praeteriri
733 2231 882 2304 poterant.
924 2220 1060 2298 similem
1093 2223 1240 2284 rationem
1275 2224 1305 2285 in
1340 2225 1480 2304 Agroecii

138 2331 218 2394 libro
238 2340 363 2394 secutus
382 2349 460 2412 surn,
484 2349 667 2412 quamquam
690 2333 716 2394 is
735 2350 791 2412 per
811 2349 844 2392 se
864 2329 990 2392 eandem
1009 2328 1195 2411 diligentiam
1216 2348 1276 2392 uon
1297 2330 1480 2410 requirebat.

141 2440 264 2503 codices
288 2449 390 2502 autem
414 2439 525 2521 quibus
549 2457 624 2502 usus
648 2457 717 2501 sum
740 2441 805 2521 ipse
837 2456 907 2500 rum
930 2436 1067 2499 Putschii
1092 2436 1223 2499 editione
1248 2437 1321 2500 olim
1345 2439 1480 2501 contule·

140 2568 215 2611 ram.
254 2552 285 2611 in
305 2548 570 2629 llontepessulano
593 2555 751 2630 praeterea
776 2546 902 2609 schedas
927 2545 1090 2628 Duebneri,
1113 2548 1165 2625 qui
1190 2563 1259 2608 eum
1289 2545 1424 2608 codicem
1448 2548 1479 2608 iu

140 2675 231 2720 usum
255 2655 454 2719 Lindemauui
479 2664 669 2738 excusserat,
692 2653 847 2738 habebam.
890 2672 984 2735 quare
1008 2656 1039 2714 in
1064 2652 1121 2714 hoc
1146 2653 1268 2734 quidem
1293 2653 1366 2716 nihil
1390 2672 1406 2716 a
1431 2672 1479 2716 me

138 2768 285 2828 omissum
310 2783 377 2826 esse
401 2773 484 2847 puto.
525 2765 568 2826 'iu
592 2762 742 2826 Beruensi
766 2759 833 2826 330
865 2779 985 2844 quoque
1015 2761 1196 2824 excutiendo
1228 2780 1325 2824 meam
1355 2781 1478 2843 operam

138 2872 306 2936 liberaliter
329 2871 480 2954 supplerit
505 2871 697 2935 ilermaunus
722 2870 872 2952 Hagenus.

231 2980 390 3043 Editnrum
414 2980 643 3062 exemplarium,
667 2983 697 3042 in
722 2979 833 3061 quibus
858 2979 889 3041 hl
914 2978 983 3042 libri
1006 2976 1104 3040 adhuc
1129 2978 1213 3040 valde
1238 2981 1376 3059 corrupti
1400 2978 1477 3042 lere·

137 3091 262 3174 bantur,
292 3107 361 3151 raro
393 3091 542 3151 rationem
577 3088 677 3150 habui.
723 3090 854 3170 primum
886 3096 986 3150 autem
1019 3085 1192 3148 Nicolans
1223 3084 1358 3147 lenson
1389 3084 1477 3168 Capri

78 3237 84 3246 ·
139 3200 250 3263 librum
282 3197 319 3260 de
351 3196 564 3278 orthographia
595 3205 626 3258 et
658 3195 771 3259 librum
802 3197 940 3275 Agroecii
978 3213 1038 3257 una
1069 3213 1140 3258 cum
1174 3193 1317 3256 Diomede
1348 3203 1379 3255 et
1412 3193 1477 3254 aliis

138 3308 342 3390 grammaticis
371 3305 465 3368 edidit
493 3303 627 3368 Venetiis
656 3305 737 3366 circa
766 3321 879 3366 annum
913 3298 1007 3364 1476.
1053 3304 1083 3364 in
1114 3319 1172 3382 qua
1197 3301 1328 3364 editione
1353 3299 1384 3362 lti
1408 3299 1477 3362 libri

139 3435 175 3478 er
207 3409 312 3478 cbdice
346 3414 447 3496 aliquo
481 3416 547 3476 eius
576 3413 765 3476 recensionis
799 3429 889 3492 quam
923 3409 1010 3473 uobis
1043 3409 1324 3491 llontepessulanus
1358 3427 1477 3492 reprae·
1553 3475 1555 3480 ,

139 3532 239 3586 sentat
263 3525 399 3605 expressi
423 3531 508 3604 sunt;
538 3520 590 3582 sed
616 3519 661 3582 vel
689 3522 761 3583 vitio
791 3520 904 3582 codicis
933 3519 979 3581 vel
1009 3517 1197 3599 neglegentia
1228 3517 1353 3581 editoris
1382 3519 1476 3600 pluri·

140 3634 197 3694 mis
230 3631 304 3694 locis
338 3631 427 3694 lectio
458 3638 602 3711 corrupta
636 3637 691 3692 est
739 3629 848 3690 deinde
883 3628 974 3691 iidem
1004 3625 1073 3688 libri
1104 3644 1164 3688 non
1199 3634 1312 3688 mutata
1346 3627 1475 3690 lectione

139 3759 209 3803 cum
249 3739 373 3820 reliquis
410 3740 629 3821 grammaticis,
672 3737 853 3818 quibuscum
898 3739 929 3798 in
966 3737 1104 3817 principe
1147 3733 1278 3797 editione
1321 3737 1476 3798 coniuncti

140 3857 241 3928 erant,
270 3849 390 3927 saepius
418 3849 541 3927 repetiti
570 3854 650 3908 sunt
696 3855 801 3926 postea
829 3843 1032 3906 Putschius
1060 3862 1097 3904 ex
1127 3841 1213 3904 libris
1236 3842 1413 3930 bongarsii,
1442 3853 1477 3907 ut

140 3960 194 4040 ait,
223 3956 281 4018 boc
311 3963 358 4018 est
386 3952 605 4036 Beruensibus,
634 3955 686 4034 qui
716 3961 780 4014 tum
809 3951 966 4033 Bongarsii
996 3961 1096 4034 erant,
1130 3969 1237 4012 novam
1266 3955 1476 4014 recensionem

140 4067 263 4147 pararit.
311 4069 434 4126 secutus
465 4069 567 4123 autem
591 4069 637 4122 est
664 4063 695 4122 in
725 4059 821 4142 Capro
853 4058 1039 4122 beroensem
1070 4059 1205 4122 codicem
1237 4055 1316 4141 330,
1348 4079 1384 4122 ex
1415 4079 1476 4140 quo

139 4173 274 4236 libellum
306 4171 344 4234 de
375 4167 475 4232 dubiis
506 4168 607 4232 verbis
634 4171 767 4252 primum
798 4167 905 4250 edidit,
934 4171 965 4231 in
996 4169 1143 4250 Agroecio
1176 4167 1360 4230 beroensem
1393 4166 1475 4251 4323

140 4281 193 4344 sed
222 4299 259 4342 ex
288 4281 380 4341 tertio
408 4259 537 4360 quoque⁸
563 4276 641 4339 libro
670 4273 736 4341 338
771 4276 918 4358 quaedam
948 4281 1072 4359 recepit.
1118 4276 1164 4337 his
1194 4278 1286 4356 igitur
1315 4275 1399 4339 libris
1423 4276 1474 4339 ad-

140 4390 243 4453 hibitis
268 4387 362 4450 multa
391 4405 467 4468 quae
497 4389 529 4450 in
557 4385 779 4467 antiquioribus
804 4385 987 4450 editionibus
1017 4391 1160 4465 corrupta
1184 4393 1271 4445 erant
1295 4384 1474 4469 emendarit,

140 4498 225 4580 plura
260 4507 360 4558 tamen
389 4495 575 4558 emendanda
613 4493 750 4575 reliquit,
793 4494 939 4575 quaedam
974 4511 1046 4554 vero
1074 4495 1164 4554 etiam
1197 4509 1274 4571 qnne
1308 4492 1380 4556 olim
1409 4513 1474 4555 rec-

141 4608 199 4668 tius
223 4604 304 4668 edita
333 4613 420 4666 erant
449 4605 594 4685 corrupit
642 4620 722 4664 nunc
749 4601 931 4666 lectionibus
955 4600 1093 4664 codicum
1118 4599 1333 4683 Berneusium,
1364 4600 1475 4682 quibus

140 4713 304 4776 Putschius
332 4731 406 4776 usus
435 4723 496 4796 est,
524 4711 688 4795 propositis
717 4710 897 4792 plerumque
926 4727 1003 4788 opus
1029 4726 1088 4768 non
1113 4709 1170 4768 luit
1194 4706 1268 4769 editi
1293 4708 1473 4790 exemplaris

141 4819 301 4885 lectionem
324 4820 467 4883 indicare,
506 4838 566 4882 non
591 4816 681 4880 nullis
706 4826 807 4881 tamen
830 4817 904 4880 locis
928 4815 1002 4877 utile
1027 4834 1094 4877 esse
1119 4814 1276 4879 videbatur
1300 4819 1378 4878 scire
1402 4816 1473 4897 quid
