3602 5482
650 353 948 412 ottrfloctttrttta
1403 347 1470 414 299

127 466 151 504 p.
167 455 281 498 ”bi-dd
294 453 319 496 1³.

128 549 190 605 tur.
238 538 336 603 Cerno
361 548 392 603 et
415 557 521 602 cresco
546 550 577 605 et
600 542 695 624 glisco
719 545 749 606 in
775 561 870 607 unum
894 542 1093 626 praeteritum
1115 534 1119 620 Ι
1140 539 1310 621 perlectum
1334 540 1470 621 veniunt,

129 649 212 731 quod
238 658 285 712 est
309 649 400 711 crevi.
438 650 529 730 cupio
553 654 652 734 cupivi
677 652 750 716 iacit
773 661 804 715 et
828 652 918 734 cupii.
959 649 1068 713 Casses
1092 649 1168 712 retia
1192 647 1336 712 dicuntur
1360 656 1391 710 et
1414 664 1470 730 per

128 758 191 820 duo
215 777 231 819 s
259 756 445 840 scribuntur.
493 757 648 842 Comedla,
677 763 810 824 carmina
839 778 916 843 quae
945 761 977 822 iu
1006 758 1150 821 conviviis
1180 764 1341 839 canuntur,
1372 773 1468 838 pere

128 865 308 948 simplicem.
346 865 498 928 Comhnro
518 885 661 950 comparo
681 886 830 952 compono
855 886 911 951 per
928 887 960 931 m
984 875 1015 930 et
1040 884 1099 930 non
1124 883 1180 948 per
1204 883 1233 928 n.
1272 867 1315 928 slc
1339 864 1468 947 compla-

97 991 198 1056 aceo,
227 985 446 1058 commoratus,
476 976 716 1060 comprehendo,
747 977 917 1040 commodat
945 986 976 1040 et
1004 974 1208 1057 commendet,
1242 975 1470 1056 computrescit,

127 1083 303 1166 complures
330 1103 387 1167 per
409 1103 439 1147 m
468 1083 627 1148 scribenda
657 1093 737 1148 snut
784 1084 917 1149 camelus
946 1103 1014 1168 per·
1029 1103 1123 1148 unum
1153 1082 1171 1144 l.
1217 1080 1288 1145 Celo
1317 1081 1411 1166 celas,
1439 1082 1468 1145 id

126 1201 176 1254 est
200 1191 367 1277 absconde,
392 1212 447 1276 per
471 1194 638 1277 simplicem
662 1214 696 1276 ις
718 1194 802 1257 caelo
821 1193 932 1276 caeles,
956 1213 1027 1257 cum
1050 1195 1202 1276 picturam
1227 1193 1391 1275 significet,
1414 1211 1470 1275 per

127 1320 164 1364 ae
187 1301 396 1384 diphthongon
418 1301 613 1366 scribendum
633 1312 688 1366 est.
728 1303 808 1366 unde
829 1304 938 1366 melius
961 1303 1149 1385 intellegitur
1168 1299 1286 1364 caelum
1312 1319 1328 1362 e
1352 1303 1470 1383 pletura

127 1410 264 1473 siderum
297 1428 388 1490 quam
418 1429 433 1472 e
463 1411 587 1475 celando
618 1401 796 1476 mortalibus
826 1430 933 1474 arcena
962 1401 1094 1475 dictum'
1138 1409 1225 1472 Circa
1255 1408 1291 1471 ed
1322 1408 1469 1472 visibilem

85 1535 113 1576 ιο
128 1521 286 1582 materiem
310 1519 356 1582 vel
380 1520 479 1582 locum
503 1521 644 1602 pertinet.
695 1539 767 1603 erge
791 1519 826 1582 ad
856 1522 989 1583 animum
1014 1528 1143 1603 spectat,
1172 1520 1301 1582 maxime
1325 1537 1395 1580 cum
1419 1517 1469 1580 ali-

129 1647 222 1709 quem
240 1631 471 1711 propensiorem
490 1630 632 1693 allectum
653 1639 778 1712 generet
798 1631 1016 1712 proximorum.
1046 1631 1161 1691 circum
1182 1627 1218 1690 ed
1238 1638 1359 1711 tempus
1375 1628 1469 1691 reler-

128 1748 188 1799 tur.
227 1739 271 1800 cis
295 1735 420 1799 localem
444 1737 535 1800 habet
554 1739 821 1823 significationem,
845 1749 879 1800 ut
902 1736 1078 1820 cisalpinam
1097 1735 1236 1820 Galliam3
1260 1745 1291 1800 et
1314 1757 1370 1820 pro
1390 1737 1469 1800 ultre
1529 1775 1533 1782 «

127 1847 291 1928 accipitur,
310 1853 345 1908 ut
364 1841 425 1908 ‘cis
445 1846 603 1923 definitum
623 1841 771 1930 tempus',
790 1846 847 1908 hoc
868 1854 915 1909 est
935 1845 1022 1909 ultra.
1056 1865 1091 1908 ex
1112 1864 1148 1908 ec
1168 1847 1259 1910 citra:
1278 1847 1354 1910 citra
1372 1865 1469 1928 paene

127 1953 256 2016 eandem
279 1953 528 2036 significationem
553 1953 644 2016 hebet
668 1972 758 2036 quam
782 1956 841 2037 eis,
872 1956 930 2017 nisi
954 1952 1035 2036 quod
1059 1955 1192 2037 propriis
1221 1953 1394 2016 nominibus
1426 1957 1471 2018 cis

86 2078 112 2118 re
129 2071 161 2124 et
189 2061 376 2144 appellativis
400 2065 475 2126 citra
500 2065 621 2144 saepius
650 2065 796 2144 praeponi
826 2061 916 2146 solet,
940 2065 984 2124 cis
1007 2061 1162 2143 Rhenum,
1192 2063 1235 2124 cis
1260 2061 1364 2146 Alpes,
1394 2065 1468 2126 citra

129 2171 239 2234 iorum.
277 2181 309 2234 et
333 2189 349 2232 a
373 2173 417 2234 cis
441 2173 530 2253 citra,
554 2191 570 2233 a
595 2173 671 2233 citra
695 2173 773 2233 citer
797 2171 922 2232 citerior
940 2171 1115 2246 citissimus.
1153 2171 1277 2233 circiter
1300 2168 1337 2233 ed
1361 2189 1465 2234 nume·

106 2297 199 2342 rum
223 2281 370 2360 pertinet,
394 2291 427 2342 ut
450 2281 575 2342 circiter
598 2278 703 2342 decem
734 2277 888 2340 horarum.
934 2277 1045 2341 Cercer
1074 2276 1127 2340 ubi
1156 2277 1295 2341 homiues
1325 2277 1470 2344 claudun·

127 2395 189 2470 tur,
217 2404 357 2450 carceres
382 2387 461 2450 unde
487 2386 649 2469 quadrigae
674 2397 796 2450 exeunt.
844 2385 931 2468 Cepit
959 2404 1013 2468 per
1037 2385 1205 2468 simplicem
1230 2405 1246 2449 e
1271 2405 1288 2449 a
1313 2390 1469 2471 capiendo,

127 2497 230 2577 coepit
264 2513 320 2577 per
347 2495 554 2578 diphthongon
587 2515 623 2560 oe
656 2496 694 2560 de
723 2495 906 2578 incipiendo.
957 2503 1064 2578 coepta
1098 2513 1155 2578 pcr
1183 2493 1393 2577 diphthongon
1422 2514 1469 2580 oe,

4 2681 18 2690 .‚
85 2617 113 2658 2⁰
129 2582 251 2684 incepta
280 2621 335 2686 per
363 2603 530 2686 simplicem
555 2624 581 2667 e.
629 2603 692 2668 Con
719 2604 920 2687 praepositio,
948 2605 974 2664 si
998 2602 1035 2665 ed
1060 2602 1150 2666 verba
1175 2623 1190 2664 a
1215 2601 1368 2667 vocalibus
1392 2607 1467 2668 inci·

126 2714 241 2792 pientia
260 2712 398 2796 accedat,
422 2732 441 2776 u
461 2722 680 2776 consonantem
704 2711 817 2795 perdit,
843 2721 878 2775 ut
896 2729 993 2793 aequo
1014 2729 1164 2795 coaequo,
1188 2731 1225 2774 eo
1245 2731 1319 2775 coeo
1343 2722 1375 2776 et
1399 2715 1468 2778 reli·

22 2827 26 2834 '
127 2839 201 2902 qua;
225 2824 252 2884 si
276 2830 377 2885 eutem
400 2821 436 2884 ad
462 2819 553 2884 verba
576 2839 593 2882 a
617 2819 767 2902 digammo
790 2822 980 2902 incipientia,
1004 2839 1066 2884 uon
1089 2821 1191 2903 perdit
1217 2840 1237 2884 n
1261 2822 1407 2909 litteram,
1424 2823 1469 2888 'nt

127 2928 196 2990 velo
219 2929 360 3013 convolo,
383 2932 471 2993 vinco
490 2933 648 2994 convinco.
685 2930 810 3012 Coquue
829 2932 920 3011 coqui
943 2931 1040 3012 prima
1065 2929 1179 3012 syllaba
1203 2949 1260 3012 per
1279 2951 1312 3015 c,
1336 2933 1468 2997 secunde

127 3055 184 3118 per
209 3055 228 3118 q
258 3037 467 3101 scribendum:
496 3057 556 3101 nou
585 3042 666 3102 euim
696 3039 825 3101 dicimus
854 3055 1026 3120 quoquere,
1054 3039 1107 3101 sed
1138 3057 1279 3121 coquere.
1326 3041 1463 3104 Coniunx

85 3144 297 3209 sesecundum
317 3147 482 3230 analogiam
500 3165 556 3230 per
576 3166 594 3208 n
620 3145 814 3210 scribendum
841 3155 900 3221 eet,
925 3145 978 3208 sed
1002 3145 1171 3228 euphoniae
1191 3166 1282 3210 causa
1308 3167 1327 3210 n
1352 3148 1468 3212 tollitur

126 3266 158 3318 et
187 3255 317 3320 dicimus
334 3259 465 3320 coniux.
518 3257 540 3319 C
569 3265 717 3340 sequente
747 3254 826 3317 ntvlla
852 3253 857 3336 1
885 3253 996 3318 vocalis
1024 3257 1185 3338 aspiratur,
1221 3265 1254 3319 ut
1283 3260 1363 3320 acies
1398 3279 1468 3322 ecce

74 3364 81 3377 '
125 3365 243 3428 oculus.
282 3362 408 3429 Caelebs
432 3369 484 3448 qui
504 3365 561 3428 sibi
585 3367 644 3428 iter
667 3365 738 3426 iacit
757 3363 793 3425 ed
813 3362 930 3427 caelum
950 3374 981 3426 et
1008 3364 1128 3427 caelebs
1152 3366 1328 3429 caelestium
1348 3368 1464 3431 ducens

126 3475 268 3536 vitamet
287 3474 500 3557 caelicola·qui
519 3473 636 3538 caelum
656 3472 736 3553 colit,
755 3481 789 3534 ut
809 3473 949 3556 angelus,
968 3473 1042 3536 haec
1063 3493 1097 3535 ee
1117 3474 1325 3556 diphthongon
1347 3475 1469 3542 habent.

128 3592 324 3664 coaetaneus,
358 3586 445 3666 quasi
477 3601 600 3664 compar
634 3582 754 3662 aetatis,
787 3598 842 3661 per
875 3599 909 3642 ae
945 3580 1164 3664 diphthongon.
1217 3581 1296 3645 Cedo
1326 3585 1423 3649 cecidi
1451 3607 1467 3650 a

88 3701 114 3743 ³⁰
128 3690 263 3753 cadendo
282 3711 338 3773 per
357 3711 388 3776 e,
412 3692 504 3756 caedo
524 3689 639 3754 caecidi
657 3708 673 3751 e
693 3689 891 3770 percutiendo
911 3708 967 3772 per
985 3708 1020 3752 ee
1040 3690 1264 3775 diphthongon,
1289 3693 1363 3756 cedo
1387 3699 1465 3759 cessi

219 3925 235 3975 3
256 3921 386 3978 comedia
405 3920 534 3978 carmine
553 3923 620 3976 eunt
638 3935 712 3990 quse
732 3947 765 3960 -
786 3917 945 3991 simplicem
964 3920 1099 3976 scribitur
1120 3921 1156 3975 M
1221 3924 1467 3994 acomprehendo

127 4001 281 4058 commode
299 4001 504 4073 computrescit
523 4000 706 4057 commendet
724 4015 874 4057 commune
893 4003 1053 4071 complures
1073 4003 1103 4056 et
1122 4001 1194 4057 telio
1214 4003 1252 4058 M
1319 4010 1335 4059 8
1354 4003 1467 4062 intelle·

126 4081 206 4150 gitur
226 4081 263 4136 M
280 4083 509 4156 intellegeturS
579 4086 613 4136 10
632 4079 758 4136 animum
782 4082 819 4137 M
836 4081 960 4137 animem
980 4081 1002 4136 S
1072 4088 1104 4136 11
1125 4081 1243 4138 affectet
1261 4091 1381 4156 generet
1399 4089 1435 4142 M

129 4169 161 4218 tt
182 4161 256 4218 eitra
270 4162 389 4220 eendem
404 4163 511 4236 quippe
527 4159 767 4234 significationem
784 4162 873 4218 hebet
887 4162 964 4232 quod
986 4162 1027 4220 cis
1042 4163 1099 4220 nivi
1117 4164 1193 4236 qnod
1212 4165 1333 4236 propriis
1346 4166 1467 4223 nomini·

126 4245 180 4299 bus
200 4245 231 4299 et
250 4244 434 4316 appelletinis
452 4243 566 4316 saepius
587 4241 625 4296 M
681 4247 715 4296 tt
733 4258 819 4313 quam
839 4241 879 4298 eis
900 4244 938 4299 M
955 4246 1032 4316 quod
1052 4245 1091 4302 cis
1107 4245 1157 4316 pS
1221 4253 1255 4302 te
1273 4245 1469 4304 citissimnsS

127 4323 290 4382 citeeeimue
312 4327 350 4382 M
367 4325 519 4398 oitimnsp
589 4324 627 4380 ed
647 4339 795 4380 nnmerum
816 4324 908 4380 solnm
927 4326 1053 4396 pertinet
1073 4328 1111 4384 M
1184 4332 1215 4383 11
1236 4325 1351 4382 circiter
1369 4326 1468 4385 decem
1526 4393 1532 4406 ,

127 4408 262 4462 bonerum
277 4409 329 4479 pS
352 4407 467 4465 circiter
490 4408 548 4466 trie
571 4407 652 4464 milis
676 4405 723 4460 uel
746 4405 860 4462 circiter
883 4407 1016 4463 horarum
1042 4408 1086 4466 de.
1106 4427 1132 4480 q.
1153 4427 1189 4464 m.
1212 4409 1247 4462 M
1274 4406 1387 4464 circiter
1406 4411 1468 4467 trec

130 4487 213 4544 miliat
229 4487 276 4544 vel
295 4489 410 4547 circiter
428 4491 561 4549 horarum
579 4489 680 4546 decem
700 4484 859 4543 Frontone
932 4493 968 4545 10
988 4488 1025 4544 ad
1043 4507 1096 4544 om.
1115 4489 1150 4558 S,
1174 4489 1238 4544 utet.
1256 4489 1323 4559 pM
1395 4496 1429 4546 11
1450 4509 1467 4547 e

129 4567 268 4640 dignmon
286 4569 354 4626 SM
415 4571 583 4642 incipientis
603 4571 640 4626 M
657 4567 821 4640 incipienda
840 4569 863 4624 S
926 4574 962 4625 11
982 4567 1110 4626 Coniunx
1129 4573 1283 4627 secundum
1303 4571 1467 4644 analogiam

128 4665 181 4720 per
196 4669 215 4705 n
234 4649 415 4708 scribendum
430 4655 474 4707 eet
491 4655 525 4707 ut
542 4651 665 4706 coniunx
683 4649 734 4706 sed
753 4649 913 4722 euphoniae
935 4651 972 4706 M
990 4651 1111 4708 coniunx
1131 4651 1246 4721 (coniux
1261 4651 1293 4718 S)
1312 4653 1467 4709 secundum

129 4731 298 4804 analogiam
316 4747 368 4804 per
386 4750 405 4786 n
424 4730 604 4789 scribendum
622 4733 667 4788 est
685 4730 844 4802 euphoniae
871 4733 916 4804 Sp
990 4738 1024 4789 aa
1049 4732 1170 4789 dicimus
1194 4732 1297 4789 coniux
1318 4733 1356 4788 M
1355 4752 1378 4804 p
1398 4732 1468 4791 dici·

131 4829 193 4867 mne
212 4811 337 4868 coinxS
397 4811 478 4867 nulla
497 4813 605 4869 uocelie
625 4814 767 4885 aspiratur
784 4814 832 4886 pS
851 4813 959 4871 uocalis
979 4813 1081 4871 melius
1100 4814 1243 4887 aspiratur
1263 4815 1301 4869 M
1364 4820 1398 4870 17
1418 4815 1466 4887 qni

131 4889 187 4948 iter
206 4891 263 4948 sibi
280 4890 352 4949 lacit
370 4893 409 4948 M
495 4894 660 4950 caelestium
679 4896 784 4952 ducens
804 4896 894 4952 uitam
909 4896 961 4966 pS
980 4895 1030 4966 qui
1049 4897 1203 4954 coelestem
1220 4895 1301 4954 ducit
1318 4894 1411 4954 uitem
1431 4899 1468 4954 M
