3590 5486
584 372 634 430 DE
654 371 952 432 onrfloonarffla
1372 371 1437 438 193

97 487 119 526 p·
134 475 198 518 2801.
212 475 225 516 8
239 473 265 515 P.

189 558 251 621 Vax
280 565 311 620 et
342 575 397 619 vex
426 565 457 619 et
485 539 547 622 vix:
576 577 670 624 uuum
701 559 909 645 tantummodo
938 577 1048 622 nomen
1082 577 1138 641 per
1167 577 1257 622 unam
1287 576 1439 640 quamque

100 667 243 750 syllabam
268 667 390 748 repperi
414 669 622 754 terminatum,
646 679 680 734 ut
700 673 784 734 vivax
804 669 891 732 vibex
912 668 1022 732 verbex
1045 670 1162 750 cervix,
1186 686 1316 749 quorum
1341 657 1439 730 media

100 795 156 859 per
179 774 199 838 b
224 784 349 858 mutam,
380 792 456 856 quse
485 795 557 838 vero
581 781 736 861 utrimque
760 779 807 842 vel
835 780 1026 842 extrinsecus
1050 785 1122 840 sunt
1151 795 1206 859 per
1229 796 1246 836 v
1276 771 1439 858 significari

100 885 305 966 cognovimus.
344 881 476 964 reliquas
501 883 538 947 ab
562 884 610 948 bis
634 875 872 950 consonantibus
895 887 1026 949 insertas
1045 885 1163 948 vocales
1187 885 1314 949 latinum
1338 887 1440 948 minus

73 990 225 1057 eadsoivit
254 992 417 1075 eloquium.
459 1012 494 1056 ea
523 1013 596 1057 vero
624 1012 755 1078 quorum
786 991 897 1058 solutio¹
921 997 1064 1077 superius
1088 995 1304 1078 compromissa
1333 1001 1381 1056 est
1409 995 1438 1054 in

99 1110 229 1166 tractatu
254 1104 396 1185 sequenti
418 1101 438 1164 b
462 1101 580 1166 litterae
605 1104 752 1168 trifariam
776 1105 807 1166 ln
833 1105 953 1166 nomine
977 1106 1160 1168 constitutae
1184 1122 1318 1186 congrua
1342 1101 1439 1165 derle-

99 1211 216 1274 ratlone
240 1212 393 1296 patefient
837 1211 839 1216 ’

164 1367 250 1436 VIII
278 1367 480 1438 EIVSDEM
504 1369 764 1438 ADAMANTII
787 1369 1014 1439 MARTYRII
1037 1369 1098 1438 DE
1122 1369 1151 1437 B
1175 1367 1371 1438 LITTERA

415 1478 668 1548 TRIEARIAM
691 1479 741 1548 IN
764 1479 943 1549 NOMINE
967 1479 1125 1549 POSITA

65 1629 88 1670 ro
191 1608 233 1672 De
265 1609 285 1672 b
314 1610 414 1674 littera
444 1612 591 1675 trifariam
619 1613 650 1674 in
681 1614 801 1674 nomine
830 1616 943 1696 posita,
970 1620 1117 1694 quantum
1140 1610 1349 1695 possibilitatis
1374 1612 1440 1690 luit,

37 1745 40 1755 ·
102 1717 298 1803 sufficienter,
319 1713 324 1802 Ι
345 1729 380 1783 ut
402 1727 491 1803 puto,
515 1721 719 1782 tractavimus.
758 1718 795 1782 eb
816 1722 960 1804 expositis
980 1721 1062 1782 enim
1082 1729 1164 1783 recte
1184 1721 1243 1782 iam
1262 1719 1439 1802 intellegere

102 1823 278 1909 munaus,
307 1827 407 1909 siquid
436 1831 556 1890 eveniet
584 1809 734 1890 dictorum
764 1831 985 1903 contrarium,
1005 1827 1047 1890 ibi
1082 1845 1211 1909 namque
1245 1828 1440 1891 considerare

102 1931 292 2017 debebimus,
321 1954 360 1998 ne
384 1933 496 2016 aliquid
525 1934 670 1996 dissimile
700 1934 793 1997 tuerit
815 1934 862 1998 rel
892 1955 1004 2019 genere
1028 1935 1074 1999 vel
1098 1954 1226 2000 numero
1251 1935 1441 2020 syllabarum,

193 2113 210 2162 2
231 2109 317 2165 niuax
336 2109 421 2166 albex
440 2108 546 2166 uerbex
564 2108 592 2164 B
612 2108 697 2164 mna:
717 2109 803 2167 uinex
816 2111 922 2166 uerbex
943 2110 967 2166 Ο
983 2111 1069 2167 niuax
1085 2109 1170 2168 uiuex
1185 2127 1290 2166 aeruca
1307 2111 1337 2166 A
1355 2110 1441 2166 ninas

103 2189 186 2246 nibex
204 2207 313 2246 ueruex
333 2190 434 2248 Carrio
506 2188 632 2246 mediam
651 2189 745 2246 ABG
760 2192 887 2248 medium
908 2189 1008 2248 Carrio
1086 2198 1103 2246 3
1121 2191 1267 2264 utrimque
1286 2193 1313 2246 A
1333 2194 1441 2247 atrum·

104 2287 163 2341 qne·
176 2268 237 2326 Bc
325 2277 343 2328 b
367 2270 502 2346 adscivit]
523 2270 661 2328 adscribit
678 2271 707 2327 B
730 2272 855 2330 abscidit
873 2271 933 2329 Ao
1021 2273 1051 2329 in
1074 2275 1200 2330 bauhta
1219 2272 1349 2344 sequenti
1368 2272 1403 2328 de
1422 2273 1442 2330 b

103 2351 200 2408 littera
217 2351 359 2410 hilarum
377 2352 409 2409 in
427 2354 542 2410 nomine
561 2353 657 2425 posita
675 2369 802 2425 congrua
820 2353 1011 2411 declinatione
1035 2353 1174 2426 patefient
1192 2369 1210 2414 ς
1283 2359 1300 2408 t
1324 2369 1441 2424 sequen-

103 2433 139 2489 tis
157 2431 250 2489 Aac
321 2434 517 2492 declaratione
535 2435 564 2490 B
583 2433 776 2491 declinatione
795 2434 855 2491 AG
925 2441 942 2492 8
968 2433 1183 2492 ADAMANTII
1201 2433 1395 2490 inauratus
1415 2435 1442 2490 A

105 2513 293 2578 abnuam
312 2515 486 2574 MAE'I'IRII
508 2515 532 2572 0
594 2521 610 2572 9
630 2515 755 2588 positam
773 2523 890 2590 utroque
909 2517 967 2574 loco
985 2515 1094 2580 ABG,
1142 2523 1177 2573 10
1196 2521 1335 2587 quantum
1354 2515 1443 2587 possi·

104 2641 226 2700 eanum
245 2601 334 2700 noir
351 2642 380 2699 n
399 2645 538 2716 quantum
558 2641 733 2714 poseamus
752 2643 840 2701 ruem
858 2643 918 2700 ac
981 2651 1013 2701 ιε
1034 2643 1169 2700 remmus
1190 2641 1214 2698 c
1267 2641 1442 2714 symonem

104 2727 122 2779 ri
140 2726 270 2797 tempore
289 2727 318 2781 A
336 2724 511 2796 syllabarum
525 2725 573 2781 uel
591 2729 752 2798 temporum
771 2740 790 2785 e

567 3013 753 3072 MARTYBII
772 3014 821 3072 DE
840 3014 863 3070 B
883 3015 930 3072 ΕΤ
950 3014 975 3070 V

194 3182 255 3245 Vax
279 3200 335 3245 vex
360 3185 421 3248 vix:
445 3201 541 3247 unum
566 3185 774 3248 tantummodo
798 3203 908 3247 nomen
934 3203 989 3266 per
1009 3202 1099 3246 unam
1124 3203 1275 3266 quamque
1299 3182 1441 3265 syllabam

104 3293 225 3373 repperi
254 3293 462 3375 ternionem,
497 3301 531 3354 ut
562 3295 660 3376 vivex,
691 3291 778 3356 vibes
809 3283 828 3356 ὁ
860 3285 1005 3374 petimur,
1043 3290 1153 3354 verbex
1184 3285 1223 3355 τὸ
1255 3284 1441 3375 πρόβατον,

104 3401 220 3483 cervix,
244 3418 374 3482 quorum
398 3401 496 3464 medie
519 3418 575 3482 por
598 3399 618 3464 b
642 3409 772 3484 mutem,
803 3421 880 3482 quae
906 3401 1058 3481 utrimque
1083 3399 1129 3462 vel
1155 3401 1346 3462 extrinsecus
1370 3409 1442 3462 sunt

105 3525 158 3588 per
177 3528 195 3568 v
214 3508 385 3590 digammon
405 3511 518 3592 signari
538 3513 742 3592 cognovimus.
782 3509 913 3591 reliques
934 3505 999 3588 [ab]
1021 3508 1067 3570 lris
1087 3507 1326 3570 consonantibus
1345 3509 1440 3571 inscr-
1518 3551 1520 3555 -

82 3625 149 3678 vus
173 3616 292 3680 vocales
316 3616 442 3681 latinum
467 3620 568 3680 minere
592 3617 718 3680 adscivit
742 3617 905 3698 eloquium.

106 3773 365 3842 ADAMANTII
384 3773 485 3842 SIVE
505 3775 730 3844 MARTYRII
754 3775 814 3843 DE
835 3773 1007 3842 VLTIMA
1026 3774 1216 3843 NOMINIS
1236 3774 1441 3843 SYLLABA

539 3883 747 3954 EXPLICIT
770 3882 1011 3951 FELICITER·

195 4012 239 4076 De
263 4012 283 4075 b
306 4014 406 4078 littera
430 4015 577 4078 trilariam
601 4017 632 4078 in
656 4017 779 4079 nomine
803 4018 913 4099 posite,
938 4025 1084 4097 quantum
1107 4025 1213 4078 natoue
1238 4013 1330 4077 valuit
1354 4016 1439 4076 mini·

106 4131 216 4206 strare,
241 4123 439 4206 sufficienter,
462 4129 497 4185 ut
520 4131 610 4206 puto,
635 4125 836 4186 tractavimus.
876 4123 912 4186 ab
936 4127 1081 4206 expositis
1101 4126 1182 4187 enim
1207 4132 1290 4186 recte
1314 4125 1372 4186 iana
1396 4125 1440 4185 ln-

73 4229 248 4313 1⁰tellegere
272 4250 451 4316 possumus,
474 4229 575 4312 siquid
600 4233 718 4294 eveniet
741 4231 892 4296 dictorum
912 4235 1107 4295 contrarium.
1150 4231 1192 4294 ibi
1217 4249 1346 4312 namque
1371 4249 1441 4294 con·

106 4339 240 4402 siderare
274 4336 452 4406 debebimus
486 4359 525 4403 ne
558 4340 670 4423 aliquid
703 4341 848 4404 dissimile
882 4343 974 4405 inerit
1007 4341 1053 4403 vel
1086 4357 1198 4422 genere
1232 4338 1278 4400 vel
1316 4357 1442 4402 numero

108 4446 298 4530 syllabarum,
316 4457 464 4533 tempore,
485 4449 713 4533 significatione,
729 4449 774 4512 rel
794 4453 820 4513 si
840 4470 875 4512 ex
895 4450 950 4513 alla
971 4461 1056 4533 parte
1075 4449 1221 4512 orationis
1241 4446 1443 4509 descenderit.

109 4573 183 4636 quae
214 4557 412 4622 observantes
440 4560 553 4642 minus,
582 4565 616 4620 ut
644 4575 728 4640 reor,
757 4556 935 4622 errabimus.
978 4567 1073 4623 restat
1101 4555 1188 4620 nobis
1216 4555 1254 4618 dc
1283 4554 1302 4617 b
1334 4555 1444 4638 littera,

197 4745 221 4805 2¹
235 4751 268 4806 ut
286 4749 370 4807 vivax
389 4750 474 4806 vivex
492 4765 596 4806 vervex
616 4747 710 4804 cervix
731 4749 759 4803 P
832 4751 916 4807 rirex
935 4739 1050 4821 opotoq
1070 4765 1174 4805 vervex
1193 4747 1227 4802 N
1302 4747 1442 4820 tsigoili·

110 4827 166 4884 cori
188 4828 253 4885 NP
324 4836 340 4885 o
365 4829 535 4886 Adamantis
559 4828 619 4885 sire
639 4827 771 4900 Martyrii
789 4830 823 4885 N
894 4838 908 4887 7
934 4829 1130 4886 FELICITER
1149 4847 1201 4884 orvs.
1220 4827 1259 4896 N,
1280 4829 1346 4885 ncld.
1365 4828 1394 4882 P

112 4914 141 4963 11
162 4909 297 4966 debemus
319 4908 348 4965 P
403 4916 436 4965 1³
455 4909 549 4967 minos
569 4907 682 4981 longius
702 4915 735 4967 ut
754 4927 818 4968 reor
836 4929 961 4968 erramus
980 4917 1057 4969 recta
1076 4928 1128 4969 nos
1148 4911 1183 4967 de
1202 4911 1222 4966 b
1241 4909 1339 4966 littera
1358 4909 1387 4963 P
1469 4989 1474 4998 Ι

52 5049 55 5056 ,
162 5019 321 5052 ouuarrcr
336 5017 424 5050 narrar
439 5019 484 5051 vn.
713 5043 720 5060 .
1192 5006 1224 5056 13
