3602 5482
355 315 423 386 352
889 317 895 330 ”
939 317 1101 377 svnscls

355 421 512 474 pmmm

356 505 465 572 serbis.
510 506 697 588 Praeposiiio
728 515 803 589 quot
835 525 927 572 sonos
963 503 1076 571 babet?
1126 507 1259 570 Numero
1298 489 1513 590 quinquaginta
1552 508 1689 589 quinque

357 625 482 682 tantum.
537 614 759 698 Praepositioni
796 625 870 698 quot
907 610 1071 680 accidunt?
1124 615 1199 680 Tria
1231 663 1239 679 .
1277 617 1384 692 Quae?
1437 615 1546 701 Casus,
1584 617 1691 699 iigura,

357 733 509 789 mmmm
877 735 881 750 '

446 835 624 898 decusatim
645 836 729 898 casui
747 843 822 916 quot
842 827 847 918 Ι
868 834 1108 917 praepositiones
1127 831 1291 899 accidunt?
1327 834 1461 898 Numero
1480 836 1605 916 triginta
1623 833 1689 909 bae,

356 943 392 1007 ad
412 946 556 1026 amicum,
580 943 660 1027 apud
678 942 830 1027 hospites,
853 952 921 1006 ante
942 961 1061 1027 arcum,
1085 943 1229 1008 aduersus
1248 943 1366 1028 hostes,
1390 947 1433 1008 cis
1453 944 1593 1028 ilurium,
1613 945 1689 1007 citra
1716 957 1729 999 ε

356 1054 586 1137 conscientiam,
621 1054 738 1116 circum
771 1069 905 1136 murum,
943 1054 1025 1116 circa
1058 1051 1254 1137 domesticos,
1293 1061 1398 1116 contra
1430 1055 1584 1129 inimicos,
1618 1069 1689 1134 erga

357 1160 465 1244 iillum,
496 1169 581 1225 extra
611 1163 753 1246 patriam,
783 1163 863 1225 inter
893 1160 1074 1245 prudentes,
1111 1163 1190 1226 inira
1222 1161 1379 1245 palatium,
1415 1161 1495 1224 inira
1532 1159 1689 1244 tempium,

356 1271 439 1333 iuxta
461 1269 597 1354 balneas,
620 1268 660 1332 ob
684 1271 841 1354 meritum,
870 1287 964 1354 penes
987 1269 1086 1350 iilum,
1114 1288 1170 1352 per
1193 1272 1284 1353 dam,
1311 1287 1406 1352 prope
1437 1287 1535 1352 mare,
1561 1276 1688 1352 propter

356 1397 495 1463 uxorem,
520 1389 641 1463 practer
665 1395 828 1462 summam,
856 1385 925 1462 post
949 1397 1060 1463 annos,
1086 1397 1165 1461 pone
1185 1377 1300 1462 locum,
1323 1377 1491 1442 secundum
1514 1381 1578 1462 ius,
1603 1386 1688 1441 trans

356 1489 484 1573 ilumen,
507 1487 587 1552 ultra
611 1491 705 1572 vires,
728 1506 826 1570 usque
850 1487 992 1570 Romam,
1015 1507 1105 1552 mous
1127 1508 1195 1573 sos,
1224 1506 1316 1572 supra
1340 1485 1534 1578 Capitolium,
1565 1487 1688 1549 circiter
1703 1504 1727 1544 ro

357 1615 461 1660 annos.
507 1596 642 1661 ibiatiro
671 1600 755 1660 casui
783 1607 858 1678 quot
885 1596 1026 1661 accidunt
1053 1592 1317 1680 praepositiones?
1353 1595 1485 1661 Numero
1514 1593 1689 1678 quindecim

356 1704 428 1786 bae,
446 1723 463 1766 a
482 1707 616 1788 civitate,
640 1704 677 1768 ab
696 1708 806 1788 amico,
829 1705 948 1790 abste,
972 1704 1085 1788 absque
1105 1707 1216 1787 serris,
1239 1724 1308 1769 cum
1329 1705 1436 1788 iratre,
1460 1723 1560 1768 coram
1580 1723 1688 1787 paren·

355 1813 451 1897 tibus,
482 1813 558 1878 clam
588 1813 723 1898 domin03
755 1814 792 1878 de
823 1815 907 1899 iuga,
939 1833 956 1878 e
986 1815 1101 1899 medio,
1131 1833 1169 1878 ex
1199 1832 1271 1898 usu,
1301 1832 1373 1898 prae
1405 1821 1502 1898 metu,
1532 1832 1589 1897 pro
1622 1812 1688 1896 iide,

356 1921 454 2004 palam
477 1920 633 2004 omnibus,
657 1924 722 1986 sine
746 1924 822 2007 iine,
851 1931 941 1988 tenus
964 1923 1054 2006 pube.
1101 1924 1227 2005 Vtrique
1255 1925 1354 2006 casui,
1382 1923 1412 1986 id
1440 1933 1488 1986 est
1516 1925 1687 1986 accusativo

356 2039 388 2092 et
410 2029 554 2114 ablativo,
578 2039 653 2113 quot
675 2034 915 2114 praepositiones
939 2028 1102 2096 accidunt?
1139 2032 1303 2115 Quattuor,
1327 2033 1358 2094 iu
1383 2030 1439 2094 sub
1460 2049 1552 2112 super
1571 2029 1686 2094 subter.
1703 2047 1726 2088 ιε

356 2138 444 2202 Nunc
474 2139 625 2220 quemad
653 2139 776 2204 modum
804 2141 861 2204 bae
890 2160 981 2224 supra
1010 2142 1107 2206 diotae
1135 2143 1376 2224 praepositiones
1404 2141 1574 2204 accusativo
1604 2141 1687 2202 casui

356 2255 498 2326 atquem
522 2252 567 2313 od
592 2251 715 2312 modum
738 2251 873 2312 ablativo
897 2255 987 2313 casui
1014 2244 1221 2333 respondent?
1260 2247 1386 2322 Quando
1410 2251 1455 2311 ire
1484 2250 1544 2310 isse
1572 2249 1688 2311 iturum

357 2373 424 2418 esse
463 2358 681 2441 significamus,
722 2358 963 2448 praepositiones
1000 2375 1060 2440 quo
1099 2367 1130 2422 et
1166 2358 1337 2420 accusativo
1375 2359 1459 2420 casui
1501 2356 1687 2439 respondere

356 2474 520 2549 coguntur,
545 2474 579 2529 ut
602 2475 674 2548 puta
699 2461 772 2547 ‘quo
791 2460 840 2528 is?
863 2467 895 2528 in
919 2461 1040 2548 viliam',
1064 2461 1136 2548 ‘quo
1156 2460 1276 2529 iseros?
1299 2467 1329 2529 in
1349 2461 1470 2549 rillam’,
1495 2461 1568 2548 ‘quo
1588 2469 1687 2529 iturus

356 2569 411 2637 es?
441 2577 472 2636 in
502 2569 612 2636 riiiam'
643 2623 649 2636 .
679 2581 710 2636 at
739 2591 811 2636 sero
840 2572 960 2656 quando
990 2593 1057 2637 esse
1087 2575 1180 2637 inisse
1210 2575 1348 2638 iuturum
1375 2593 1442 2638 ease
1473 2576 1725 2658 significamusso

355 2685 595 2766 praepositiones
610 2681 662 2746 ubi
677 2691 707 2746 ei
722 2680 848 2745 ablativo
863 2684 946 2745 casui
966 2682 1151 2765 respondere
1170 2684 1381 2768 inveniuntur,
1404 2691 1530 2766 utputa
1549 2679 1614 2746 ‘ubi
1633 2679 1687 2748 es?

355 2785 1688 2876 mfflmbffimfflmffiffimmmmmffimfflRfflmmmw

356 2900 462 2964 subter
477 2949 484 2964 .
498 2903 571 2964 item
591 2899 671 2965 aliud
690 2909 900 2983 praeceptum,
920 2918 980 2982 quo
1000 2899 1197 2964 dinoscantur
1215 2899 1418 2982 supradictae
1438 2905 1687 2986 praepositiones,

357 3008 477 3092 quiando
502 3012 671 3073 accusativo
695 3011 874 3088 siquando
898 3010 1032 3074 ablativo
1057 3013 1140 3073 casui
1168 3008 1355 3091 respondere
1382 3009 1512 3075 debeant
1536 3060 1543 3073 .
1568 3011 1686 3093 quiando

356 3119 437 3180 enim
470 3136 525 3181 nos
556 3137 593 3182 ex
625 3119 725 3201 aliquio
756 3117 822 3181 ioco
853 3118 885 3180 in
915 3116 1006 3182 alium
1034 3118 1134 3183 iocum
1163 3120 1321 3202 peruenire
1346 3120 1564 3205 significamus,
1595 3139 1686 3204 supra
1700 3135 1724 3176 2⁵

356 3226 454 3290 dietae
474 3228 713 3309 praepositiones
733 3229 903 3290 accusativo
922 3229 1007 3292 casui
1025 3229 1210 3309 respondere
1231 3239 1396 3314 coguntur,
1420 3238 1546 3312 utputa
1565 3225 1688 3294 ‘cecidit

356 3339 387 3398 in
411 3330 532 3413 iorum',
558 3329 632 3398 ‘ruit
655 3337 755 3417 paries
778 3337 809 3399 in
834 3330 958 3420 iorum',
986 3331 1156 3400 ‘deambula
1185 3340 1216 3400 in
1245 3333 1357 3401 iorum'
1381 3387 1388 3402 .
1413 3347 1443 3402 at
1470 3356 1542 3402 uero
1566 3339 1686 3421 quando

356 3448 387 3508 iu
407 3444 514 3508 eodem
533 3443 599 3508 loco
619 3444 685 3506 iieri
704 3443 815 3526 aliquid
836 3446 1053 3530 significamus,
1073 3446 1280 3530 supradictae
1300 3449 1540 3530 praepositiones
1558 3447 1686 3512 ablativo

357 3550 1686 3639 cmnwmmdmwfflmmmmmmmffimbmmmmffl

356 3665 399 3727 sio
428 3672 460 3725 et
487 3662 544 3725 sub
573 3662 678 3725 subter
706 3680 798 3745 super
832 3710 838 3725 .
867 3665 940 3725 item
969 3663 1006 3724 de
1036 3669 1067 3726 in
1095 3667 1319 3748 praepositione
1352 3664 1409 3728 boc
1438 3683 1611 3750 monemus,
1644 3676 1722 3744 utto

356 3771 476 3854 quando
496 3791 552 3853 pro
572 3771 671 3852 aliquo
691 3770 737 3834 vei
757 3781 861 3834 contra
881 3771 1012 3854 aliquem
1030 3771 1143 3854 aliquid
1163 3775 1366 3856 significamus
1386 3785 1417 3838 et
1436 3779 1685 3861 suprascriptam

355 3881 610 3966 praepositionem
634 3879 831 3962 obponimus,
861 3883 1030 3943 accusativo
1061 3883 1144 3944 casui
1167 3883 1418 3968 respondeamus,
1443 3897 1477 3948 ut
1500 3893 1572 3969 puta
1597 3881 1685 3950 ‘iacio

355 3983 1683 4077 memmmwffmmmmmmmmmmmmssbffihfflomms.

387 4277 389 4280 ,
446 4225 462 4275 3
491 4219 545 4276 Ini
572 4218 786 4290 Praepositione
812 4219 890 4291 quod
921 4219 1055 4277 accidunt
1087 4219 1120 4277 Β.
1152 4219 1240 4278 Casus
1269 4221 1447 4278 accusabimus
1480 4227 1510 4280 ei
1541 4223 1685 4282 ablaticus

354 4300 503 4373 utriusqus
522 4299 668 4371 citiusque
688 4300 801 4372 loquele
820 4301 911 4373 figura
930 4304 1062 4358 accentus
1081 4301 1110 4356 Β
1129 4341 1137 4355 .
1158 4321 1192 4360 ex
1215 4304 1260 4361 his
1283 4303 1408 4360 tribubus
1432 4305 1498 4360 anni
1521 4307 1684 4364 accusativo

354 4381 432 4439 casui
446 4398 564 4438 numero
577 4381 711 4454 triginta,
725 4382 851 4439 sblsiiro
867 4382 1043 4454 quindecim,
1063 4383 1204 4456 uirisque,
1223 4385 1253 4442 id
1268 4386 1311 4442 esi
1326 4384 1490 4442 accusativo
1504 4387 1535 4442 ei
1548 4385 1684 4458 ablativo,

353 4481 471 4521 numero
491 4464 634 4534 quattuor,
653 4463 786 4534 loquellis
806 4479 923 4520 numero
943 4480 991 4520 sex
1013 4463 1123 4522 Paobus
1138 4484 1169 4538 p.
1189 4471 1272 4535 147‚5
1346 4473 1362 4522 9
1381 4465 1467 4540 pone]
1488 4483 1578 4537 poene
1597 4467 1626 4524 Β

355 4552 389 4601 it
414 4548 534 4617 utroque
559 4544 637 4602 casui
660 4546 688 4601 Β
769 4553 801 4603 ib
825 4562 882 4602 non
905 4547 1146 4617 quemadmodum
1169 4549 1223 4606 bae
1247 4565 1333 4620 supra
1357 4547 1434 4604 dicte
1457 4548 1683 4620 praepositiones

354 4629 517 4686 sccumiiuo
536 4627 616 4684 essm
634 4628 808 4700 respondent
827 4629 879 4685 sub
899 4626 939 4684 ibi
957 4627 1072 4698 quando
1091 4628 1131 4684 ire
1151 4629 1180 4684 Β
1255 4636 1287 4686 13
1307 4631 1446 4702 cogantur
1463 4629 1492 4684 Β
1565 4645 1622 4700 quo
1646 4630 1683 4704 is]

353 4726 423 4780 quos
443 4709 487 4766 bis
506 4709 534 4765 Β
608 4727 665 4781 quo
684 4709 789 4784 ireres]
815 4708 891 4782 quod
909 4725 991 4765 ueras
1009 4709 1038 4764 Β
1112 4727 1169 4782 quo
1196 4711 1287 4769 iturus
1310 4711 1352 4783 es]
1380 4727 1414 4767 co
1437 4711 1529 4767 iturus
1546 4710 1575 4767 Β
1649 4719 1683 4770 33

353 4805 409 4861 quo
429 4791 622 4864 dinoscantur]
651 4793 722 4863 quot
750 4794 883 4846 oscsniur
900 4791 930 4846 Β
1004 4798 1038 4848 24
1058 4795 1087 4848 et
1114 4793 1227 4863 quando
1257 4791 1384 4850 ablsiiuo
1413 4807 1465 4849 otu.
1488 4791 1516 4848 B
1594 4799 1630 4850 so
1650 4811 1689 4851 ext

354 4869 465 4946 aliquo]
486 4889 520 4928 ax
539 4871 597 4929 clio
616 4873 644 4928 Β
717 4877 752 4928 30
771 4871 802 4928 in
820 4887 871 4928 orn.
891 4871 919 4927 Β
993 4878 1026 4928 33
1047 4873 1222 4944 ¹uituperatio
1241 4873 1372 4930 inimicos
1392 4873 1420 4928 Β
1583 4895 1589 4940 ι
