3610 5482
254 333 258 338 =
353 304 398 370 44
895 303 995 362 vnnn
1014 305 1130 364 norint

353 496 386 558 in
415 495 564 557 rationem
594 486 763 556 scribendi’
793 495 944 558 transiens
972 513 1001 578 p.
1029 489 1119 558 2219
1152 495 1285 577 primum
1318 493 1356 558 de
1389 497 1427 560 iis
1454 495 1621 575 vocabulis,
1655 498 1688 559 in

353 604 464 689 quibus
497 603 615 667 diversa
648 601 685 665 ab
719 606 925 668 enuntiatione
960 613 1025 668 erat
1054 597 1179 688 scriptio
1204 605 1250 668 rel
1277 607 1308 668 in
1339 603 1450 688 quibus
1481 605 1689 670 diversitatem

352 713 579 797 significationis
604 711 765 776 scribendo
789 714 959 794 exprimere
984 731 1045 778 non
1074 712 1150 776 nulli
1173 711 1344 797 voluerunt,
1367 711 1509 796 disputat
1546 733 1616 778 nam
1638 714 1689 778 his

353 822 582 906 quaestionibus
611 841 647 884 ea
674 823 774 884 omnia
803 838 879 902 qnae
910 820 968 884 hoc
997 821 1064 884 loco
1088 829 1217 885 tractata
1240 829 1313 884 sunt
1337 821 1539 886 continentur.
1576 823 1687 887 deinde

353 932 390 996 de
414 929 689 1015 praepositionibus
713 930 744 991 in
768 930 987 1010 compositione
1012 931 1149 1005 mutatis,
1173 928 1210 992 de
1236 928 1348 1012 quibus
1371 948 1467 1012 pauca
1490 931 1570 1014 apud
1594 932 1688 995 Scau-

352 1059 421 1105 rum
450 1039 606 1122 leguntur,
631 1037 703 1100 dicit
726 1056 754 1118 p.
779 1031 1013 1100 2224-2228.
1057 1036 1200 1119 deinceps
1223 1045 1293 1119 post
1315 1035 1439 1100 brevem
1463 1038 1687 1104 adnotationem

352 1148 390 1212 de
419 1167 456 1210 eo
484 1148 566 1230 quod
592 1149 722 1210 interest
735 1149 831 1207 inter
860 1135 1103 1228 tpooypaptev
1131 1155 1162 1208 et
1193 1135 1402 1228 ipootnetev
1429 1144 1583 1211 subiectae
1615 1157 1689 1210 sunt

355 1259 558 1341 quaestiones,
589 1275 666 1338 quae
690 1257 773 1337 ipsae
804 1273 926 1336 quoque
958 1272 974 1317 a
1005 1253 1179 1316 diversitate
1208 1255 1425 1318 enuntiationis
1452 1263 1485 1318 et
1512 1257 1688 1338 scriptionis

354 1366 601 1449 proficiscuntur,
624 1363 660 1427 de
686 1365 837 1446 scriptura
860 1381 915 1446 per
939 1365 949 1425 i
973 1363 1020 1426 vel
1043 1382 1073 1446 u,
1094 1362 1134 1425 de
1158 1361 1370 1446 adspiratione,
1394 1362 1431 1425 de
1455 1362 1608 1427 vocabulis
1631 1383 1688 1446 per

336 1473 372 1537 ‘d
393 1475 439 1539 vel
458 1483 471 1538 t
490 1483 521 1538 et
539 1492 595 1557 per
614 1493 630 1536 c
650 1471 696 1535 vel
715 1491 735 1554 q
754 1474 884 1555 scriptis.
914 1481 1087 1554 sequnntur
1106 1471 1299 1555 quaestiones
1318 1471 1350 1534 in
1370 1469 1481 1552 quibus
1501 1463 1687 1554 ὀρθοέπεια

354 1591 385 1646 et
413 1573 634 1672 dpdoypoupin
663 1579 788 1643 coniusa
815 1589 865 1644 'est
893 1569 921 1663 p.
945 1577 1050 1663 2232,
1073 1581 1146 1643 item
1169 1597 1282 1662 paucae
1306 1581 1500 1661 quaestiones
1524 1590 1686 1644 consuetu-

326 1691 431 1755 'dinis
459 1693 570 1754 veteris
599 1698 631 1753 et
657 1705 753 1751 novae
784 1707 812 1770 p.
837 1685 926 1752 2233
950 1697 982 1752 et
1005 1689 1198 1770 quaestiones
1221 1688 1410 1751 diversarum
1434 1689 1688 1770 signiueationum

288 1869 290 1874 ,
352 1820 380 1882 ρ.
404 1796 503 1864 2234.
527 1806 694 1881 postremo
722 1815 751 1878 p.
778 1792 868 1860 2235
893 1815 958 1878 sqq.
983 1797 1099 1859 varium
1131 1815 1228 1879 genus
1257 1797 1483 1880 quaestionum,
1514 1798 1547 1860 in
1575 1795 1688 1880 quibus

353 1908 390 1971 de
415 1926 490 1971 sono
514 1905 730 1970 enuntiationis
756 1885 914 1987 quaeritur
943 1904 1115 1968 subiectum
1144 1914 1199 1968 est
1238 1923 1293 1987 per
1323 1922 1429 1968 omnes
1452 1913 1553 1969 autem
1581 1913 1686 1988 partes

352 2016 422 2080 libri
450 2035 540 2099 quam
569 2013 662 2078 multa
691 2031 760 2076 cum
790 2013 897 2078 Scauri
932 2012 1187 2096 disputationibus
1217 2015 1407 2078 consentiant
1438 2013 1524 2076 facile
1553 2003 1688 2096 apparet.

320 2117 322 2122 ’
354 2145 452 2210 neque
482 2133 582 2208 potest
610 2121 742 2186 dubitari
770 2123 844 2205 quin
875 2125 1002 2186 maxima
1026 2125 1092 2185 eius
1117 2139 1284 2184 cousensus
1307 2141 1379 2204 pars
1403 2122 1440 2185 ab
1464 2121 1688 2205 antiquioribus

354 2233 530 2299 auctoribus
553 2235 605 2314 qui
629 2231 666 2295 de
690 2229 798 2293 iisdem
822 2227 915 2292 rebus
940 2233 1124 2314 scripserant
1147 2229 1313 2312 repetenda
1336 2233 1391 2315 sit,
1413 2233 1593 2314 praesertim
1617 2248 1688 2293 cum

353 2353 384 2408 et
407 2351 477 2406 ante
501 2350 666 2422 utrumqne
690 2339 920 2421 grammaticum
939 2339 1080 2430 Annaeus
1100 2338 1255 2402 Cornutus
1279 2346 1309 2401 et
1331 2348 1438 2421 postea
1456 2338 1569 2402 Marius
1589 2338 1687 2401 Victo·

355 2447 441 2516 rinus
465 2448 611 2534 quaedam
636 2447 743 2510 erbis
768 2464 844 2528 quae
869 2446 928 2509 illis
952 2449 1122 2510 communia
1152 2455 1224 2509 sunt
1247 2446 1386 2510 similiter
1409 2449 1613 2510 tractaverint.
1650 2447 1687 2508 de

357 2580 417 2644 quo
451 2568 522 2643 post
550 2557 782 2621 Wilmannsium
810 2556 847 2619 de
879 2553 962 2619 Varr.
987 2554 1053 2618 libr.
1077 2573 1202 2638 gramm.
1225 2575 1255 2638 p.
1280 2551 1326 2620 86
1348 2575 1392 2638 sq.
1417 2556 1493 2619 dixit
1503 2554 1688 2618 *Guilelmus

355 2667 473 2750 Schady
500 2666 538 2729 de
568 2659 818 2744 blari'llictorini
847 2662 917 2726 libri
944 2662 957 2725 l
986 2667 1082 2746 capite
1112 2663 1151 2726 lv
1174 2658 1310 2748 (Bonnae
1335 2683 1360 2726 a.
1387 2659 1488 2750 1869)
1512 2683 1541 2746 p.
1566 2661 1610 2727 22
1634 2683 1689 2746 sq,

355 2781 407 2859 qui
426 2777 524 2839 Verrii
543 2773 643 2836 Flacci
666 2771 764 2834 libros·
784 2773 820 2835 de
845 2771 1059 2854 orthographia
1081 2775 1260 2854 primarium
1283 2791 1389 2836 eorum
1413 2774 1550 2835 omnium
1573 2773 1688 2835 iontem

355 2888 449 2950 inisse
484 2883 693 2947 demonstrare
722 2879 847 2944 studuit.
893 2879 1039 2961 quaedam
1067 2890 1168 2944 tamen
1196 2882 1237 2944 ita
1261 2890 1433 2964 comparata
1457 2888 1542 2964 sunt,
1566 2889 1601 2943 nt
1623 2882 1688 2962 ipse

304 3025 306 3028 ·
356 2995 464 3057 Scauri
491 2991 570 3055 liber
593 2990 696 3072 Longo
720 2995 789 3052 aute
815 2986 919 3050 oculos
944 2987 1037 3050 luisse
1068 2989 1213 3051 videatur.
1260 3007 1320 3069 qua
1347 2989 1380 3050 in
1408 3006 1442 3050 re
1470 3007 1532 3051 non
1560 2987 1689 3050 multum

297 3163 301 3170 .
357 3101 458 3165 tribuo
483 3103 520 3163 iis
544 3098 628 3180 locis,
651 3095 819 3190 inquibus
843 3095 965 3160 eaedem
990 3115 1040 3158 res
1063 3115 1080 3159 a
1103 3096 1223 3176 duobus
1247 3099 1450 3179 grammaticis
1470 3095 1597 3160 traditae
1617 3104 1691 3157 suut

355 3210 403 3274 vel
431 3209 483 3272 ubi
508 3206 655 3271 similium
684 3223 788 3268 rerum
816 3207 1009 3286 quaestiones
1037 3205 1144 3292 eodem
1173 3205 1279 3269 ordine
1303 3217 1433 3288 uterque
1457 3206 1628 3285 coniunxit,
1656 3211 1690 3264 ut

356 3339 391 3382 ea
415 3337 493 3402 quae
516 3318 553 3380 de
578 3317 597 3379 h
621 3315 722 3378 littera
746 3317 858 3396 scripta
887 3321 959 3377 sunt
982 3333 1011 3396 p.
1035 3311 1124 3379 2258
1149 3322 1180 3379 et
1204 3335 1231 3396 p.
1257 3313 1346 3378 2217
1372 3313 1463 3377 etde
1487 3313 1689 3395 geminatione

356 3429 503 3491 vocalium
527 3425 563 3488 ab
587 3426 677 3488 Accio
697 3427 817 3487 inventa
841 3441 901 3486 una
925 3441 994 3509 cum
1018 3425 1189 3506 praeceptis
1208 3422 1316 3486 Lucilii
1334 3443 1362 3506 p.
1383 3419 1524 3496 neuun
1542 3439 1570 3504 p.
1590 3415 1688 3482 2220.

357 3545 425 3600 nam
448 3534 522 3597 baec
547 3533 583 3596 ab
607 3535 777 3614 antiquiore
801 3539 924 3594 auctore
937 3512 1070 3613 'recepta
1094 3550 1160 3594 esse
1186 3539 1304 3595 certum
1328 3540 1383 3593 est
1422 3531 1476 3593 sed
1500 3549 1534 3592 ea
1554 3547 1631 3611 quae
1650 3528 1688 3592 de

357 3665 384 3706 v.
409 3646 530 3732 ortibus
553 3643 647 3724 per-i
675 3659 737 3705 non
765 3658 822 3723 per
850 3657 870 3701 u
899 3637 1059 3702 scribendo
1089 3639 1223 3704 Scaurus
1252 3642 1408 3722 praecepit
1430 3658 1458 3721 p.
1483 3635 1586 3720 2260,
1614 3655 1690 3714 erpo

356 3771 417 3816 uox
446 3753 623 3828 scribenda,
654 3768 713 3827 quo
744 3751 833 3811 modo
864 3757 895 3812 ct
922 3757 1030 3822 sonut;
1060 3767 1146 3811 nemo
1177 3757 1279 3812 nutem
1309 3765 1455 3827 umquam
1483 3748 1545 3808 tunt
1577 3748 1692 3808 insulse

353 3881 414 3941 per
445 3881 467 3922 u
500 3862 630 3923 artubus
663 3862 794 3934 dicerit,
832 3859 1002 3940 respexisse
1040 3857 1159 3921 videtur
1187 3855 1309 3937 Longus
1342 3855 1379 3919 de
1409 3854 1516 3918 eodem
1546 3852 1691 3916 vocabulo
1750 3849 1758 3859 '

358 3970 515 4052 disputans
534 3989 562 4051 p.
577 3964 676 4050 2229,
696 3971 740 4029 ito
764 3974 866 4028 tamen
886 3963 1027 4030 existimo
1047 3951 1279 4044 enuntiandum,
1303 3972 1338 4028 ut
1360 3983 1418 4028 nee
1437 3967 1528 4027 nimos
1552 3968 1564 4027 i
1585 3967 1693 4026 littero

358 4082 450 4144 exilis
477 4080 533 4154 sit,
562 4095 620 4140 nee
649 4095 669 4138 u
697 4079 833 4138 litterum
859 4077 889 4136 si
914 4078 1092 4154 scripseris,
1121 4076 1354 4137 enuntiationis
1369 4091 1444 4136 sono
1472 4075 1563 4135 nimis
1588 4075 1692 4151 piena,

265 4263 269 4268 ¹
359 4187 526 4269 eodemque
549 4186 705 4268 pertinent
728 4201 805 4264 quae
834 4182 1016 4263 generaliter
1044 4183 1197 4246 adnotavit
1220 4201 1248 4264 p.
1273 4177 1373 4263 2219,
1401 4183 1591 4258 ingredienti
1616 4180 1694 4240 mibi

357 4299 511 4358 'rationem
529 4294 690 4356 scribendi
707 4292 850 4355 occurrit
866 4293 968 4352 stetim
989 4295 1033 4354 itu
1056 4296 1205 4370 quosdam
1224 4295 1381 4355 censuisse
1399 4307 1464 4351 esse
1485 4288 1692 4360 scribendum,

360 4411 395 4464 ut
425 4407 579 4480 loquimur
610 4410 640 4466 ct
670 4401 823 4463 audimus.
869 4397 977 4460 similia
1007 4408 1079 4463 sunt
1109 4399 1183 4464 haec
1214 4399 1252 4462 de
1282 4419 1308 4462 v.
1338 4401 1480 4477 puniunt,
1511 4393 1591 4476 quod
1622 4411 1693 4456 cum

301 4495 304 4501 ’
361 4511 511 4591 geminata
541 4509 552 4572 l
582 4509 682 4573 littera
712 4506 806 4570 scribi
837 4503 982 4569 voluisset
1012 4505 1146 4571 Scaurus
1176 4528 1205 4591 p.
1236 4502 1335 4588 2256,
1365 4519 1471 4568 verum
1501 4506 1569 4566 sine
1598 4503 1692 4565 dubio

293 4643 302 4654 ’
357 4627 494 4698 peccunt
516 4623 571 4696 qui
587 4622 718 4698 paulurn
738 4625 769 4679 et
787 4619 950 4696 paulutum
969 4635 1030 4695 per
1049 4635 1144 4678 unum
1162 4619 1175 4679 i
1190 4617 1341 4690 scribunt,
1365 4632 1435 4676 cunt
1455 4614 1574 4688 alioqui
1585 4607 1692 4690 primu

355 4729 469 4805 positio
500 4729 566 4788 eius
597 4728 718 4804 duplici
739 4727 802 4788 buc
824 4727 931 4786 littera
961 4705 1148 4801 enuntietur,
1177 4733 1212 4786 ut
1235 4719 1354 4802 putiu'm
1381 4728 1412 4784 et
1435 4722 1594 4799 pusillum,
1626 4735 1693 4780 eam

294 4915 298 4924 ,
362 4834 510 4896 rationem
529 4835 635 4896 reiecit
655 4832 776 4914 longus
796 4851 824 4914 p.
840 4827 938 4914 2238,
957 4849 1068 4893 mersus
1087 4835 1162 4909 quio
1181 4834 1302 4911 pultum
1319 4847 1382 4909 per
1405 4831 1468 4892 duo
1487 4830 1500 4890 i
1519 4827 1693 4904 scribimus,
