3602 5482
357 297 423 368 368
932 297 1109 358 noemam

357 490 438 573 quod
462 490 499 554 ah
523 489 589 552 allis
612 488 813 572 scriptoribus
837 489 981 552 traditum
1006 507 1065 552 non
1095 490 1147 571 sit,
1175 487 1350 571 praebeat.
1373 507 1451 573 quiae
1480 489 1557 552 ratio
1587 496 1694 552 autem

357 602 438 664 inter
456 597 634 662 Desidieum
663 607 694 662 et
721 598 933 680 grammaticos
956 616 1034 680 quos
1057 597 1120 661 dixi
1143 596 1326 684 intercedat,
1352 617 1409 682 per
1437 597 1573 680 singulos
1597 596 1695 680 locos,

356 705 519 790 inquibus
543 707 600 770 iste
625 725 792 772 cousensus
816 706 1068 792 deprehenditur,
1092 725 1153 770 non
1176 726 1332 792 quaeram,
1356 710 1497 790 quonlam
1520 705 1595 771 illud
1621 725 1694 770 cum

358 818 535 899 quaestione
559 813 597 878 de
621 815 770 900 incubus,
793 835 810 880 e
834 817 946 900 quibus
968 815 1090 880 illorum
1117 825 1278 901 praecepta
1301 816 1469 901 linxerunt,
1491 817 1694 880 coniunctum

358 933 420 1009 est,
452 924 505 988 sed
538 943 686 988 summam
719 929 764 990 rei
801 925 936 990 breviter
972 925 1120 990 indicabo.
1175 928 1207 990 in
1239 929 1342 1010 priore
1375 927 1469 1009 igitur
1500 924 1570 988 iibri
1603 935 1694 1008 parte

359 1035 568 1099 commentarii
587 1033 625 1096 de
639 1033 753 1120 littere,
772 1034 809 1100 de
824 1035 950 1119 syllahe,
974 1034 1011 1100 de
1026 1036 1237 1100 communibus
1258 1035 1393 1120 syllabis,
1416 1035 1453 1099 de
1469 1034 1602 1100 dictione
1619 1053 1695 1099 eum

358 1143 457 1226 prime
481 1141 558 1206 libro
583 1141 711 1208 Charisii
735 1147 931 1208 consentiunt
954 1191 962 1207 .
986 1162 1022 1208 ea
1049 1163 1127 1228 quae
1154 1144 1192 1209 de
1220 1147 1413 1228 grammatica
1443 1153 1475 1208 et
1502 1143 1539 1208 de
1571 1163 1648 1207 voce
1677 1162 1694 1206 a

359 1251 495 1316 Chariclo
530 1253 642 1336 scripta
674 1262 762 1318 erant
796 1253 918 1318 deiectu
950 1251 1063 1326 codicis
1100 1255 1260 1337 perierunt
1291 1299 1300 1318 .
1332 1251 1491 1320 Diomedes
1523 1262 1627 1328 autem
1662 1255 1694 1316 in

360 1361 495 1426 secundo
519 1360 597 1426 libro
621 1361 658 1425 de
683 1361 823 1427 omnihus
847 1359 939 1426 rebus
963 1381 1040 1444 quae
1064 1361 1122 1426 hoc
1146 1361 1212 1426 luco
1236 1381 1253 1426 a
1276 1361 1421 1426 Dositheo
1450 1369 1594 1426 tractatae
1620 1371 1695 1425 sunt

361 1491 422 1536 non
441 1489 567 1554 prorsus
587 1469 694 1536 eodem
713 1470 816 1555 modo,
840 1470 894 1534 sed
918 1470 1058 1536 similiter
1082 1471 1245 1554 disputarit
1263 1519 1271 1534 .
1291 1470 1344 1534 sed
1368 1474 1400 1534 in
1423 1473 1461 1536 iis
1485 1473 1575 1535 etiam
1598 1475 1694 1555 parti·

361 1579 418 1645 hus
442 1599 520 1662 quae
544 1578 589 1644 rel
619 1582 746 1643 maxime
771 1599 839 1644 cum
865 1577 1001 1642 Charisia
1030 1581 1225 1643 consentiunt
1253 1597 1313 1642 non
1343 1579 1424 1643 nulla
1451 1582 1589 1662 quamvis
1617 1579 1695 1644 leuia

361 1709 378 1753 a
402 1687 545 1753 Dositheo
569 1687 669 1752 addita
692 1696 777 1770 suut,
806 1705 897 1772 quae,
925 1689 996 1770 quia
1023 1687 1104 1771 apud
1127 1687 1302 1752 liinmedexn
1326 1690 1417 1753 etiam
1446 1690 1603 1770 leguntur,
1633 1706 1695 1752 non

361 1807 490 1883 possunt
513 1797 550 1861 ah
579 1817 615 1860 eo
644 1799 764 1862 inventa
795 1813 877 1878 esse,
910 1795 992 1860 uelut
1024 1796 1216 1861 definitiones
1248 1797 1418 1862 litterarum
1451 1799 1624 1862 accuratius
1658 1796 1696 1858 ah

362 1918 493 1990 utroque
524 1925 615 1989 quam
645 1925 661 1968 a
690 1904 826 1969 Charisio
851 1904 1029 1988 descriptae.
1066 1908 1098 1969 in
1127 1904 1220 1971 altera
1248 1906 1319 1973 lihrl
1345 1917 1446 1992 parte,
1474 1926 1550 1992 quae
1580 1915 1630 1971 est
1658 1905 1695 1968 de

362 2024 431 2080 octo
468 2015 605 2098 partibus
642 2017 801 2099 orationis,
842 2017 974 2098 primum
1016 2015 1054 2079 dc
1095 2019 1231 2080 emtione
1273 2025 1305 2081 et
1344 2017 1383 2081 de
1419 2020 1540 2082 nomine
1583 2027 1616 2081 et
1659 2016 1695 2078 de

362 2127 541 2208 pronomine
569 2124 673 2188 eadem
706 2125 771 2186 iere
798 2123 879 2206 apud
911 2123 1088 2188 Dositheuru
1121 2135 1211 2208 atque
1244 2129 1275 2190 iu
1310 2129 1460 2210 excerptis
1492 2124 1695 2190 llohiensihus

364 2235 426 2297 sive
457 2232 599 2318 Charisii,
636 2252 712 2316 quae
746 2231 817 2296 olim
850 2233 925 2312 dixi,
962 2234 1105 2318 leguntur
1136 2285 1143 2298 .
1174 2255 1243 2300 nam
1276 2245 1397 2321 praeter
1430 2235 1557 2320 amplam
1591 2236 1694 2318 dispu-

364 2345 509 2407 tationem
541 2342 578 2406 de
611 2341 811 2406 declinatione
844 2345 1001 2407 nominum
1034 2353 1065 2407 et
1096 2363 1162 2410 cam
1195 2349 1272 2428 quae
1305 2346 1376 2410 huic
1409 2345 1544 2410 subiecta
1578 2353 1627 2407 est
1658 2342 1695 2407 de

364 2450 507 2534 gradihus
541 2455 798 2534 comparationum
822 2471 886 2516 exc.
916 2451 1003 2516 Char.
1032 2473 1060 2536 p.
1089 2450 1170 2537 537,
1201 2452 1299 2520 15-
1315 2452 1396 2540 aot,
1424 2452 1455 2537 2,
1479 2471 1555 2535 quae
1584 2471 1696 2536 parsa

364 2562 507 2626 Dositheo
531 2563 642 2624 omissa
666 2571 726 2647 est,
759 2562 874 2644 reliqua
908 2562 1128 2645 propemodum
1160 2565 1277 2647 integra
1309 2565 1347 2628 ah
1380 2583 1417 2627 eo
1450 2573 1572 2646 recepta
1606 2571 1638 2626 et
1666 2564 1696 2624 in

364 2690 508 2756 graecum
545 2689 715 2734 sermonem
755 2671 896 2735 translata
934 2681 1006 2736 sunt
1039 2719 1046 2734 .
1079 2690 1261 2756 quamquam
1299 2676 1328 2736 in
1366 2673 1414 2736 his
1447 2690 1567 2754 quoque
1601 2689 1696 2756 pauca

365 2782 576 2862 inueniuntur,
606 2796 683 2860 quae
711 2780 742 2842 in
767 2779 909 2843 Bohiensi
936 2780 1040 2844 codice
1065 2781 1175 2843 onxissa
1203 2789 1289 2864 sunt,
1320 2783 1374 2845 sed
1403 2784 1436 2846 in
1460 2781 1588 2844 Charisii
1620 2781 1695 2844 libro

367 2888 500 2954 secundo
525 2888 571 2951 vel
589 2891 621 2951 iu
640 2887 794 2951 Diomedis
817 2887 894 2952 lihro
918 2891 1016 2972 primo
1039 2888 1197 2972 leguntur,
1220 2899 1256 2953 ut
1278 2889 1414 2973 exempla
1433 2892 1590 2954 nominum
1609 2909 1639 2973 p.
1655 2887 1696 2952 22
1722 2900 1726 2909 ·

362 3017 476 3080 passer
503 3000 610 3075 aquila
638 3015 733 3060 unser
760 3001 902 3074 mustela,
930 3015 959 3079 p.
984 2994 1028 3060 24
1055 2998 1134 3078 Aser
1162 3000 1269 3063 Dacia
1298 3001 1469 3082 Hispanus,
1496 3019 1525 3082 p.
1552 2996 1598 3064 25
1623 3018 1695 3081 pro-

368 3111 456 3170 culus
490 3105 535 3168 vel
569 3124 723 3186 procerus
760 3110 841 3169 aleas
873 3125 1005 3185 maanes
1035 3109 1175 3170 sublimis
1206 3110 1338 3172 humitis.
1394 3126 1489 3191 panca
1521 3126 1599 3190 quae
1633 3110 1696 3192 ipse

368 3215 530 3278 Dositheus
553 3217 585 3277 in
609 3215 667 3277 irrue
699 3215 911 3296 disputationis
940 3215 977 3277 de
1005 3217 1184 3298 pronomine
1212 3215 1327 3280 addidit
1358 3236 1481 3303 graece,
1513 3235 1573 3281 non
1606 3217 1696 3281 latine

369 3327 481 3407 scripta
505 3331 574 3386 sunl
601 3371 608 3386 .
631 3322 740 3386 deinde
764 3321 801 3385 de
825 3321 932 3406 uerbo,
959 3343 1036 3405 qnae
1060 3343 1130 3408 pars
1154 3327 1185 3387 in
1209 3324 1351 3389 Bohiensi
1373 3326 1478 3390 codice
1502 3325 1582 3389 haud
1606 3324 1696 3388 dubie

370 3434 506 3499 mutilata
535 3441 600 3517 εει,
627 3432 706 3514 apud
735 3431 911 3496 Dositheum
940 3451 1052 3515 paucae
1081 3451 1137 3496 nec
1165 3436 1239 3497 satis
1267 3443 1335 3517 apte
1363 3434 1525 3518 dispositae
1554 3433 1697 3516 leguntur

326 3607 330 3614 ,
370 3543 592 3625 adnotationeS,
621 3559 698 3624 quae
721 3560 759 3604 ex
783 3536 1061 3606 ‘observationibus
1085 3538 1259 3607 rerhnrum'
1287 3546 1319 3606 in
1348 3545 1439 3606 tertio
1468 3542 1546 3607 lihro
1570 3541 1697 3606 Charisii

371 3639 492 3735 scriptis
512 3657 651 3733 receptae
671 3658 764 3712 siunt.
780 3668 884 3713 verum
900 3650 974 3713 haec
989 3670 1111 3734 qnoque
1126 3670 1162 3714 ex
1182 3651 1289 3714 endem
1308 3653 1405 3735 iente,
1424 3671 1441 3715 e
1460 3671 1520 3734 quo
1540 3654 1697 3734 superiora

369 3763 537 3844 linxerunt,
564 3761 658 3842 petita
682 3777 763 3842 esse,
792 3759 902 3822 indicio
927 3767 974 3822 est
997 3759 1166 3843 exemplum
1195 3763 1227 3824 in
1251 3762 1309 3823 ilne
1333 3761 1425 3825 huius
1448 3763 1543 3844 partis
1566 3765 1696 3844 positum

229 3919 235 3930 .
370 3891 398 3954 p.
423 3867 481 3954 35,
509 3873 586 3934 hene
614 3872 701 3948 apua
723 3871 924 3934 Sacerdotem
950 3873 1106 3960 studepur,
1141 3873 1190 3934 cni
1218 3871 1315 3934 simile
1343 3879 1391 3964 pst
1418 3868 1498 3952 apud
1522 3869 1696 3933 liositheum

370 3999 399 4062 p.
414 3976 457 4042 23
472 3979 548 4041 etin
568 3980 720 4060 excerptis
739 3977 940 4041 Bohiensihus
958 3997 987 4060 p.
1007 3975 1087 4062 534,
1101 3977 1145 4042 24
1168 3983 1310 4045 studente
1329 3981 1500 4044 Sacerdote
1519 3981 1697 4055 differentia

371 4093 495 4152 inuento
520 4095 564 4150 est
579 4135 586 4150 .
601 4085 639 4149 de
658 4086 784 4168 reliquis
802 4085 940 4168 partibus
959 4089 1104 4150 orationis
1123 4090 1154 4150 in
1173 4087 1316 4151 Bohiensi
1335 4088 1438 4152 codice
1458 4086 1532 4152 nihil
1551 4091 1697 4170 scriptum

372 4205 419 4260 est
442 4196 629 4261 ..Charisius
653 4205 753 4259 autem
777 4197 808 4258 in
833 4195 966 4258 secundo
990 4193 1067 4258 lihro
1092 4195 1128 4258 de
1153 4195 1200 4259 his
1228 4206 1388 4280 praecepta
1413 4199 1504 4261 trium
1527 4199 1696 4278 grammati·

290 4324 295 4333 ·
372 4324 492 4387 corum,
520 4304 700 4388 Cominiani,
729 4303 930 4385 Palaemonis,
957 4303 1026 4368 lulii
1049 4304 1189 4388 Romani,
1219 4309 1402 4391 composuit,
1429 4326 1446 4369 e
1475 4303 1587 4387 quihus
1616 4306 1696 4370 [iosi-

319 4419 321 4425 ’
375 4415 462 4477 tlreus
487 4433 521 4476 ea
545 4417 672 4477 maxime
697 4433 773 4497 quae
798 4413 973 4477 Cominiuno
998 4412 1175 4479 tribuuntur
1199 4417 1315 4498 recepit
1338 4463 1345 4478 .
1369 4432 1438 4477 nam
1466 4413 1557 4477 huius
1589 4433 1697 4478 nomen

373 4543 390 4585 a
413 4523 549 4586 Charisio
573 4523 754 4606 appellatum
777 4531 825 4586 est
844 4522 880 4586 de
905 4524 1063 4605 participio
1087 4542 1116 4606 p.
1143 4521 1271 4607 180,11,
1294 4523 1331 4587 de
1355 4521 1496 4586 adverbio
1520 4521 1698 4608 p.181‚15‚

374 4633 411 4696 de
435 4635 648 4696 coniunctione
679 4652 706 4715 p.
731 4629 866 4715 224,24,
898 4630 935 4692 de
968 4634 1189 4714 praepositione
1218 4652 1246 4715 p.
1275 4629 1387 4716 230,4,
1419 4630 1456 4694 de
1488 4633 1698 4696 interiectione

301 4746 303 4758 '
374 4761 402 4824 p.
426 4737 556 4823 238,19.
604 4741 794 4805 adeundam
819 4739 959 4802 videntur
982 4740 1159 4803 retexendae
1184 4759 1251 4804 esse
1282 4740 1507 4804 observationes
1537 4741 1698 4806 verborum

375 4853 406 4912 in
435 4851 524 4912 tertio
554 4847 645 4934 libro,
678 4849 715 4912 de
744 4848 855 4932 quibus
883 4847 1038 4912 Cluacisius
1070 4859 1139 4931 post
1167 4857 1308 4931 excerpta
1336 4847 1503 4912 Cominiani
1536 4848 1573 4912 de
1609 4849 1698 4914 verho
