3602 5482
698 303 897 362 uxoratus
1391 305 1453 374 321

117 422 141 461 p.
157 409 170 449 s
186 407 217 448 rr.

119 511 200 574 quae
215 488 285 555 est?
309 490 392 565 Quas
407 474 524 555 animos
543 493 700 559 hominum
721 512 891 577 sensusque
906 481 1035 576 quadam
1051 497 1152 576 specie
1168 497 1304 558 veritatis
1320 489 1324 580 l
1341 494 1459 577 inludit,

120 601 216 666 veluti
246 610 293 664 est
321 602 472 683 pictorum
501 611 533 666 et
558 605 824 686 praeungiatorum
854 652 860 668 .
893 602 976 677 uuae
1001 612 1048 666 est
1072 600 1335 686 μετειοτεχνίαι
1375 603 1458 677 Quae

121 691 274 774 dililoiles'
300 710 424 792 quidem
461 730 526 796 res,
569 730 630 776 non
670 720 772 776 taurea
812 731 869 776 usn
910 714 1098 776 necessarias
1133 712 1220 796 insit,
1257 710 1349 775 reluti
1387 722 1460 776 sunt

120 818 391 904 subsummatus,
413 819 585 884 funambuli
607 831 769 914 ceteroque
794 821 885 886 lrtrius
909 821 998 886 modl.

76 1087 91 1128 s
317 1003 319 1008 ⁵
595 1051 662 1168 nu.
682 1053 986 1124 assumamus

214 1203 414 1266 Grammatico
439 1203 511 1285 quld
536 1199 605 1266 est?
638 1201 770 1266 Saleutla
795 1203 1015 1288 interpretandi
1043 1213 1148 1288 poetes
1178 1213 1268 1287 atque
1297 1205 1539 1278 histoniensium

120 1321 153 1376 ει
181 1321 266 1376 reate
295 1309 448 1375 sarllrenrli
477 1311 681 1395 loquendique
715 1314 807 1394 ratio,
843 1303 909 1376 ἀπὸ
943 1309 1014 1377 τῶν
1048 1305 1271 1396 γραμμάτων,
1305 1311 1334 1375 id
1369 1323 1416 1376 est
1443 1333 1458 1376 ε

120 1420 248 1503 ιιιιεειε,
276 1423 326 1484 εει
350 1439 460 1484 nomen
485 1420 611 1484 latinum
636 1439 651 1483 a
676 1420 857 1503 qtribusrlam
882 1422 1052 1486 litteratura
1083 1421 1127 1483 rel
1157 1421 1327 1485 litteraliter
1357 1421 1458 1484 datum

120 1539 178 1593 est
235 1528 318 1593 Vnde
356 1531 490 1612 incipere
524 1527 616 1593 debet
648 1526 865 1612 grammatias?
917 1531 1045 1605 Quidam
1080 1529 1300 1612 [grammatica]
1337 1549 1353 1592 a
1386 1550 1459 1594 rore

79 1659 105 1698 ιο
122 1647 307 1723 coeperunt,
330 1637 380 1701 alli
404 1656 421 1700 a
445 1637 569 1723 litteris,
598 1639 648 1702 ulii
672 1658 688 1701 a
713 1638 847 1722 syllabis,
877 1637 926 1702 ulli
950 1658 966 1701 a
991 1637 1126 1722 ausibus,
1155 1657 1210 1704 nos
1234 1657 1249 1700 u
1275 1639 1459 1702 delinitione.

127 1750 190 1824 Qui
211 1755 313 1810 tomen
337 1755 505 1828 carperetur
527 1751 656 1810 trelius?
687 1749 795 1826 Vtique
818 1753 911 1826 arria
932 1747 1459 1824 definitionerelalitts1·ls.nsm

61 1869 67 1876 ·
120 1875 179 1919 vox
205 1854 349 1919 naturalis
373 1864 420 1919 est
444 1865 475 1920 et
499 1857 564 1918 sine
588 1859 783 1937 grammatica
803 1858 973 1919 communis
993 1873 1063 1918 anm
1087 1859 1236 1939 imperitis
1260 1905 1267 1918 .
1291 1855 1335 1920 illi
1358 1865 1459 1920 nutem

121 1968 176 2048 qui
199 1983 215 2027 s
240 1963 350 2028 litteris
374 1973 543 2048 coeperunt
566 1964 622 2027 heo
646 1963 785 2028 uidelicet
805 1967 854 2028 usi
878 1975 951 2028 sunt
974 1967 1108 2048 ratione,
1137 1965 1217 2047 quod
1247 1953 1464 2047 grsmrnatlcae

121 2073 197 2137 artis
221 2073 306 2136 initia
330 2091 347 2134 a
371 2091 444 2136 roae
469 2060 620 2158 oriantur,
645 2093 721 2156 quae
746 2073 905 2138 elementis
923 2083 1043 2138 constat
1063 2124 1069 2137 .
1089 2073 1279 2138 Elementum
1300 2073 1371 2156 quid
1392 2070 1460 2136 est?

80 2201 106 2242 ιε
121 2180 218 2245 Vnius
251 2184 401 2264 cuiusque
433 2185 479 2245 rei
512 2184 647 2266 initium,
685 2201 700 2245 a
733 2201 794 2265 quo
828 2185 959 2247 sumitur
992 2187 1215 2248 incrementum
1249 2193 1280 2248 et
1313 2185 1345 2246 in
1379 2183 1460 2265 qnod

122 2289 287 2354 resoluitur
311 2339 318 2354 .
343 2293 534 2376 vosigitur,
563 2285 765 2375 mulsimus,
793 2290 904 2354 littoris
929 2293 1056 2376 nititur,
1079 2292 1198 2356 litterae
1228 2281 1349 2374 syllabis
1379 2290 1458 2354 olau-

121 2400 252 2484 duntur,
286 2399 415 2483 syllabae
440 2403 470 2464 in
495 2400 659 2464 dictionem
685 2401 883 2482 conveniant,
912 2399 1004 2463 clistio
1032 2403 1201 2464 orationem
1230 2410 1333 2484 surget,
1363 2401 1459 2462 orutio

197 2664 212 2714 1
233 2657 371 2732 quatiam]
391 2657 533 2728 quaedam
552 2656 581 2712 Β
600 2657 725 2728 quodam
745 2656 784 2712 M
856 2655 983 2713 incluti
1006 2659 1051 2714 est
1074 2657 1269 2730 pictorum-et
1293 2657 1459 2730 praestigia-

120 2741 219 2796 torum
237 2755 328 2810 gsnus
353 2738 379 2792 V
449 2742 479 2795 ει
497 2755 548 2796 ont.
568 2737 645 2793 ΒΜ
717 2737 902 2809 mattotigm'a
916 2737 944 2793 Β
963 2737 1166 2810 mateodegnia
1182 2739 1220 2794 M
1292 2736 1459 2810 squidem]

121 2816 248 2888 quodum
268 2819 308 2876 M
356 2815 426 2884 ‚non
445 2823 543 2878 tamen
558 2818 623 2876 usui
638 2817 812 2876 amentarius
838 2818 864 2874 V
926 2820 1023 2874 ιεεεειι
1042 2835 1093 2876 ont.
1113 2818 1184 2874 ΒΜ
1244 2821 1459 2890 ιερεεεερεειε

119 2897 150 2954 Β
178 2902 329 2971 aperpecte
358 2900 396 2956 M
468 2900 614 2972 ceterique
649 2899 675 2953 V
746 2899 835 2972 modi]
865 2897 965 2956 mnndi
995 2899 1033 2955 M
1105 2907 1121 2957 ε
1146 2899 1369 2956 Grammatioam
1394 2899 1423 2956 Β

159 2987 175 3036 '1
200 2983 279 3038 rests
304 2982 446 3040 scribendi
471 2981 605 3054 loquendi
633 2981 670 3037 M
693 2983 769 3038 recte
792 2979 940 3053 (loquendi
965 2981 1029 3038 add.
1054 2983 1087 3037 in
1114 2998 1202 3052 susara.
1231 2999 1319 3037 aranu
1346 2983 1459 3052 recente)

121 3061 321 3134 amteudiqne
339 3063 368 3120 Β
441 3065 528 3135 apoto
546 3063 745 3135 grammatons
764 3061 794 3118 id
813 3062 912 3120 estad
932 3062 1037 3120 litteris
1056 3062 1085 3119 Β
1103 3065 1338 3134 εροειεεῖιεεειοε
1362 3061 1391 3118 id
1416 3066 1461 3120 εει

122 3141 265 3200 alitteris
281 3143 319 3200 M
367 3143 604 3216 iisqnibusdam
623 3141 802 3201 litteraturas
821 3144 869 3201 nel
887 3143 1068 3201 litteralitats
1087 3143 1187 3200 datum
1207 3145 1251 3200 est
1269 3143 1297 3198 Β
1316 3161 1335 3200 a
1354 3143 1457 3215 quibus

121 3223 223 3281 littera
250 3224 298 3280 uel
325 3227 404 3282 taras
433 3223 600 3281 littsratitas
623 3224 686 3293 (orn.
706 3224 807 3281 datum
831 3230 886 3296 est)
906 3226 952 3282 M.
979 3224 1172 3282 litteraturam
1190 3225 1233 3282 rel
1252 3225 1460 3282 litterationem

120 3308 335 3378 arumnaticarn
353 3313 442 3364 arten
465 3307 569 3364 dictam
592 3322 648 3362 esse
672 3305 798 3364 Varrone
821 3313 933 3364 auctore
956 3308 1076 3364 tradunt
1096 3308 1213 3365 Marius
1243 3307 1404 3381 Victorinum
1427 3326 1458 3379 p.

121 3393 178 3456 M
204 3389 383 3460 Auauatinus
406 3389 440 3446 de
463 3388 523 3447 ord.
549 3389 593 3445 ΙΙ
614 3393 709 3457 12,35
734 3405 788 3460 sqq.
815 3389 947 3446 Isidorus
971 3390 993 3444 I
1015 3391 1152 3458 3,1.·cs.
1178 3390 1272 3446 Diorn
1296 3407 1326 3460 p.
1346 3393 1459 3458 421,10

128 3470 290 3527 Weisnanns
317 3470 351 3527 de
385 3469 506 3526 Varrcn.
535 3471 599 3528 libr.
626 3488 742 3542 marum.
768 3483 809 3541 p:
827 3475 873 3527 99.
902 3475 963 3526 208
1038 3477 1054 3528 9
1084 3471 1202 3542 quidem
1230 3471 1319 3528 etiam
1343 3487 1361 3526 s
1390 3487 1459 3528 roos

123 3553 282 3626 εεερεεεει
309 3550 342 3622 V,
367 3550 485 3623 quidam
511 3552 692 3623 grammatici
716 3569 733 3607 a
757 3568 826 3609 rose
854 3553 1010 3622 cooperunt
1037 3553 1140 3623 scripsi
1167 3553 1234 3609 oiim
1310 3558 1342 3608 10
1367 3551 1418 3608 alii
1442 3570 1460 3608 s

122 3632 236 3692 wihus
259 3631 323 3689 BV
346 3633 394 3690 εει
418 3651 435 3690 a
460 3633 573 3690 casibus
598 3634 637 3690 M
708 3649 759 3690 uos
783 3650 801 3689 a
825 3630 995 3688 diffinitione
1024 3635 1053 3710 (a
1077 3633 1277 3690 diffinitionem
1301 3633 1341 3704 B)
1370 3633 1417 3690 nel
1440 3650 1460 3690 a

121 3715 228 3772 litteris
245 3731 312 3771 nam
330 3731 388 3770 uox
410 3714 485 3771 ΒΜ
502 3736 511 3769 .·
528 3715 656 3791 suppleri
673 3731 707 3772 ea·
734 3715 757 3766 V
832 3719 864 3769 ιι
891 3712 950 3770 sins
974 3716 1163 3788 grammatico
1189 3716 1227 3770 M
1300 3713 1459 3772 eommunis

122 3815 188 3854 oum
208 3793 349 3866 imperitis
368 3794 397 3851 Β
417 3796 574 3852 communis
599 3813 665 3852 cunr
687 3797 788 3868 peritis
809 3797 846 3852 M
864 3796 1023 3853 communis
1046 3797 1134 3854 etiam
1157 3814 1223 3852 cnm
1246 3795 1387 3868 imperitis
1413 3796 1459 3851 V:

121 3879 242 3947 sortasse
260 3877 419 3934 eommunis
438 3877 527 3934 stiam
551 3875 692 3948 imperitis
768 3885 801 3935 la
828 3877 876 3950 qai
900 3895 918 3934 a
942 3878 1061 3952 litteris]
1086 3893 1143 3950 qus
1166 3877 1271 3934 litteris
1289 3876 1319 3933 B
1391 3878 1457 3951 hac]

121 3961 179 4018 lroo
200 3957 238 4013 M
311 3964 345 4014 14
364 3974 384 4014 a
401 3963 467 4014 ante
485 3975 555 4016 roae
574 3975 626 4016 orn.
644 3960 689 4028 M,
708 3961 773 4017 add.
793 3960 821 4015 Β
894 3959 1080 4032 ειεειεειεει]
1101 3960 1227 4028 definitio
1246 3961 1383 4030 elementi,
1403 3979 1460 4033 qua

121 4056 205 4112 saepe
226 4055 285 4096 non
306 4040 451 4095 ruminata
474 4045 588 4095 armore
610 4041 657 4095 usi
678 4047 745 4097 sunt
767 4043 959 4113 mummolini,
985 4042 1102 4098 Marius
1127 4041 1288 4098 Victorinum
1309 4059 1338 4113 p.
1357 4047 1389 4112 4,
1409 4049 1458 4111 26,

122 4122 240 4194 Seruius
258 4121 332 4192 erpi.
345 4120 380 4176 r'n
392 4119 469 4177 Dan.
481 4138 513 4193 p.
529 4126 587 4177 487
591 4127 656 4190 ,15‚
674 4121 825 4178 Dositheus
841 4140 870 4192 p.
885 4128 938 4191 12,
957 4123 1066 4180 Probus
1084 4126 1148 4180 inst.
1164 4141 1196 4194 p.
1211 4129 1321 4193 cs,33‚
1341 4125 1458 4194 Scauro,

121 4208 155 4260 ut
172 4203 299 4270 uidetur,
317 4202 456 4258 intuitur
474 4219 493 4259 a
511 4201 646 4259 Diomede
662 4221 691 4274 ρ.
711 4209 838 4272 421,16‚
863 4205 983 4261 Scaurus
1003 4204 1044 4260 aio
1068 4221 1131 4262 eam
1158 4204 1270 4275 definit,
1294 4205 1392 4262 littera
1416 4211 1459 4263 sat

122 4284 203 4342 roais
222 4282 283 4341 sins
303 4299 376 4355 qnae
395 4283 481 4340 scribi
500 4285 596 4355 potest
616 4285 708 4343 farma
726 4331 733 4344 .
753 4286 925 4343 elementum
945 4289 989 4343 εει
1012 4285 1131 4342 minima
1154 4287 1197 4342 ris
1223 4288 1251 4343 et
1275 4285 1458 4344 indivisibilis

123 4367 246 4424 materia
268 4365 347 4422 rosis
370 4365 541 4422 articulatae
564 4366 613 4423 rel
637 4367 721 4425 unius
745 4367 881 4439 cuiusque
904 4366 946 4423 rei
957 4365 1091 4436 initium,
1117 4384 1211 4439 aquo
1230 4368 1352 4424 sumitur
1369 4368 1458 4426 inere·

123 4452 254 4507 mentum
274 4449 304 4504 et
321 4445 350 4504 ιε
371 4445 449 4518 quod
467 4448 633 4519 resoluitur,
653 4457 678 4508 et
696 4453 729 4506 in
747 4449 993 4520 explanationibus
1008 4448 1040 4504 ia
1053 4447 1199 4503 Donatum
1209 4465 1241 4519 p.
1256 4453 1364 4517 535‚5,
1383 4448 1458 4506 unde

123 4529 246 4588 Scaurus
266 4527 406 4597 ‘initium,
432 4543 450 4582 a
474 4545 531 4599 quo
555 4531 677 4588 sumitur
699 4530 929 4588 incrementum&
968 4530 1096 4586 Audacia
1119 4535 1261 4601 meerpta,
1285 4531 1459 4589 elementum

123 4641 157 4654 -
177 4609 209 4666 in
228 4607 303 4681 qnod
322 4608 489 4680 resolvitur,
509 4628 543 4668 ea
567 4610 705 4669 Vaticano
724 4613 817 4669 codice
834 4613 922 4669 edidit
938 4613 1039 4669 Maius
1058 4611 1136 4667 alass.
1156 4615 1230 4666 auct.
1244 4629 1268 4670 o.
1291 4611 1338 4668 VI
1346 4631 1377 4684 p.
1394 4619 1459 4683 553,

122 4710 157 4748 ea
174 4690 315 4747 Berrtertsi
334 4689 472 4762 Haqenuc
491 4694 586 4750 anecd.
602 4693 682 4750 Heia.
699 4713 730 4765 p.
748 4693 878 4750 XXXV
950 4699 983 4750 lt
1003 4692 1152 4765 cuiusque]
1172 4693 1252 4749 euius
1273 4694 1311 4748 M
1383 4713 1459 4752 sum·

122 4771 212 4830 mitur
230 4771 437 4830 incrementum
457 4775 487 4829 st
505 4771 535 4830 in
554 4792 610 4846 quo
630 4775 753 4832 soluitur
771 4775 977 4833 incrementum
996 4775 1086 4850 igitur
1106 4775 1143 4830 M
1155 4773 1283 4853 ¹sumitur
1302 4775 1458 4834 incremen-

123 4859 186 4910 tum
205 4853 293 4926 igitur
312 4855 340 4911 Β
415 4861 449 4911 16
469 4854 628 4916 nittiturB
704 4863 737 4915 li
757 4857 858 4934 dictio]
879 4857 968 4915 dictio
988 4873 1055 4916 uero
1077 4857 1113 4912 M
