3602 5482
752 257 952 316 uxcnnrrt
1091 291 1102 310 .
1448 254 1515 322 339

176 357 339 413 summ

179 442 260 525 qnod
280 461 378 524 genus
397 442 627 508 versificationis
646 463 744 528 usque
764 446 838 509 adeo
859 446 971 510 durum
991 453 1051 528 est,
1075 454 1189 510 utnon
1208 443 1368 509 invenusto
1388 442 1516 507 Albinus

178 551 211 614 ln
233 549 313 614 llbro
338 569 430 633 quem
453 550 490 615 de
515 553 621 615 menis
645 553 769 635 scripsit
788 555 831 616 ita
848 555 1001 636 posuerit,
1019 547 1044 633 †
1063 552 1143 634 quod
1164 561 1244 616 rotat
1262 553 1397 636 spondeo
1419 561 1516 616 totum

178 658 362 722 concludere
392 677 530 743 versum,
559 677 650 742 posse
678 661 830 742 patelieri,
862 662 947 741 iungi
974 658 1028 722 sed
1056 659 1207 744 dactylum
1236 672 1313 744 apte.
1361 661 1395 725 ln
1424 679 1515 724 versu

178 767 326 831 tredecim
355 766 538 850 syllabarum
566 777 641 850 quot
670 771 788 850 species
818 765 913 832 sunt?
956 768 1097 850 Quinque
1127 789 1135 831 ε
1164 771 1276 851 quippe
1309 771 1341 832 in
1370 787 1406 832 eo
1436 786 1516 832 unus
1618 777 1622 784 '

148 875 315 959 sdactylus
352 879 433 940 inter
471 875 622 960 spondeos
659 875 809 940 admissus
846 879 983 960 quinque
1020 875 1095 940 locis
1132 878 1304 941 lnrertitnr.
1351 875 1386 941 ln
1424 895 1514 940 versu

177 985 423 1066 quattuordecim
448 984 634 1069 syllabarum
657 995 735 1069 quot
757 993 830 1050 sunt
853 981 995 1070 species?
1038 985 1158 1050 Decem
1200 986 1283 1061 Quae
1318 982 1414 1050 sunt?
1455 986 1515 1049 Aut

177 1095 260 1156 enlm
282 1097 382 1177 prlmo
406 1104 438 1159 et
465 1096 600 1160 secundo
627 1093 695 1159 loco
723 1095 859 1178 dactylus
887 1097 1025 1179 ponitur,
1058 1103 1112 1158 aut
1138 1096 1237 1178 primo
1265 1103 1297 1158 et
1325 1097 1430 1180 tertlo,
1462 1103 1515 1156 aut

176 1203 276 1284 primo
310 1210 342 1266 et
374 1211 496 1288 quarto,
538 1215 590 1268 aut
627 1207 726 1289 primo
764 1213 796 1268 et
833 1205 953 1288 quinto,
990 1212 1043 1268 aut
1079 1203 1215 1268 secundo
1252 1213 1284 1267 et
1321 1205 1425 1288 tertio,
1462 1212 1515 1266 aut

177 1311 313 1374 secundo
332 1321 363 1376 et
382 1322 505 1396 quarto,
526 1323 579 1378 aut
598 1313 733 1378 secundo
756 1321 788 1378 et
811 1316 933 1397 quinto,
956 1321 1008 1376 aut
1032 1315 1122 1376 tertio
1147 1322 1179 1377 et
1201 1322 1324 1397 quarto,
1348 1321 1400 1376 aut
1423 1313 1513 1375 tertio

135 1433 163 1474 ιο
177 1429 210 1482 et
237 1421 358 1506 qulnto,
390 1431 443 1484 aut
470 1433 580 1504 quarto
608 1432 639 1487 et
668 1426 783 1506 quinto.
831 1423 911 1497 Quid
938 1423 971 1486 in
1001 1441 1091 1485 versu
1122 1422 1294 1505 quindecim
1323 1420 1514 1505 syllabarum,

176 1530 296 1610 species
324 1531 356 1592 in
386 1548 423 1593 co
451 1539 527 1613 quot
557 1527 651 1596 sunt?
693 1531 839 1596 Simillter
868 1531 1006 1595 decem:
1035 1549 1105 1594 nana
1133 1533 1215 1595 sicut
1246 1534 1277 1594 in
1308 1529 1358 1594 illo
1387 1534 1443 1610 qui
1454 1537 1515 1619 ,est

177 1609 425 1718 quattuordecim
458 1639 640 1722 syllabarum
673 1639 811 1724 dactylus
844 1640 945 1705 decies
979 1643 1126 1722 variatur,
1162 1642 1204 1705 ita
1241 1643 1273 1704 ln
1310 1640 1368 1703 boc
1401 1641 1514 1702 totiens

176 1745 332 1828 spondeus
365 1749 536 1812 invertitur.
588 1747 622 1812 ln
654 1767 746 1812 versu
779 1749 913 1812 sedecim
946 1749 1127 1831 syllabarum
1161 1750 1280 1832 specics
1312 1755 1387 1830 quot
1419 1743 1513 1811 sunt?

175 1851 317 1916 Totidem
336 1863 412 1935 quot
429 1857 462 1918 in
482 1855 644 1940 tredecim,
667 1856 697 1920 id
717 1865 765 1920 est
785 1859 935 1940 qulnque:
959 1876 1028 1921 nam
1048 1868 1082 1922 ut
1101 1861 1133 1921 ia
1151 1855 1202 1920 illo
1222 1856 1357 1939 dactylus
1377 1858 1512 1937 quinque
1620 1919 1623 1926 ,

133 1973 160 2016 rt
175 1959 251 2023 locis
274 1963 450 2046 invertitur,
479 1965 519 2026 ita
550 1967 581 2028 in
611 1963 669 2027 hoo
699 1964 853 2049 spondeus
881 1965 978 2028 isdem
1007 1965 1082 2029 locis
1111 1967 1224 2028 totiens
1253 1966 1394 2028 variatur.
1432 1962 1512 2036 Quid

174 2071 206 2131 in
227 2069 517 2153 sersu'syllabarum
538 2071 644 2136 decem
664 2081 695 2136 et
714 2067 856 2155 septem?
893 2071 1037 2136 Similiter
1056 2076 1088 2136 in
1108 2093 1144 2136 eo
1164 2081 1198 2136 nt
1216 2076 1249 2136 ln
1263 2070 1513 2154 duodecasyllabo

174 2179 294 2260 specics
318 2197 378 2241 una
402 2189 463 2244 est:
486 2181 599 2262 quippe
624 2179 673 2243 bic
697 2179 834 2263 dactylus
857 2184 992 2263 quinque
1016 2189 1136 2244 constat
1159 2181 1234 2245 locis
1259 2187 1385 2264 excepto
1404 2179 1512 2243 ultimo

174 2286 263 2370 pede,
287 2305 378 2368 quem
403 2306 528 2352 neccsse
554 2299 602 2352 cst
625 2287 803 2372 dlsyllabum
828 2307 910 2372 esse,
940 2307 978 2352 ne
1003 2289 1184 2372 syllabarum
1209 2289 1336 2374 ampllor
1364 2307 1512 2353 numerus

174 2403 302 2459 crescat
341 2394 421 2468 Ouid
442 2393 538 2479 ergo?
562 2415 767 2479 numquamne
786 2395 923 2480 dactylus
943 2399 973 2459 in
994 2398 1053 2462 llne
1071 2396 1219 2482 ponitur?
1255 2399 1361 2462 Potest
1379 2398 1512 2482 quidem,

132 2512 210 2567 ¹⁰nt
232 2503 298 2568 vult
320 2502 477 2589 Virgilium
507 2523 563 2569 nos
587 2514 689 2569 temen
712 2503 941 2568 observabimus
966 2525 1026 2569 non
1055 2509 1085 2570 iu
1110 2527 1146 2571 eo
1175 2526 1280 2591 versu,
1310 2509 1363 2590 qui
1392 2515 1511 2570 ceteros

173 2631 281 2676 omnes
304 2611 438 2695 dactylos
461 2611 585 2698 babeat,
607 2613 702 2677 veluti
724 2617 757 2676 ln
780 2615 930 2695 georgicis

337 2720 400 2774 ant
423 2729 569 2794 spumas
593 2715 751 2778 miscent
774 2716 920 2794 argenti
944 2719 1095 2799 viraque
1121 2717 1299 2801 sulphura
1309 2765 1319 2798 ,

172 2831 265 2895 quern
288 2811 410 2894 quidam
435 2813 621 2878 invertentes
646 2817 689 2878 sic
712 2815 831 2901 legunt,
856 2813 898 2882 ‘et
922 2815 1069 2900 sulphura
1092 2811 1170 2878 vira'
1196 2865 1202 2879 .
1227 2819 1300 2879 item

137 2909 141 2918 “
338 2909 394 2974 bis
417 2915 560 2993 patriae
584 2915 757 2980 cecidere
782 2937 923 3001 manus,
947 2919 1037 2999 quin
1061 2917 1233 2999 protinus
1257 2909 1417 2998 omnim}

132 3039 159 3082 n
174 3031 265 3096 quem
289 3010 411 3094 quidam
435 3031 490 3094 per
513 3013 660 3096 synaltlan
685 3016 864 3103 excludunt,
897 3028 932 3081 ut
966 3019 1017 3080 dat
1049 3019 1081 3080 ln
1114 3016 1286 3080 scandendo
1302 3023 1419 3099 omna,
1454 3034 1509 3080 nec

172 3120 354 3204 intellegunt
375 3120 522 3203 synalilan
546 3130 619 3188 tunc
643 3144 725 3210 csse,
749 3145 819 3190 cum
843 3127 961 3191 vocales
986 3129 1066 3190 inter
1090 3145 1122 3188 se
1146 3125 1315 3207 confligunt
1337 3143 1393 3187 seu
1417 3123 1509 3207 solae,

173 3241 209 3294 nt
237 3227 369 3294 ‘multa
397 3247 541 3312 quoque
571 3242 607 3297 et
633 3231 732 3298 bello
762 3229 920 3318 passus',
947 3253 1003 3298 seu
1032 3235 1212 3317 interpositu
1242 3243 1442 3316 consonante,
1476 3243 1510 3296 ut

173 3335 344 3403 ‘multum
367 3336 433 3400 ille
458 3347 494 3401 et
521 3336 663 3426 tcrrls',
692 3343 773 3424 quod
803 3362 995 3426 nequaquam
1023 3345 1055 3406 in
1079 3341 1226 3405 hocloco
1251 3341 1352 3405 adseri
1376 3351 1478 3424 potest
1501 3389 1508 3406 .

172 3450 285 3530 quippe
304 3445 461 3509 absolutus
481 3466 535 3530 pes
555 3458 602 3513 est
622 3443 756 3534 ‘omnia’,
780 3449 911 3514 velutin
931 3450 983 3515 illo
1002 3470 1108 3534 versu,
1132 3446 1271 3513 ‘omnia
1295 3449 1368 3513 lert
1393 3459 1509 3533 aetas,
1583 3441 1585 3446 ’

265 3583 279 3632 1
299 3581 377 3648 quod
395 3587 412 3639 e
431 3595 520 3654 genus
538 3578 567 3636 Β
641 3585 658 3634 1
677 3578 708 3634 in
726 3577 800 3635 liber
818 3597 903 3651 quem
923 3580 958 3638 de
977 3581 1077 3638 metue
1096 3579 1212 3652 scripsit
1229 3579 1257 3635 Β
1276 3579 1306 3636 in
1331 3579 1404 3638 libro
1423 3598 1508 3652 quem

173 3656 272 3712 metris
291 3659 406 3732 scripsit
426 3663 465 3718 M
536 3659 579 3716 iis
596 3662 726 3733 posuerit
745 3660 831 3718 Vits
848 3661 1153 3735 proposuissemus
1171 3661 1294 3718 omnbus
1312 3661 1422 3732 Albini,
1441 3678 1509 3734 qnos

171 3743 317 3810 corruptos
334 3742 434 3800 babuit
451 3743 573 3808 Audax,
592 3742 656 3798 dici
674 3743 754 3813 opstd
779 3741 954 3800 Victorinum
1027 3741 1103 3814 qnod
1122 3743 1204 3798 ueisl
1223 3743 1262 3798 M
1280 3741 1356 3812 quod
1376 3741 1465 3800 uilem
1480 3743 1508 3798 Β

132 3841 137 3848 ·
190 3823 207 3874 6
221 3835 322 3877 nomm
335 3821 364 3878 Β
414 3825 536 3884 iunceis
550 3824 599 3882 sed
613 3822 715 3882 dactili
729 3827 797 3897 apte
810 3824 839 3882 Β
890 3832 906 3882 6
922 3827 973 3882 sui
986 3823 1062 3881 enim
1076 3823 1104 3880 Β
1118 3824 1215 3880 cubem
1231 3823 1270 3878 M
1319 3828 1335 3878 i
1351 3827 1402 3880 sut
1415 3825 1508 3896 primo

171 3901 302 3959 atterlio
316 3920 368 3963 oss.
382 3905 419 3974 Β,
434 3909 500 3966 odd.
517 3908 556 3965 M
608 3915 625 3966 6
645 3910 676 3965 ei
694 3906 807 3980 quinto]
828 3909 879 3965 snt
896 3905 997 3978 quinto
1010 3906 1040 3961 Β
1101 3909 1135 3960 1ο
1154 3907 1205 3960 sut
1223 3904 1340 3978 quarto]
1360 3909 1390 3962 et
1405 3911 1507 3976 quarto

171 3981 201 4038 Β
219 4003 229 4035 .·
248 3984 300 4039 snt
318 3990 421 4057 qnsrtc
440 3992 472 4046 et
488 3989 588 4060 quinto
607 4006 659 4046 ors.
680 3989 719 4044 M
790 3989 861 4061 qnid
879 3989 1058 4046 interuersa
1076 3987 1105 4042 Β
1179 3990 1213 4041 11
1234 3985 1284 4056 qni
1303 3988 1507 4058 cetoruBM,

171 4065 237 4124 odd.
262 4064 290 4119 V
361 4074 395 4126 1s
413 4070 444 4126 in
463 4087 547 4128 uersu
560 4069 626 4126 XVI
645 4069 821 4141 syllabarum
836 4071 875 4127 M
891 4070 921 4127 in
939 4087 1038 4128 uerene
1057 4067 1156 4126 decem
1174 4066 1349 4138 syllsberum
1369 4068 1398 4123 Β
1473 4077 1507 4126 tt

170 4144 202 4202 in
221 4151 287 4204 oste
304 4146 356 4207 illo
375 4167 428 4208 osu.
447 4150 533 4220 ΒΜ,
551 4151 618 4208 odd.
643 4150 670 4206 V
741 4157 775 4208 16
794 4153 957 4226 totiensque
972 4150 1099 4207 vomatur
1118 4147 1145 4202 V
1218 4153 1251 4204 16
1266 4145 1508 4222 duedecasyllabn

173 4227 212 4284 M
284 4235 318 4288 16
342 4249 492 4290 nnmerum
516 4233 555 4289 M
626 4239 662 4291 16
685 4233 817 4306 ns'rgilins
843 4235 881 4291 M
904 4232 1040 4306 nargilius
1064 4231 1092 4286 Β
1171 4228 1386 4286 obseruabimus
1414 4231 1444 4286 in
1472 4247 1506 4288 eo

171 4325 257 4366 uersu
276 4309 315 4366 M
329 4313 545 4372 obsernsnimns
567 4331 625 4370 nou
647 4314 678 4370 in
696 4331 731 4371 eo
750 4332 831 4372 neren
850 4315 880 4372 Β
953 4321 987 4373 11
1006 4315 1113 4372 babeat
1130 4312 1159 4367 Β
1182 4310 1272 4368 babet
1291 4311 1329 4366 M
1401 4316 1507 4370 11111

170 4390 299 4463 muscas]
325 4391 672 4467 Verg.georg.111449
746 4397 883 4468 sulphora
908 4399 953 4466 M,
976 4415 1026 4454 osu.
1047 4395 1076 4450 Β
1149 4399 1184 4449 18
1204 4393 1234 4448 eb
1259 4391 1370 4448 sullnrs
1391 4392 1460 4449 nius
1477 4393 1506 4451 Β

171 4475 218 4530 ui·
231 4473 367 4546 sulphora
394 4476 463 4533 uine
482 4477 522 4533 M
593 4482 629 4533 14
652 4476 696 4534 bis
723 4477 847 4553 patrico]
882 4478 962 4551 Verg.
981 4479 1052 4535 Aen.
1078 4475 1125 4531 VI
1141 4478 1179 4532 33
1252 4479 1287 4531 16
1311 4473 1429 4547 quidum
1455 4491 1507 4547 per

171 4554 306 4612 ιίιιιιΜιιι
320 4554 359 4611 M
369 4557 486 4628 quidem
504 4575 556 4630 per
570 4557 720 4615 sinslidsno
739 4557 768 4614 Β
840 4561 902 4636 fiat]
923 4561 963 4618 sib
980 4559 1054 4616 ΒΜ
1125 4553 1222 4628 οιιιιιιι]
1243 4563 1310 4612 oms
1327 4555 1401 4611 ΒΜ
1470 4565 1505 4614 16

171 4635 369 4710 condignniB
443 4645 478 4696 11
498 4639 603 4714 mults]
629 4638 709 4712 Verg.
728 4643 799 4698 Aac.
820 4643 877 4700 15
950 4659 1001 4700 sen
1024 4640 1195 4712 interposite
1212 4639 1240 4695 Β
1265 4636 1316 4694 sed
1335 4637 1507 4710 interpositas

171 4715 212 4774 Μ
280 4719 455 4778 tumultum
474 4737 545 4779 corr.
564 4722 687 4778 multum
705 4722 761 4777 B.-
785 4722 864 4795 Vero.
884 4724 955 4782 Aere
976 4724 999 4779 I
1011 4728 1028 4781 3
1102 4727 1137 4779 11
1157 4721 1237 4779 solui
1254 4736 1307 4777 osu.
1326 4719 1364 4788 B,
1383 4722 1448 4778 odd.
1469 4721 1508 4778 M

207 4814 291 4856 nesso
308 4799 338 4856 Β
411 4801 508 4858 omnis
526 4802 594 4876 lert]
621 4802 700 4876 Vcrp.
720 4803 807 4864 barcoi.
826 4810 854 4877 9,
874 4811 909 4862 51
936 4815 938 4821 ·
1027 4867 1029 4874 ,
