3564 5482
194 383 197 390 .
591 327 663 386 ARS
691 323 943 386 eueumumce
1368 323 1434 390 417

95 441 123 480 p.
137 428 172 470 td.
186 430 214 472 Β
229 429 259 471 Η.

94 519 176 581 item
198 515 329 601 prodere
352 515 443 582 modo
466 523 536 580 ante
559 516 632 582 dare
656 518 817 602 significat,
841 525 875 580 ut
897 515 1027 600 prodere
1051 519 1178 600 patriam
1197 515 1323 598 dicitur,
1346 514 1435 578 modo

95 645 194 710 porro
218 625 291 690 dare
315 634 347 689 st
368 643 552 710 propagare,
574 634 610 690 ut

243 735 387 800 ltaliam
409 744 558 818 regeret
582 733 656 820 [et],
680 756 798 820 genus
821 736 894 800 alto
919 755 935 798 a
959 737 1137 817 sanguine
1160 737 1298 800 Teucri

243 845 430 928 proderet

49 967 64 1009 ⁵
97 962 132 1017 et
155 973 214 1039 pro
236 956 461 1039 praepositione
485 956 532 1038 in,
555 963 590 1018 ul
612 974 668 1038 pro
691 933 816 1040 rostris,
839 974 895 1039 pro
919 953 1077 1040 tribunali,
1101 965 1135 1020 ut

288 1063 549 1147 hirsutumque
574 1063 816 1148 supercilium
839 1067 1097 1150 promissaque
1121 1063 1246 1144 barba,

96 1173 132 1238 id
156 1183 205 1238 est
228 1175 376 1258 immissa3
399 1194 418 1234 s
441 1181 473 1238 et
494 1193 551 1257 pro
571 1193 608 1238 eo
632 1174 713 1258 quod
737 1183 785 1238 est
807 1165 910 1257 ὑπέρ,
934 1183 969 1239 ut

259 1303 367 1349 unum
390 1283 482 1348 illud
507 1282 590 1368 tibi,
614 1293 698 1348 nate
722 1284 801 1368 dee,
824 1302 963 1367 proque
988 1283 1156 1350 omnibus
1181 1304 1289 1350 unum

258 1395 477 1478 praedicam.

51 1523 82 1564 so
193 1503 240 1568 db
263 1513 295 1568 et
313 1523 352 1568 ex
370 1505 625 1586 praepositiones,
649 1505 676 1566 si
694 1521 826 1586 sequens
845 1502 971 1567 verbum
990 1523 1007 1565 a
1026 1503 1121 1568 vocali
1140 1505 1280 1587 incipiat,
1303 1506 1438 1587 integrae

98 1614 288 1696 efferuntur,
325 1621 360 1676 ut
391 1632 428 1678 ex
457 1612 581 1697 oppido;
616 1613 643 1676 si
666 1621 869 1676 consonantes
897 1621 1078 1698 sequantur,
1110 1623 1275 1676 extremam
1308 1612 1438 1678 litteram

97 1721 249 1806 perdunt,
269 1730 304 1786 ιιι
322 1741 339 1784 ε
359 1723 439 1805 ioro;
459 1705 614 1806 similiter,
631 1723 658 1785 si
677 1721 788 1786 vocalis
809 1718 814 1804 Ι
834 1729 981 1804 sequatur
997 1725 1228 1786 consonantium
1246 1721 1313 1786 loeo
1332 1723 1439 1806 posits,

99 1839 137 1895 ut
165 1851 182 1894 ε
211 1833 260 1893 via
282 1877 291 1894 .
314 1831 371 1895 lise
400 1841 501 1894 autem
530 1849 591 1894 non
621 1849 718 1894 unum
745 1830 886 1912 idemque
914 1833 1103 1909 siqnificout.
1149 1849 1208 1895 nec
1235 1835 1317 1896 euim
1344 1850 1439 1894 usum

99 1943 245 2018 idemque
268 1948 316 2004 est
344 1934 373 2003 ‘s
396 1939 515 2004 theatro
540 1933 639 2003 venio'
669 1948 699 2003 et
731 1934 779 2002 ‘ex
810 1933 950 2003 theatro'.
997 1958 1066 2002 uam
1095 1941 1147 2022 qui
1175 1940 1249 2003 dicit
1276 1959 1293 2002 a
1321 1939 1439 2004 theatro

53 2069 83 2108 ιε
100 2067 135 2111 εε
160 2049 282 2133 renire,
309 2069 371 2114 non
399 2068 434 2112 ex
464 2051 530 2131 ipso
560 2048 693 2132 theatro,
721 2047 775 2112 sed
799 2067 815 2110 e
839 2047 906 2112 loco
930 2049 983 2130 qui
1007 2057 1054 2112 εει
1082 2047 1200 2113 theatro
1224 2051 1381 2131 proximus
1405 2068 1438 2112 se

99 2160 208 2222 venire
238 2159 400 2242 significem
434 2160 487 2240 qui
519 2177 590 2220 sero
624 2176 661 2220 ex
693 2152 830 2239 theatro,
862 2176 901 2220 ex
936 2159 1002 2240 ipso
1030 2157 1150 2222 theatro
1178 2159 1328 2241 significat
1356 2206 1362 2219 .
1391 2157 1439 2220 his

99 2265 380 2351 praepositionibus
403 2285 492 2349 pares
516 2268 669 2330 contraria
702 2274 851 2349 potestate
881 2276 952 2330 sunt
981 2267 1017 2330 ad
1046 2277 1077 2330 et
1105 2269 1151 2352 ln,
1182 2285 1259 2349 quae
1292 2275 1323 2330 ει
1355 2269 1437 2349 ipsae

99 2395 163 2440 uon
187 2394 284 2442 unum
310 2376 452 2458 idemque
480 2376 665 2458 signldcant,
693 2377 763 2457 quia
791 2375 823 2438 in
850 2375 951 2438 lorum
983 2377 1029 2438 ire
1061 2384 1109 2440 est
1141 2379 1173 2440 ln
1204 2377 1305 2458 ipsum
1338 2376 1438 2440 lorum

98 2490 232 2569 intrare,
254 2484 292 2548 ad
307 2488 407 2550 iorum
421 2494 521 2550 eutem
536 2486 596 2568 ire,
620 2483 656 2546 ad
671 2481 772 2548 locum
787 2485 852 2546 loro
866 2485 1048 2566 proximum.
1095 2485 1234 2550 similiter
1254 2484 1289 2547 ad
1306 2483 1437 2548 tibunal

54 2614 86 2654 so
100 2597 187 2659 venit
209 2595 355 2679 litigator,
379 2597 411 2658 in
434 2591 568 2658 tribunal
591 2612 663 2657 vero
687 2611 810 2676 praeses
835 2601 887 2658 out
910 2593 1009 2657 iudex.

483 2731 485 2736 ¹
560 2787 622 2857 un
647 2786 984 2857 oomvucmouu

195 2938 377 3004 Coniunctis
400 2945 448 3002 εει
474 2957 545 3021 pars
568 2941 714 3002 orationis
742 2945 868 3002 nectens
896 2938 1100 3021 ordinansque
1130 2941 1311 3002 sententiam
1335 2987 1342 3001 .
1366 2957 1437 3002 eon·

99 3051 252 3115 iunctioni
267 3049 409 3113 occidunt
423 3049 518 3130 ligura
532 3047 608 3110 ordo
620 3055 763 3130 potestas.
792 3049 888 3130 ligura
903 3057 951 3111 εει
965 3066 1023 3129 qua
1038 3057 1171 3131 apparet,
1187 3056 1291 3112 utrum
1307 3047 1437 3130 simplex

100 3163 156 3236 sit,
189 3168 225 3223 ut
257 3157 394 3242 quidem,
427 3176 464 3220 an
498 3158 678 3240 composita,
710 3165 745 3220 ut
778 3157 919 3239 equidem
949 3205 955 3219 .
984 3156 1060 3220 ordo
1095 3176 1156 3241 quo
1189 3164 1327 3241 apparet,
1361 3176 1437 3240 quae

55 3300 86 3343 ,ε
101 3269 250 3353 praeponi
273 3275 391 3332 ιειιιιιιιι
414 3267 525 3349 possit,
554 3274 589 3329 ut
617 3283 699 3349 nam,
727 3283 803 3347 quae
832 3257 989 3348 subiungi,
1017 3274 1052 3329 ut
1081 3285 1154 3348 que,
1183 3285 1265 3346 quoe
1292 3269 1438 3350 praeponi

101 3388 134 3442 et
159 3376 317 3461 subiungi,
340 3385 373 3440 ut
398 3386 429 3439 et
453 3424 459 3438 .
483 3384 617 3459 potestus
640 3377 889 3438 coniunctionum
913 3377 945 3437 in
968 3373 1006 3436 Vl
1030 3377 1148 3458 species
1176 3375 1336 3440 dividitur:
1365 3384 1437 3439 sunt

102 3490 187 3551 euim
200 3485 402 3569 copulativae,
422 3484 571 3568 causales,
586 3485 824 3561 ratiocinativus,
838 3484 1016 3568 repletirae,
1030 3483 1244 3567 diiunctione,
1258 3483 1416 3548 dubitandi
1430 3533 1437 3547 .

101 3611 322 3624 -——

197 3672 290 3728 coda
308 3669 509 3742 Soepsllensis.
559 3675 573 3724 1
594 3668 676 3742 item]
694 3668 760 3726 ideo
839 3666 1015 3739 significator
1033 3668 1154 3742 prodere
1232 3677 1249 3726 2
1268 3671 1366 3744 porro]
1385 3687 1438 3743 pro

139 3755 176 3810 ut
188 3770 239 3811 om
315 3755 377 3810 tet
390 3768 441 3824 pro
456 3767 524 3823 prae
537 3750 568 3806 iu
581 3751 685 3823 postris
699 3767 751 3822 pro
765 3749 902 3806 tribunali
976 3749 1218 3825 tluirmtumque]
1229 3751 1269 3810 iie
1283 3755 1438 3823 utcumque

140 3834 244 3910 bubo]
264 3833 353 3891 uerbo
426 3832 492 3889 'lid
511 3832 566 3905 eat]
586 3831 625 3888 id’
708 3835 741 3888 ut
759 3849 810 3888 om.
891 3837 924 3887 12
943 3833 976 3887 ut
995 3831 1071 3889 eiero
1157 3839 1190 3890 le
1210 3850 1267 3890 non
1286 3851 1373 3890 unum
1390 3834 1437 3891 ide

103 3925 120 3977 d
140 3918 273 3975 suestre
348 3921 380 3971 m
401 3917 576 3988 poteststem
649 3913 735 3987 quae]
756 3912 833 3984 quod
905 3919 939 3968 21
960 3913 1010 3970 Du
1030 3912 1312 3973 CONIVNCTIOND
1332 3933 1383 3972 om.

103 4007 140 4058 23
160 4015 234 4070 quse
252 3999 375 4070 supparet
393 4013 430 4052 sn
449 3995 572 4068 simplex
591 3998 636 4053 est
717 4001 751 4052 25
771 4013 845 4066 quae
864 3996 961 4052 ultimo
980 3997 1038 4054 loeo
1056 4012 1107 4052 om.
1190 4003 1225 4053 ει
1245 3997 1438 4055 rationalium

197 4169 212 4218 1
232 4163 267 4218 nt
284 4157 404 4233 prodere
422 4158 546 4231 petriam
564 4159 670 4217 dieitur
692 4158 822 4232 proditor
840 4157 988 4215 Diomedes
1068 4159 1231 4235 tilelinm]
1262 4161 1341 4232 Vere.
1366 4163 1437 4219 Aes.

104 4246 269 4304 1111230
343 4247 359 4298 6
378 4239 591 4315 unumque]
617 4240 697 4312 Vere.
716 4241 804 4298 bucol.
824 4244 890 4308 8,34
964 4247 979 4297 'l
999 4241 1030 4298 id
1052 4246 1097 4300 eet
1118 4240 1250 4310 ἱιιιιιίεεες
1275 4245 1306 4299 et
1327 4259 1379 4315 pro
1403 4259 1437 4300 eo

103 4328 183 4401 qnod
201 4326 247 4384 eet
264 4321 334 4380 sissi
349 4322 426 4396 opud
446 4322 582 4394 Graecos,
610 4324 643 4380 nt
666 4339 731 4379 cnm
754 4322 874 4380 dicimus
899 4323 1025 4380 ‘cervum
1043 4341 1095 4396 pro
1115 4323 1286 4396 Iphigeniq’
1316 4327 1346 4382 et
1374 4325 1438 4397 ‘pro

104 4409 184 4467 dulei
201 4409 325 4466 Δεεειιίο
348 4402 472 4474 reniat;’
502 4407 533 4462 et
559 4423 610 4477 pro
635 4422 669 4462 eo
693 4405 770 4476 quod
795 4408 838 4464 est
860 4401 935 4477 isio
958 4405 1106 4462 Diomedes
1196 4407 1332 4480 8unum]
1358 4405 1436 4479 Vere.

103 4492 177 4549 Aee.
196 4489 262 4546 III
278 4492 334 4546 435
402 4488 506 4568 Ι1οΑιι
526 4489 556 4543 et
574 4487 621 4560 ex]
641 4487 734 4544 Βὲοει
750 4506 781 4559 p.
803 4488 1007 4556 dld‚3213edo
1024 4489 1058 4544 de
1076 4487 1196 4560 orldopr.
1211 4505 1243 4559 p.
1263 4493 1351 4556 263,3

106 4581 140 4630 18
159 4587 218 4630 non
239 4569 317 4627 idem
340 4586 486 4640 mumque
508 4568 682 4642 dgnidoent:
706 4585 759 4626 nec
783 4569 859 4626 enim
883 4587 970 4626 unum
995 4571 1038 4626 est
1062 4587 1079 4626 o
1102 4569 1216 4627 theatro
1240 4569 1337 4626 venire
1356 4573 1386 4626 et
1403 4587 1438 4626 ex

104 4655 219 4712 theuto
239 4651 385 4709 Diomedes
469 4656 502 4707 i'l
521 4666 604 4723 peres
627 4651 695 4706 sunt
716 4651 860 4708 connatis
882 4653 1026 4724 potestate
1051 4654 1118 4708 runt
1135 4651 1240 4709 codices
1257 4652 1366 4718 Bedese,
1389 4651 1439 4709 ubi

104 4751 190 4808 pares
209 4734 261 4792 aed
279 4731 423 4790 eontrsris
440 4733 530 4789 edidi:
554 4748 637 4804 peres
660 4747 711 4787 ors.
730 4732 878 4791 Diomedes
950 4740 985 4790 ιο
1004 4733 1130 4805 praeses]
1155 4736 1269 4804 prsetor
1291 4734 1439 4790 Diomedes

104 4823 131 4876 ει
149 4819 231 4876 Beda
303 4822 337 4872 21
358 4815 408 4872 ΒΕ
428 4812 722 4886 CONIUNCTIONE]
746 4814 855 4874 marea.
871 4835 902 4887 p.
922 4820 1031 4882 :ime
1050 4815 1144 4875 Diem.
1160 4833 1192 4887 p.
1212 4821 1313 4885 415,13
1332 4816 1437 4874 Donet.

102 4918 132 4972 p.
154 4903 263 4966 388‚28
336 4902 372 4952 et
390 4895 531 4969 praeponi
550 4899 580 4953 et
598 4894 733 4970 subiungi
751 4898 785 4954 ut
803 4898 891 4958 etism
911 4898 1059 4956 Clsmdsirss
