3610 5482
594 310 642 373 bu
662 315 961 374 ORTHOGRAPHIA
1399 313 1440 380 73

100 427 124 468 μ
138 419 197 462 ssss
211 417 237 460 e.

103 507 338 568 faeneratorem.
375 507 449 567 item
468 505 622 588 iocineris,
641 525 702 569 non
722 507 874 588 iocinoris,
898 506 1040 585 quoniam
1059 507 1267 569 ,facinorosum
1292 522 1442 568 vocamus.

103 619 148 678 sio
169 617 263 678 etiam
282 611 398 676 delirus
416 612 515 696 placet
535 613 675 697 Varroni,
695 634 756 678 non
776 613 912 677 delerus:
946 632 1007 676 non
1027 607 1123 696 enlm,
1147 622 1181 676 ut
1200 602 1320 696 quidam
1341 601 1442 676 existi-

103 733 198 805 mant,
222 740 239 784 s
263 740 372 804 graeco
397 733 491 786 tracta
516 741 573 786 rox
597 733 658 805 est,
682 716 773 806 παρὰ
797 714 836 786 τὸ
862 724 991 806 ληρεῖν,
1021 721 1074 784 sed
1098 741 1115 784 a
1139 721 1202 804 lira,
1227 721 1256 782 id
1280 731 1327 785 est
1351 720 1443 785 sulco.

102 836 145 896 ita
170 833 264 894 sicuti
287 831 389 915 bores,
414 851 483 896 cum
508 851 541 896 se
565 851 582 894 a
606 840 692 896 recto
711 841 780 894 actu
801 833 903 913 operis
922 830 1116 914 detorserim,
1140 829 1269 892 delirare
1290 829 1443 906 dicitntur,

75 943 148 1008 esic
179 943 233 1022 qui
262 959 278 1002 a
307 951 390 1004 recta
419 944 464 1004 via
492 943 570 1003 ritae
601 940 637 1003 ad
666 957 787 1022 pravam
817 939 982 1022 declinent,
1009 958 1065 1021 per
1094 937 1322 1001 similitudinem
1348 949 1443 1002 trans·

103 1049 227 1112 lationis
262 1052 336 1112 item
364 1049 492 1112 delirare
529 1051 748 1112 existimantur.
793 1047 891 1130 placet
919 1048 1009 1110 etiam
1037 1055 1072 1109 ut
1103 1045 1278 1110 Delmatiam
1310 1066 1441 1132 quoque,

104 1177 167 1221 non
192 1157 369 1220 Dalmatiam
396 1159 643 1240 pronuntiemus,
672 1160 814 1236 quoniam
839 1175 854 1218 o
878 1154 1030 1238 Delmino,
1059 1157 1185 1218 maxima
1214 1157 1450 1237 1111111111)νό-Ι

105 1271 231 1330 cinciae
254 1269 384 1346 civitate,
409 1274 537 1328 tractum
558 1283 669 1329 nomen
690 1266 889 1328 existimatur.
928 1265 1018 1326 lorias
1037 1267 1137 1344 etiam,
1158 1282 1218 1326 non
1238 1264 1346 1347 iereas,
1370 1282 1443 1346 quo·

106 1377 187 1436 oium
211 1373 292 1456 apud
315 1377 456 1456 antiquos
480 1374 582 1456 sosiae,
606 1392 667 1436 non
692 1373 790 1435 iescae
814 1371 912 1434 dictae
937 1380 1017 1434 sunt.
1055 1373 1127 1434 item
1151 1374 1270 1454 arispex
1294 1371 1331 1435 sb
1356 1375 1446 1456 ariga,

67 1516 91 1554 10
105 1502 184 1565 quae
217 1495 264 1546 est
294 1483 407 1568 hostia,
442 1502 503 1546 non
538 1501 679 1564 aruspex.
725 1491 756 1544 et
790 1481 926 1562 quamvis
957 1480 1135 1543 commendo
1166 1480 1316 1564 dicamus,
1346 1491 1446 1546 tamen

105 1590 288 1654 commendo
312 1595 343 1654 in
368 1592 589 1657 consuetudine
613 1600 669 1654 est.

198 1699 278 1764 ilinc
298 1710 466 1765 nascuntur
481 1705 573 1766 etiem
588 1703 782 1784 quaestiones
797 1700 959 1778 interdum,
979 1719 1055 1782 qnae
1071 1699 1323 1765 consuetudinem
1339 1723 1446 1768 noram

105 1819 252 1872 aretere
276 1809 468 1894 discernunt,
495 1820 599 1874 utrum
628 1808 772 1872 absorbui
801 1827 837 1872 an
865 1808 1004 1890 absorpsi
1029 1812 1183 1884 dieamus,
1213 1829 1283 1874 cum
1307 1812 1343 1875 ad
1368 1813 1445 1876 banc

106 1916 346 1999 disputationem
369 1922 524 2001 pertinere
549 1938 610 1982 non
633 1918 752 1996 debeat,
776 1920 834 1980 nisi
854 1917 934 1999 qnod
954 1921 1111 2001 proprium
1130 1929 1178 1982 est
1196 1912 1446 2004 dpdoypome'ug,

70 2057 93 2096 n
108 2035 215 2090 utrum
244 2046 300 2109 per
328 2026 347 2089 b
376 2030 519 2090 absorbui
548 2047 586 2090 an
615 2047 670 2111 per
699 2048 717 2109 p
748 2026 887 2108 absorpsi
916 2025 1009 2090 scribi
1038 2026 1153 2091 debeat.
1197 2037 1228 2093 et
1256 2029 1354 2112 pleoet
1382 2030 1447 2092 aliis

108 2134 303 2198 scribendam
327 2134 346 2197 b
370 2135 516 2218 litteram,
545 2140 687 2218 qnoniam
712 2134 837 2198 sorbere
861 2135 1010 2216 dieamus,
1040 2135 1106 2198 aliis
1130 2155 1163 2220 p,
1192 2141 1333 2219 quoniam
1358 2157 1447 2220 quae·

108 2262 241 2326 cumque
272 2243 351 2326 apud
376 2243 507 2307 Graecos
534 2264 590 2326 per
618 2243 649 2308 Ψ
682 2242 858 2307 scribuntur
888 2241 933 2322 [et
961 2251 1080 2306 constat
1103 2244 1177 2307 baec
1201 2245 1301 2310 littere
1326 2243 1362 2311 ἐκ
1384 2247 1448 2310 τοῦ

107 2361 151 2416 πῖ
170 2347 227 2416 καὶ
253 2352 381 2437 σίγμα],
405 2352 483 2434 apud
504 2371 560 2417 nos
579 2371 673 2435 perp
697 2361 759 2416 ets
783 2349 942 2414 scribenda
967 2353 1042 2435 sint3
1071 2353 1213 2436 idemque
1241 2357 1272 2418 in
1297 2355 1446 2419 similibus

1049 2476 1089 2508 Μ

202 2520 296 2578 Codes
316 2520 469 2578 Parrhasis·
506 2519 750 2577 tiosueratorem
823 2517 980 2591 idelirus]
999 2518 1071 2576 delis
1091 2519 1126 2575 0:
1146 2538 1194 2577 rus
1212 2537 1384 2592 creperum

109 2600 235 2674 deletus]
256 2600 386 2658 deletum
414 2660 417 2668 ,
477 2597 592 2671 sucos
613 2596 645 2656 τὸ
664 2604 745 2670 inpos
764 2599 815 2657 sed
835 2603 879 2656 est
897 2597 987 2656 letius
1006 2601 1086 2658 sulco
1177 2609 1194 2658 4
1220 2599 1298 2674 actu]
1318 2604 1384 2658 ocio

110 2683 273 2739 'tmuximo
288 2683 405 2740 ciuitate
479 2681 690 2740 sexistimetur
763 2683 836 2738 sab
851 2680 952 2753 ariugs
967 2697 1041 2752 quae
1055 2685 1131 2738 esset
1149 2683 1244 2739 bostis
1318 2689 1350 2739 11
1367 2699 1444 2740 oom—

109 2765 228 2835 msmdo]
255 2763 397 2820 domando
493 2769 525 2818 m
551 2779 625 2833 quse
649 2762 869 2819 consuetudines
893 2777 999 2819 nouam
1022 2779 1041 2818 s
1064 2765 1162 2820 uetere
1186 2762 1384 2820 discernuntur

112 2851 145 2902 ts
169 2845 299 2902 dicem
325 2861 377 2902 orn.
470 2850 506 2900 14
532 2839 747 2914 dpdopqsqrsm
840 2849 873 2900 11
897 2841 1028 2899 absorbsi
1050 2860 1101 2899 om.
1195 2850 1229 2900 lu
1257 2843 1449 2919 scribendum]

64 2975 69 2988 .
110 2927 287 2998 sequendum
351 2933 386 2983 ti
403 2923 436 2984 ἐκ
450 2927 502 2984 soi
517 2945 539 2982 rr
553 2925 603 2982 ssi
617 2943 658 2981 oc:
673 2923 749 2996 opud
764 2941 815 2981 uos
831 2941 881 2996 par
895 2943 914 2998 p
929 2923 1110 2982 scribendum
1124 2926 1247 2997 ideoque
1261 2928 1292 2983 in
1307 2926 1449 2987 similibus
1544 2959 1547 2962 >

206 3080 221 3128 1
242 3073 452 3147 foeneratorem
471 3073 500 3128 R
574 3071 643 3127 item
662 3067 796 3124 iocineris
816 3085 853 3125 su
872 3069 1007 3140 iocinoris
1021 3071 1139 3128 emissit
1153 3070 1291 3129 Sensimus
1364 3073 1450 3130 used

112 3157 156 3210 est
173 3153 265 3211 latins
285 3153 363 3212 sulco
381 3154 423 3224 R,
444 3155 495 3211 sed
513 3157 558 3211 ost
576 3153 667 3210 letina
686 3169 704 3208 s
722 3151 789 3221 lire,
809 3150 840 3208 id
859 3154 904 3208 111
922 3153 1001 3208 sulco
1019 3151 1191 3210 Ritsebelios
1208 3160 1312 3226 quaest.
1330 3154 1449 3210 Varron.

106 3252 138 3306 p.
157 3241 207 3292 29.
237 3235 466 3306 delirantium,
486 3235 576 3292 srutm
594 3235 696 3301 ductu,
721 3233 884 3305 cppellctur
904 3234 1052 3292 0111111111
1068 3253 1098 3306 p.
1118 3241 1220 3303 76,19
1313 3244 1329 3292 4
1349 3237 1449 3308 linque

111 3317 198 3374 sicuti
217 3317 246 3374 R
320 3317 452 3391 tplseat
470 3316 559 3374 etiam
577 3320 611 3372 nt
629 3315 804 3372 Delmatiam
827 3347 859 3356 -
877 3321 893 3371 9
912 3315 1007 3373 fessae
1027 3317 1122 3374 diotae
1141 3321 1208 3374 sunt
1226 3316 1320 3373 Velius
1333 3317 1450 3390 Lonpm

111 3399 190 3470 apoc
205 3397 331 3456 Cassiod.
342 3416 374 3470 p.
384 3404 467 3458 2287
502 3463 506 3471 ¹
540 3404 560 3470 t,
577 3395 713 3468 quonism
728 3412 746 3450 s
759 3395 904 3454 Delminio
918 3398 1044 3453 maxims
1062 3398 1181 3456 ciuitate
1201 3401 1325 3455 tracium
1345 3417 1449 3456 nomen

111 3479 292 3538 111111111111
305 3479 347 3552 R,
366 3479 502 3552 quonism
518 3495 536 3534 s
550 3475 694 3546 Delmino,
714 3476 840 3534 mommo
855 3477 980 3534 eiusdem
988 3478 1159 3550 ‚provinciae
1175 3479 1306 3550 cimbalo,
1325 3483 1450 3538 tractum

111 3578 215 3617 nomen
231 3559 411 3618 existimetur
424 3564 554 3630 eceeepta
570 3557 744 3616 Cassiodorii
817 3566 833 3615 8
853 3559 952 3631 suam]
974 3577 1088 3631 quoque
1106 3558 1135 3615 R
1162 3631 1164 3637 Ι
1209 3568 1226 3618 9
1246 3561 1318 3619 Ibem
1338 3562 1450 3635 arispex

111 3642 148 3698 sb
166 3642 283 3715 mingo,
302 3659 376 3713 quse
396 3645 471 3700 esset
493 3643 588 3699 hostio
607 3640 643 3696 R.
675 3642 769 3713 ‘origo
791 3645 823 3696 ui
845 3657 917 3711 quae
939 3641 978 3696 nd
1002 3658 1083 3697 oram
1106 3647 1248 3712 operetur.-
1275 3645 1323 3700 sed
1347 3649 1373 3700 et
1397 3646 1451 3700 olii

110 3726 283 3796 seripserunt
300 3725 432 3797 smgnm’
449 3726 565 3780 Iunios.
589 3722 626 3780 sb
644 3722 725 3794 urigo
738 3723 882 3792 scripsisse
896 3721 1161 3794 apporetLonpum,
1180 3727 1230 3796 qni
1248 3726 1284 3782 ob
1303 3743 1333 3783 eo
1349 3725 1450 3797 mispi-

111 3823 174 3863 cem
192 3807 300 3863 dictum
318 3823 372 3864 esse
385 3809 483 3864 soluit.
512 3804 613 3876 ariugo
627 3804 711 3861 codes
727 3803 864 3860 Varronis
883 3806 917 3860 de
935 3804 1003 3875 linp.
1019 3805 1067 3862 iot.
1083 3803 1110 3859 V
1122 3809 1168 3873 98,
1188 3806 1299 3878 harugs
1319 3806 1452 3864 Donatus

111 3891 142 3942 in
172 3888 233 3944 Ter.
258 3887 372 3946 Phoeni.
397 3889 484 3944 IIII
507 3892 538 3955 4,
563 3891 617 3954 29,
642 3883 764 3956 hervige
790 3884 871 3940 Paul.
895 3903 953 3944 ecc.
977 3887 1053 3944 Fest.
1077 3905 1107 3958 p.
1132 3893 1203 3956 100,
1228 3889 1302 3960 qnod
1327 3889 1451 3957 defessdit

113 3969 265 4026 Consanus
288 3971 322 4026 de
344 3972 482 4027 montisi.
507 3969 588 4024 latin.
607 3984 633 4024 u.
653 3965 675 4020 I
692 3981 722 4036 p.
744 3969 807 4022 509.
838 3967 938 4040 atinga
961 3971 1115 4026 coniecerat
1139 3969 1265 4042 Sealiqer
1288 3974 1399 4028 conieci.
1419 3975 1452 4030 lo

119 4049 202 4106 Vnrr.
221 4051 256 4106 de
274 4051 342 4123 linp.
362 4052 411 4108 lut.
426 4069 458 4122 p.
477 4054 516 4106 42
608 4054 644 4103 10
668 4051 765 4106 tamen
793 4051 898 4107 mando
918 4051 945 4108 R
1038 4058 1072 4107 12
1096 4051 1171 4108 Hinc
1190 4055 1343 4108 noscuntur
1362 4053 1450 4108 atium

112 4133 295 4204 quaestiones
319 4131 476 4199 interdum,
501 4129 605 4201 quibus
628 4147 704 4186 noua
728 4149 745 4188 a
768 4131 914 4189 veteribus
939 4131 1144 4189 discemantur.
1178 4129 1281 4188 Vtrum
1306 4132 1449 4202 absorbui,

112 4231 149 4270 sn
173 4214 316 4287 obsorpsi,
342 4231 406 4271 cum
425 4212 463 4270 sd
485 4211 559 4267 bane
583 4209 809 4282 disputationem
832 4213 974 4284 pertinere
993 4228 1051 4269 non
1070 4211 1185 4281 debeat,
1213 4212 1270 4268 uisi
1288 4213 1366 4284 quod
1384 4233 1449 4286 pro-

112 4295 207 4368 prium
231 4298 278 4352 esi
300 4289 513 4366 ὀρθογραφίαι,
537 4296 634 4350 ulrum
657 4309 709 4364 per
729 4294 748 4349 b
767 4311 803 4349 an
822 4311 874 4366 per
892 4313 912 4366 p
931 4294 1061 4366 obsorpsi
1085 4293 1170 4350 scribi
1189 4292 1307 4350 debeat:
1332 4298 1361 4350 et
1384 4294 1449 4352 aliis

114 4377 288 4448 sequendum
312 4376 331 4433 b
355 4377 483 4434 litteram
506 4375 548 4444 R,
572 4376 623 4431 obi
645 4391 682 4431 cu
706 4374 837 4446 obsorpsi
861 4375 906 4432 rel
931 4393 995 4433 cum
1014 4382 1061 4432 etc.
1091 4381 1116 4432 et
1139 4375 1286 4430 (1111111111
1310 4375 1374 4431 eliis
1393 4393 1449 4432 ser-

113 4457 246 4514 randab
270 4456 368 4514 littera
391 4457 505 4514 ridetur
527 4459 642 4529 scripsit
666 4457 872 4513 Wrimonnss'us
895 4458 929 4514 ds
953 4457 1035 4514 Varr.
1056 4457 1119 4512 libr.
1138 4473 1253 4527 mamm.
1272 4473 1301 4526 p.
1321 4461 1377 4513 177
1512 4484 1520 4491 ·

116 4545 147 4596 l't
167 4542 197 4596 11
215 4541 352 4596 conulent
369 4539 424 4595 bae
442 4539 542 4596 litters
560 4557 581 4592 rr
595 4557 611 4607 p
627 4555 657 4606 o,
677 4539 755 4611 apud
772 4557 824 4596 nos
843 4555 895 4610 par
909 4557 928 4610 p
943 4537 1130 4595 scribendum.
1160 4537 1285 4609 ideoque
1304 4537 1335 4594 in
1350 4537 1449 4595 simili-

113 4619 165 4676 bus
183 4619 369 4690 eorumdum,
388 4622 421 4676 ut
439 4619 469 4676 in
489 4637 522 4677 eo
543 4620 619 4692 quod
639 4621 684 4676 esi
701 4621 784 4690 urbs,
804 4623 834 4676 11
852 4619 949 4692 nupsi,
970 4622 1000 4674 11
1018 4619 1099 4689 plebs
1118 4617 1155 4676 R.
1185 4623 1215 4676 11
1241 4623 1355 4676 constet
1378 4619 1449 4676 bueo

114 4700 212 4756 lli’oertt
232 4695 266 4756 ds
284 4700 337 4757 τοῦ
357 4707 394 4756 πῖ.
409 4701 459 4756 καὶ
478 4701 565 4772 σίγμα
585 4717 618 4756 esu
636 4705 779 4772 strperiore
797 4703 988 4773 dispersum
1003 4719 1033 4773 p.
1054 4707 1099 4768 61,
1119 4707 1153 4770 8,
1180 4707 1213 4757 stt
1231 4701 1357 4770 viduor,
1374 4719 1450 4773 reps-

114 4781 168 4836 tua
184 4781 293 4838 seelttss'.
317 4781 413 4838 olinsn
431 4783 472 4838 ab
485 4783 536 4838 boe
553 4782 611 4838 loeo
630 4799 685 4840 esse
702 4785 787 4841 serbo
802 4785 986 4841 &notaverat
1005 4781 1144 4839 uentano
1215 4786 1248 4837 18
1267 4782 1401 4854 idemque
1420 4786 1451 4844 in

115 4864 255 4923 similibus
273 4869 411 4921 comestor
429 4865 532 4921 codicis
556 4862 689 4921 Vaticani
