3590 5486
360 315 425 386 178
905 319 1140 382 casstoboitir

361 433 383 472 p.
398 423 454 465 2³⁰0
466 422 492 464 P.

358 511 388 570 in
418 511 515 590 prima
539 507 649 591 syllaba
674 507 693 570 h
717 512 865 594 conduct,
893 513 925 574 in
949 513 1081 576 secunda
1105 531 1137 595 r,
1166 523 1199 576 ut
1226 512 1312 576 boris
1340 512 1408 576 bovi
1437 513 1544 578 borern
1568 532 1585 576 a
1610 513 1694 597 bore,

358 619 438 680 sicut
467 620 498 680 in
523 636 615 701 supra
638 617 719 706 dioto
742 621 922 700 pronomina
945 623 1067 684 variatis
1090 623 1247 685 contraria
1267 621 1376 684 litteris
1400 631 1519 687 constat
1541 623 1694 685 ellectum.

448 725 503 790 Bai
521 727 552 789 in
573 745 634 790 uno
655 734 772 790 tautum
791 730 914 810 repperi
932 731 1054 794 nomine
1073 730 1194 812 gaurerle
1219 732 1321 794 neutri
1344 729 1502 812 pluraliter
1525 733 1694 815 enuntiato,

358 832 387 897 id
408 841 455 896 est
475 834 633 918 battualia,
657 853 735 916 qnae
754 835 843 918 vulgo
863 835 984 900 battalia
1002 837 1160 922 dicuntur,
1179 855 1256 920 quae
1275 836 1295 900 b
1316 847 1429 910 murima
1450 838 1562 903 habere
1581 858 1693 922 coguo-

254 1005 259 1015 ,
358 945 464 1007 rimus.
503 945 735 1006 exercitationes
755 951 856 1007 autem
876 943 1005 1008 militum
1024 945 1071 1008 uel
1093 943 1293 1028 gladiatorum
1312 947 1468 1028 significat
1505 948 1576 1012 inde
1601 951 1720 1012 etiams

358 1051 546 1116 battuatores
568 1043 650 1128 τοὺς
673 1043 881 1133 βασανιστάς
904 1051 963 1116 dici
986 1061 1071 1134 puio.
1108 1055 1151 1118 rit
1173 1073 1230 1138 per.
1252 1075 1270 1116 r
1293 1055 1447 1136 scribitur,
1471 1065 1505 1119 ut
1529 1060 1609 1120 vitta.

450 1159 503 1224 Vir
535 1169 566 1223 et
600 1179 658 1224 ror
689 1160 891 1242 monosyllaba
927 1159 1019 1224 didici
1053 1163 1276 1245 tantummodo,
1313 1181 1389 1244 quae
1427 1181 1482 1244 per
1511 1182 1529 1222 r
1559 1163 1693 1228 litteram

359 1268 541 1334 scribentur.
580 1270 652 1333 allas
681 1269 798 1333 vocales
821 1288 839 1331 x
865 1269 988 1351 quidem
1016 1268 1135 1334 litterae
1166 1272 1367 1353 antepositas,
1395 1269 1415 1331 h
1443 1279 1545 1334 autem
1573 1269 1692 1336 litterae

357 1377 555 1440 cohaerentes
579 1377 671 1440 latina
695 1379 792 1442 nascit
815 1379 937 1440 omnino
961 1377 1110 1457 facundia.

231 1499 233 1502 Ι
356 1534 404 1602 VI
432 1535 493 1602 DE
521 1535 678 1604 MEDIIS
707 1532 921 1602 SYLLABIS
949 1535 1152 1605 EIVSDEM
1179 1535 1439 1606 ADAMANTII
1466 1535 1693 1606 MARTYRII
1708 1559 1735 1598 ιο

446 1666 488 1730 De
514 1667 634 1750 syllabis
663 1670 694 1731 ln
718 1667 867 1751 capitibus
898 1670 1054 1731 nominum
1082 1671 1204 1754 positis,
1232 1679 1378 1752 quantum
1406 1671 1576 1752 potuimus,
1599 1669 1605 1749 Ι
1626 1672 1693 1733 sine

351 1787 575 1804 ¹—-

446 1850 464 1899 4
482 1843 513 1901 id
532 1846 575 1902 eat
592 1843 737 1902 battualia
757 1841 873 1913 Carrio,
891 1841 922 1897 id
941 1846 986 1901 eat
1002 1843 1128 1901 battalia
1142 1843 1234 1900 aad
1318 1843 1453 1900 &cuntur
1470 1843 1499 1900 Β
1518 1844 1617 1901 dicunt
1635 1845 1696 1900 AO

392 1926 589 2000 cognoscimus
608 1926 637 1982 Α
710 1932 726 1981 b
745 1923 855 1997 autam]
874 1925 912 2012 at.
924 1924 952 1979 B
1025 1929 1042 1980 d
1062 1923 1231 1982 battiatorea
1251 1923 1276 1981 0
1348 1931 1382 1981 10
1401 1925 1574 1982 marian
1593 1924 1654 1982 AO

357 2013 389 2064 11
409 2008 556 2065 nominum
574 2007 603 2062 B
621 2007 745 2064 nominis
762 2006 822 2064 AC

987 2141 1692 2184 —fflz—-„-„-„

816 2297 1005 2354 nouitati
1022 2295 1071 2352 DE
1091 2297 1114 2353 B
1133 2296 1181 2360 ET
1201 2295 1227 2350 V

355 2468 481 2532 eandem
505 2469 636 2532 litteram
660 2468 861 2551 inuenirl„ut
883 2465 1019 2549 luppiter
1038 2465 1133 2550 louis,
1157 2465 1321 2529 notandum
1341 2464 1421 2546 qum
1446 2467 1537 2529 etiam
1560 2463 1609 2528 illa
1632 2483 1691 2546 per

355 2577 528 2639 rrucalem
555 2595 611 2660 pro
635 2583 821 2638 consonante
846 2574 1020 2638 scribentur
1043 2573 1165 2637 adlimae
1195 2576 1238 2636 uls
1267 2573 1396 2656 syllabae
1426 2576 1576 2638 seruantia
1600 2593 1690 2656 regu·

358 2685 432 2769 lam,
455 2704 544 2768 quarn
565 2685 656 2768 paulo
675 2694 745 2766 post
763 2702 837 2746 suus
856 2683 941 2746 loeus
961 2683 1149 2747 monstrabit
1187 2681 1244 2745 bus
1263 2681 1406 2765 syllabam
1424 2683 1456 2744 in
1477 2684 1573 2765 capite
1594 2683 1690 2744 nonai·

355 2795 404 2856 nis
427 2773 564 2876 positam*
580 2792 663 2856 nullu
688 2790 777 2855 modo
801 2795 935 2855 inuenire
959 2795 1054 2876 potui.

444 2900 499 2964 liat
522 2903 554 2964 in
573 2921 634 2964 ttno
658 2895 776 2966 tanturn
794 2903 916 2985 repperi
939 2903 1061 2964 numine
1080 2919 1192 2983 genere
1213 2910 1322 2963 neutro
1345 2899 1504 2982 pluraliter
1523 2903 1718 2984 enuntiatus

352 3009 384 3073 id
409 2997 464 3073 est
478 3009 635 3094 battualia,
665 3010 746 3092 quod
770 3008 790 3071 h
813 3019 928 3074 mamm
951 3009 1064 3074 babere
1087 3012 1293 3092 cognorimus.
1331 3012 1563 3072 exercitationes
1587 3019 1691 3072 autem

354 3118 483 3183 militum
504 3118 549 3182 rel
567 3118 767 3200 gladiatorum
787 3117 943 3199 significat
979 3116 1049 3180 inde
1069 3121 1159 3181 ctiam
1178 3117 1365 3180 battuatores
1382 3108 1463 3192 τοὺς
1481 3109 1692 3198 βασανιστάς

354 3217 415 3290 dici
438 3237 521 3311 puto.
559 3227 611 3290 bet
634 3227 764 3289 deiicere
789 3227 932 3306 comperi.
970 3227 1012 3288 rit
1039 3244 1095 3308 per
1118 3245 1138 3292 r,
1163 3224 1334 3306 digammon
1357 3225 1517 3308 scribitur,
1545 3229 1590 3288 ut'
1606 3227 1690 3288 vitta.

353 3333 407 3398 bot
430 3335 485 3399 but
509 3319 638 3418 syllabas
661 3351 820 3397 romanum
844 3335 967 3414 penitus
992 3350 1051 3396 nou
1076 3333 1207 3404 admittit
1230 3331 1393 3414 eloquium.

355 3455 357 3460 ’
443 3444 499 3508 Vix
518 3464 575 3508 uox
594 3440 797 3524 monosyllaba
816 3440 908 3504 didici
932 3442 1155 3524 tantummodo,
1179 3459 1256 3523 quae
1280 3460 1335 3521 par
1359 3461 1375 3502 r
1399 3441 1531 3505 litteram
1553 3441 1688 3504 vocalem
1705 3455 1730 3494 1⁰

354 3556 386 3617 in
410 3555 641 3616 consonantium
664 3558 846 3634 potestatem
870 3549 1038 3613 traductam
1062 3550 1243 3614 scribentur.
1281 3550 1353 3612 alias
1377 3549 1535 3612 vocalesr
1564 3547 1689 3630 quidem

352 3663 552 3746 antepositas,
581 3660 725 3725 bautem
754 3660 871 3724 litterae
903 3657 1101 3723 cohaerentes
1129 3678 1185 3742 per
1209 3657 1382 3722 articulatas
1405 3675 1495 3720 voces
1519 3659 1688 3729 consistere

269 3837 277 3851 ,
355 3767 446 3831 latina
471 3770 596 3832 nimium
619 3770 769 3850 ignorarit
792 3767 940 3831 facundia.

421 3925 677 3994 ADAMANTII
706 3923 806 3991 SIVE
834 3922 1059 3991 MARTYRII
1087 3920 1304 3992 SARDIANI
1333 3921 1619 3991 GRdItIMATICI

351 4032 559 4112 EXPLICIT
577 4032 638 4100 DE
658 4031 801 4099 PRIMA
818 4028 1006 4099 NOMINIS
1031 4029 1235 4099 SYLLABA
1253 4031 1422 4101 INCIPIT
1445 4031 1507 4100 DE
1531 4029 1687 4098 MEDIIS
1704 4051 1730 4090 15

782 4135 995 4206 SYLLABIS
1018 4123 1255 4209 FELICITER

372 4343 375 4350 ,
445 4275 486 4338 lie
506 4274 627 4358 syllabis
646 4276 676 4336 in
697 4273 794 4355 captia
814 4273 970 4333 nominum
992 4271 1109 4354 positis,
1123 4283 1269 4353 quantum
1288 4273 1452 4355 potuimus,
1470 4271 1535 4333 sine
1550 4277 1686 4351 praeter·

364 4458 376 4472 ‘
444 4459 624 4516 aberrantia
643 4457 673 4512 P
689 4454 858 4514 servandam
877 4454 912 4509 N
981 4453 1139 4510 tinvauiri
1156 4455 1192 4511 N
1261 4455 1408 4514 obstulis
1425 4459 1451 4510 et
1468 4453 1500 4508 ia
1518 4467 1606 4524 marg.
1621 4453 1687 4510 bat·

351 4540 444 4596 tuaiia
469 4540 508 4608 Ρ,
533 4537 662 4597 batuelis
684 4537 719 4594 N
790 4542 805 4592 't
829 4535 876 4593 val
899 4550 950 4592 om.
974 4532 1018 4602 N,
1042 4533 1108 4589 odd.
1133 4533 1162 4589 P
1229 4537 1394 4594 hatuatores
1413 4535 1456 4605 N,
1480 4549 1550 4590 corr.
1569 4532 1686 4590 battua·

352 4625 429 4679 turea
450 4623 479 4678 P
542 4618 718 4677 ascribetur
736 4618 765 4674 P
826 4621 858 4676 ut
875 4615 951 4673 vitta
968 4631 1020 4672 otu.
1038 4614 1079 4682 Ν,
1097 4615 1163 4674 add.
1184 4617 1213 4672 P
1274 4616 1449 4688 animitate]
1468 4613 1598 4671 ammisit
1615 4612 1645 4668 P

353 4707 386 4759 12
406 4703 558 4759 coherente
576 4701 765 4773 particulatas
783 4715 868 4756 voces
886 4697 921 4752 Ν
941 4696 1105 4753 coherentes
1129 4698 1296 4755 coherentes
1321 4697 1489 4754 articulatas
1507 4711 1592 4752 voces
1613 4696 1643 4751 P

353 4790 387 4839 14
412 4781 628 4841 annuntiati
655 4781 739 4838 SIVE
766 4777 954 4836 MARTYRII
979 4777 1159 4836 SdltleNi
1184 4776 1424 4836 GRAMMATICI
1452 4781 1478 4832 ei
1504 4774 1687 4835 SYLLABIS
1781 4827 1785 4836 .

351 4863 549 4922 FELICITER
566 4880 617 4920 oto.
636 4863 676 4932 Ν,
695 4863 760 4920 odd.
781 4861 810 4916 P
880 4866 913 4917 it
934 4859 995 4916 siue
1013 4859 1137 4931 quadam
1154 4861 1275 4930 utputo
1295 4857 1541 4930 praetermissione
1560 4857 1590 4912 P
