3610 5482
345 332 389 398 62
897 325 1000 384 vain
1018 325 1134 386 conor

347 441 369 480 p.
385 431 439 474 2225
453 429 479 472 Ρ.

961 523 1069 598 atque
1094 531 1292 578 accurrere
1316 514 1459 578 scribas

409 651 411 656 ·
511 623 579 688 dne
602 642 644 687 au
668 643 699 706 c,
722 641 792 686 uon
816 623 991 704 estquod
1015 641 1172 704 quaeras
1187 601 1302 704 'atque
1326 621 1482 686 labores.

347 729 397 793 ille
417 729 540 812 quidem
558 751 618 796 nou
637 733 753 815 putavit
767 731 919 794 Interesse
939 733 1122 814 scripturae3
1146 729 1198 793 sed
1218 733 1245 794 si
1264 749 1358 794 sonus
1378 731 1557 807 consulitur,
1580 733 1678 793 inter·

349 847 397 902 est
420 842 539 903 aurium
557 849 592 903 ιιι
614 858 631 901 c
653 839 755 921 potius
778 854 869 918 ιιιιιιιι
891 837 912 900 d
935 837 1094 902 scribatur.
1130 846 1171 901 at
1194 841 1300 924 siquis¹
1314 842 1346 902 in
1370 839 1417 902 bis
1446 846 1570 920 quaerat
1595 839 1680 900 voci·

349 945 424 1028 bus,
447 966 525 1029 quae
547 948 697 1028 incipiunt
720 964 736 1006 a
759 943 859 1008 littera
883 954 908 1029 t,
931 948 1041 1009 merito
1064 944 1273 1020 indifferenter
1300 947 1476 1011 scribuntur
1500 951 1608 1012 attinet
1631 955 1709 1010 ιιι-5
1791 957 1793 962 “

188 1089 199 1106 .
350 1061 454 1117 tentus
473 1064 505 1130 et
522 1053 637 1118 adtinet
655 1053 805 1136 adtentus,
829 1055 970 1135 quoniam
990 1053 1133 1116 utralibet
1151 1053 1251 1116 littera
1271 1057 1383 1138 scripta
1403 1055 1532 1118 eundem
1552 1055 1682 1119 auribus
1787 1033 1793 1074 ³

156 1159 162 1166 '
281 1135 296 1151 ⁸
348 1179 457 1224 mnurn
484 1161 624 1226 reddunt
671 1179 728 1224 nec
755 1163 856 1224 ninus
885 1179 919 1224 ea
948 1180 1024 1243 quae
1049 1164 1108 1241 ag'
1138 1160 1247 1224 littera.
1265 1163 1415 1244 incipiunt
1442 1165 1558 1227 uariam
1585 1163 1681 1226 buius
1790 1143 1793 1182 i

225 1338 228 1344 Δ
345 1271 580 1352 praepositionis
608 1271 855 1333 enuntiationem.
903 1287 971 1332 nsm
1000 1269 1153 1332 interdum
1182 1269 1254 1332 elisa
1279 1269 1299 1331 d
1328 1269 1427 1333 littera
1451 1290 1470 1352 g
1497 1274 1682 1354 geminatur,
1790 1251 1793 1290 ³

347 1385 383 1438 ut
405 1387 535 1460 aggerat
581 1385 628 1440 est
651 1380 741 1440 etlam
765 1377 817 1441 nbi
841 1397 965 1441 necesse
991 1386 1037 1440 est
1060 1376 1137 1439 banc
1162 1375 1180 1438 d
1205 1376 1335 1440 litteram
1361 1380 1487 1441 interire
1515 1378 1596 1441 nulla
1620 1379 1681 1442 alia
1790 1359 1793 1400 Ὗ

347 1483 524 1568 substitute,
555 1495 588 1548 ut
616 1487 648 1546 in
676 1503 712 1548 eo
744 1484 824 1567 quod
855 1496 902 1548 est
932 1487 1045 1568 aspicio
1075 1483 1214 1546 ascendo.
1261 1493 1292 1546 at
1323 1483 1506 1566 ubicumque
1535 1494 1548 1546 t
1575 1485 1680 1549 littera
1698 1503 1726 1542 ιο
1792 1469 1793 1506 ³

347 1591 491 1655 scribitur
515 1610 571 1654 neo
595 1595 627 1654 in
653 1595 798 1655 unitatem
822 1595 905 1656 venit
928 1611 998 1656 cum
1022 1592 1078 1655 alia
1101 1601 1187 1674 parte
1211 1593 1370 1674 orationis,
1399 1594 1464 1656 sine
1488 1591 1680 1656 dubitatione
1792 1579 1793 1616 ³

285 1693 292 1700 ”
345 1701 441 1762 riee'm
470 1699 594 1762 alterim
626 1702 721 1782 partis
749 1702 894 1762 orationis
922 1699 1067 1782 ostendit,
1095 1708 1127 1762 et
1149 1707 1198 1761 est
1224 1701 1398 1762 coniunctio
1426 1699 1605 1763 disiunctiva
1638 1709 1681 1783 at,

345 1814 380 1868 ut
402 1805 525 1870 Persius
1390 1787 1397 1800 ⁸

507 1924 541 1976 at
564 1923 597 1978 te
623 1917 818 1988 nocturnis
842 1915 942 1976 iurat
964 1911 1223 1993 impallescere
1248 1914 1398 1978 cbartis.

348 2019 479 2100 quodsi
503 2023 685 2104 eritpercl
711 2024 858 2105 scriptum
887 2021 937 2106 ad,
966 2038 1027 2082 non
1055 2030 1172 2084 tantum
1200 2021 1414 2105 orthographia
1441 2023 1592 2108 peccabit,
1621 2025 1678 2087 sed
1697 2039 1724 2082 aa

348 2131 437 2192 etlam
460 2129 638 2210 significatio
661 2131 783 2195 errabit.
821 2140 868 2194 est
891 2132 981 2193 etiarn
1004 2127 1057 2192 ubi
1081 2137 1216 2192 transeat
1239 2131 1258 2192 d
1282 2133 1313 2193 in
1337 2131 1356 2214 i,
1380 2133 1406 2193 si
1429 2131 1466 2193 ab
1489 2131 1545 2194 bac
1569 2131 1679 2196 eadem

346 2234 444 2298 littera
468 2256 526 2299 vox
549 2255 680 2319 sequens
704 2243 841 2322 incipiat,
869 2247 904 2301 ut
928 2245 978 2300 est·
998 2235 1134 2320 ailigere,
1162 2256 1218 2299 nec
1242 2257 1362 2322 semper
1390 2248 1504 2324 tamen,
1532 2243 1680 2322 quoniam

251 2357 255 2365 ·
345 2343 473 2406 dicimus
502 2343 624 2407 adluere
648 2355 679 2410 et
701 2347 822 2440 adloqui
846 2353 876 2408 et
899 2343 1003 2407 adlabi.
1051 2343 1187 2406 abbitere
1217 2349 1307 2408 etiam
1336 2347 1457 2428 quidam
1481 2351 1630 2430 geminata
1653 2347 1701 2409 b·

360 2547 366 2555 ⁸
434 2571 527 2628 donee
546 2571 696 2628 Parrhasii
750 2575 890 2630 teoribee
985 2579 1057 2627 tan
1077 2569 1105 2643 c]
1126 2569 1205 2626 anT
1297 2574 1384 2646 quod]
1409 2577 1480 2646 quot
1572 2575 1676 2648 atque]

344 2667 433 2722 aeque
519 2660 537 2709 4
554 2655 588 2708 ut
606 2650 629 2706 Τ
649 2651 744 2723 potius
809 2652 850 2725 at]
871 2655 904 2708 ιιι
976 2659 993 2708 b
1012 2651 1153 2708 scribatur
1171 2651 1294 2708 attineat
1311 2657 1439 2711 attentus
1458 2656 1584 2712 etmarias
1603 2675 1676 2728 quo·

344 2733 421 2788 niam
476 2731 729 2810 8praepositiopis
743 2733 980 2805 enuntiationem]
997 2733 1201 2790 enuntiationis
1216 2735 1456 2807 praepositionem
1512 2737 1675 2809 adporte-
1728 2742 1731 2747 ’

341 2868 416 2923 aiore
433 2867 491 2924 loeo
509 2883 560 2925 om.
581 2868 616 2936 0,
635 2869 735 2927 ndd.c
800 2875 833 2926 10
852 2869 894 2940 at]
915 2827 945 2936 it
964 2867 998 2924 0:
1018 2886 1036 2925 a
1054 2885 1225 2940 mtpmm
1290 2877 1323 2927 tt
1343 2869 1619 2928 disiunctinaitant

343 2952 378 3002 14
396 2947 582 3019 inpallescere
657 2955 691 3006 ib
710 2949 794 3022 perd
812 2949 962 3073 acripqqm]
981 2949 1172 3021 perscriptum
1244 2969 1301 3008 non
1315 2951 1441 3025 mnium]
1461 2953 1618 3009 notandum

344 3081 476 3154 peccauit
554 3087 588 3136 1c
608 3067 715 3149 errauit
786 3085 849 3158 ubi]
869 3043 905 3153 ib
927 3083 961 3140 0:
980 3081 1029 3138 nbi
1048 3097 1218 3152 supersum
1295 3091 1328 3141 1⁷
1348 3101 1459 3157 semper
1478 3087 1501 3143 T
1520 3089 1661 3142 ιιιιιιειι·

346 3167 379 3216 18
398 3161 506 3245 adlabi]
527 3161 624 3252 adlani
697 3163 839 3237 abbitsre]
860 3163 958 3220 abbirs

433 3385 447 3434 1
467 3380 554 3450 utque
573 3393 720 3436 accurrere
738 3381 845 3439 scribes
867 3381 982 3438 coniecit
1000 3379 1037 3435 F.
1057 3379 1158 3435 Douao
1176 3379 1269 3437 Lucil.
1288 3386 1340 3437 sat.
1358 3382 1406 3438 rel.
1422 3399 1453 3452 p.
1473 3387 1522 3453 44,
1541 3382 1672 3454 accipere

341 3461 427 3530 atque
451 3475 598 3515 occanere
621 3459 729 3518 scribas
753 3460 923 3518 Schmidtiua
946 3459 1037 3517 Intrat.
1061 3465 1114 3516 act.
1134 3459 1153 3516 t.
1173 3460 1227 3515 IX
1249 3463 1542 3536 (Beroliui1840)p.
1562 3469 1598 3520 14

343 3545 360 3596 2
379 3539 441 3596 Due
456 3557 493 3596 an
507 3539 530 3595 T
544 3555 602 3596 nou
616 3543 661 3596 eat
674 3539 715 3610 R,
734 3539 796 3599 Due
811 3559 848 3598 an
862 3542 883 3598 C
898 3558 955 3598 non
975 3545 1019 3598 est
1034 3542 1218 3599 Omanaeb'nua
1236 3549 1262 3598 et
1280 3543 1381 3599 Deraso
1454 3545 1530 3616 quod
1550 3561 1672 3616 quaeras

335 3619 421 3694 ¹seire
439 3620 551 3677 labores
571 3621 726 3678 Muellerus
745 3623 836 3680 Lucet.
855 3630 908 3680 aot.
927 3623 975 3680 rel.
992 3641 1021 3694 p.
1037 3627 1074 3678 47
1125 3628 1141 3678 ³
1161 3613 1211 3678 sed
1230 3623 1340 3680 scilicet
1358 3624 1383 3680 ei
1401 3639 1485 3681 sonus
1504 3627 1671 3698 consulitur,

342 3699 462 3757 intereat
479 3702 603 3770 aurium,
622 3701 694 3757 utT
712 3703 808 3774 potius
828 3705 953 3774 quamD
974 3703 1122 3762 scribatur.
1156 3704 1196 3759 Vt
1215 3705 1239 3760 ei
1258 3705 1322 3775 quis
1341 3705 1371 3760 in
1389 3703 1435 3760 bis
1454 3709 1574 3776 quaerat
1591 3709 1671 3764 voci-

340 3779 407 3849 bus,
434 3798 508 3852 quao
530 3781 708 3856 incipiente
729 3784 828 3841 littera
846 3784 869 3840 T
888 3784 992 3841 merito
1016 3783 1211 3840 indifferenter
1229 3783 1355 3839 scribant
1374 3783 1509 3854 attineat,
1533 3789 1671 3858 attentus,

339 3864 478 3931 attentas,
498 3865 634 3933 quoniam
652 3863 681 3920 R
763 3865 813 3921 sed
831 3865 869 3938 si]
888 3865 936 3922 sed
956 3883 986 3921 .s.
1006 3865 1032 3920 si
1050 3865 1134 3920 codes
1158 3861 1256 3918 Vrsini
1338 3871 1355 3919 4
1382 3866 1415 3919 ιιι
1434 3881 1448 3920 c
1468 3867 1671 3938 potiusquam

338 3943 358 3998 d
379 3941 562 4000 commutem
634 3948 666 4001 at
683 3945 708 4000 si
727 3945 790 4016 quis
809 3945 992 4001 Sclmeiderua
1011 3945 1029 4000 l.
1044 3960 1065 4000 c.
1082 3960 1112 4015 p.
1129 3948 1187 3999 632
1261 3949 1277 3998 5
1297 3943 1492 4001 indifferenter
1510 3947 1673 4004 scribantur

341 4023 471 4080 adtineret
491 4023 615 4081 attineat
632 4023 766 4080 adtentus
784 4027 911 4081 attentus
930 4025 1114 4080 Schneideruo
1192 4030 1208 4079 t
1228 4023 1341 4080 varim
1359 4025 1522 4082 huiusmodi
1540 4027 1670 4084 enuntia-

339 4103 427 4160 tionis
446 4103 695 4177 praepositionem.
723 4105 775 4160 liet
793 4107 880 4161 etiarn
897 4105 947 4161 ubi
966 4123 1080 4162 necesse
1095 4106 1138 4162 eet
1155 4103 1184 4160 R
1241 4113 1275 4160 10
1293 4107 1325 4161 at
1343 4113 1429 4161 -14
1448 4107 1554 4164 chamis
1574 4107 1670 4164 Velius

339 4184 455 4257 Louna
469 4187 548 4257 apud
563 4185 770 4244 Oosmcdorium
783 4202 815 4256 p.
829 4191 919 4243 2287.
942 4187 977 4254 cf.
990 4205 1019 4258 p.
1031 4193 1078 4260 39,
1088 4193 1128 4246 20
1203 4192 1235 4241 12
1255 4185 1429 4242 duruerint
1446 4187 1488 4242 ita
1507 4190 1539 4242 ut
1555 4187 1668 4243 Persius

339 4267 381 4321 Ac
400 4268 451 4334 (At
468 4265 497 4321 R
515 4268 547 4322 iu
565 4269 648 4338 corr.)
667 4271 697 4324 te
715 4266 757 4322 R:
778 4265 856 4322 Pera.
875 4273 927 4323 aot.
947 4272 975 4336 5,
994 4274 1033 4326 62
1126 4273 1160 4324 15
1181 4265 1305 4333 Quodsi
1324 4265 1380 4320 erit
1396 4267 1603 4337 praescriptum
1622 4267 1667 4337 ad,

339 4361 395 4400 non
413 4349 526 4402 tantum
544 4347 748 4421 orthographia
767 4346 910 4418 peccauit,
930 4347 979 4404 sed
998 4349 1086 4406 etiam
1104 4347 1274 4420 significatio
1293 4345 1399 4402 enauit
1417 4346 1461 4400 Ro
1520 4353 1553 4402 17
1572 4351 1669 4404 otest

245 4445 248 4452 ¹
339 4425 457 4497 ailigere
475 4426 517 4496 R,
536 4431 570 4486 ut
588 4433 632 4487 est
648 4431 774 4500 allegere
793 4427 907 4483 Iunius.
936 4427 1026 4500 alligo
1045 4431 1101 4486 duo
1119 4430 1131 4485 l
1150 4430 1333 4500 Papirianae.
1362 4427 1398 4494 cf.
1417 4426 1516 4484 Scour.
1532 4443 1564 4497 p.
1579 4433 1668 4495 26st

339 4503 470 4563 similiter
489 4509 554 4581 lego
573 4510 661 4582 alligo
681 4508 786 4580 colligo
805 4505 912 4578 peliigo
999 4515 1032 4566 ts
1053 4511 1170 4584 adloqui
1190 4515 1219 4568 et
1237 4509 1308 4566 alibi
1326 4508 1367 4578 R,
1386 4507 1502 4579 adloqui
1521 4511 1550 4565 et
1569 4509 1668 4566 adlabi

339 4587 523 4647 Conameliuus
586 4591 693 4648 Abbire
712 4589 800 4646 etiam
819 4587 935 4659 quidam
954 4589 1100 4661 geminata
1117 4592 1137 4647 b
1156 4591 1318 4648 maluerunt
1336 4593 1366 4645 et
1384 4588 1477 4646 dicere
1491 4591 1522 4645 et
1535 4589 1666 4662 scribere,

337 4671 371 4725 ut
387 4668 549 4728 intermissa
567 4669 591 4726 D
611 4674 642 4728 et
658 4671 689 4727 in
707 4671 763 4727 hoc
780 4667 889 4726 nullam
908 4669 1099 4727 differentiam
1117 4675 1203 4742 putat
1221 4688 1282 4728 esse
1300 4669 1441 4740 Lucilius,
1460 4670 1509 4740 qui
1528 4669 1584 4740 ait,
1608 4671 1667 4732 Ab·

338 4747 398 4804 bine
421 4766 479 4805 non
500 4752 622 4809 multum
642 4753 725 4809 estd
748 4751 772 4807 si
796 4753 825 4807 et
844 4751 918 4808 anb
941 4750 1037 4809 babet.
1071 4751 1113 4808 lix
1136 4751 1311 4827 praepositio
1330 4749 1419 4806 habet
1436 4749 1667 4809 obseruationem

239 4861 241 4865 v
336 4831 372 4888 R.
401 4831 529 4888 abbitere
547 4836 669 4890 restituit
687 4832 870 4890 Schneiderua
889 4833 907 4890 l.
927 4849 949 4890 c.
965 4849 995 4903 p.
1011 4835 1068 4889 633
1146 4901 1151 4922 ,
