3564 5482
353 315 422 384 402
926 315 1105 376 DOStTlltit

353 421 509 471 omum

354 516 481 588 egomet.
528 508 647 570 numeri
678 515 749 570 sunt
777 507 818 590 ll,
847 505 1007 590 singularis
1041 515 1075 570 ιι1
1107 506 1173 589 hic,
1204 507 1330 591 pluralis
1363 520 1396 573 ut
1429 510 1469 574 bi.
1516 511 1685 572 communis

354 635 475 700 quoque
500 633 646 679 numerus
665 618 830 680 invenitur:
855 615 985 680 dicimus
1004 617 1085 679 enim
1104 618 1159 700 qui
1179 619 1272 680 viret
1292 619 1344 700 qui
1364 620 1428 681 viri.
1466 637 1555 681 casus
1574 615 1685 698 quibus

354 723 546 789 declinantur
574 726 697 788 totidem
729 736 802 807 quot
827 735 857 788 et
881 727 1045 789 nominum.
1092 745 1239 809 personae
1265 737 1341 808 tres,
1370 745 1427 809 ego
1451 734 1484 790 tu
1508 725 1567 789 ille.
1615 735 1686 788 sunt

353 843 384 897 et
413 836 591 916 pronomina
620 834 655 897 ad
685 835 814 919 aliquid,
843 844 876 898 ut
904 853 990 898 meus
1019 845 1104 900 tutas:
1138 855 1205 898 nam
1238 845 1269 898 et
1302 837 1375 900 baec
1405 839 1470 899 sine
1499 835 1595 900 altero
1625 853 1684 897 uon

353 950 481 1024 possunt
504 942 646 1026 intellegi.
1266 965 1271 974 ·
1697 959 1709 1000 s

442 1049 506 1136 Ego
530 1046 612 1134 ἐγώ,
637 1056 696 1117 mel
720 1054 766 1118 rel
790 1056 847 1116 mis
871 1049 970 1136 ἐμοῦ,
995 1053 1067 1116 mibi
1092 1049 1183 1136 ἐμοί,
1207 1073 1255 1116 me
1274 1048 1347 1136 ἐμέ,
1371 1074 1389 1115 o
1410 1073 1466 1136 ego
1485 1039 1512 1118 ob
1532 1049 1600 1136 ἐγώ
1618 1048 1684 1138 (sed

354 1163 521 1225 vocativum
545 1162 656 1225 habere
682 1181 741 1226 non
771 1174 885 1248 potest,
913 1165 983 1246 quia
1012 1181 1100 1226 nemo
1129 1162 1202 1227 dicit
1231 1182 1249 1224 o
1278 1182 1348 1246 ego,
1375 1165 1434 1226 nisi
1461 1181 1480 1224 o
1508 1162 1685 1226 exclamatio

251 1263 254 1268 ⁶
351 1273 405 1348 sit,
433 1281 468 1335 ut
496 1272 575 1354 apud
604 1270 763 1335 Horatium
792 1267 822 1334 ‘o
851 1290 916 1354 ego
944 1271 1091 1355 infelix,
1125 1291 1231 1354 quern
1261 1281 1296 1334 tu
1327 1265 1471 1357 fugis’),
1503 1290 1519 1334 a
1549 1291 1598 1334 me
1626 1255 1682 1334 ἀπ’

352 1372 450 1461 ipos:
475 1379 600 1462 pluralis
625 1400 680 1444 nos
704 1371 814 1464 ἡμεῖς,
839 1389 977 1444 nostrum
1000 1371 1115 1464 ἡμῶν,
1139 1380 1227 1445 nobis
1251 1371 1350 1463 ἡμῖν,
1375 1399 1430 1444 uos
1453 1371 1557 1464 ἡμᾶς,
1587 1400 1605 1442 o
1631 1400 1685 1442 nos

352 1472 379 1551 ὦ
402 1478 499 1571 ἡμεῖς
522 1481 594 1574 (uec
619 1487 743 1572 pluralis
766 1489 858 1553 habet
881 1491 1064 1573 vocativum,
1089 1492 1147 1553 nisi
1166 1508 1263 1571 aeque
1283 1479 1458 1552 exclamatio
1477 1491 1530 1572 sit,
1558 1499 1592 1552 ut
1615 1508 1684 1552 cum
1699 1509 1721 1546 ιι

351 1597 481 1661 dicimus
505 1592 535 1660 ‘o
556 1616 611 1661 nos
631 1591 773 1685 felices'),
791 1619 807 1661 a
828 1597 915 1662 nobis
934 1587 995 1680 ἀφ’
1017 1587 1123 1680 ἡμῶν.
1160 1587 1329 1681 pronomen
1349 1597 1406 1661 boc
1425 1600 1518 1661 trium
1537 1615 1686 1679 generum

354 1713 401 1768 est
425 1724 585 1769 commuue
610 1705 695 1788 [ego]
722 1699 870 1787 .1ιισύ,
900 1709 944 1769 tui
969 1703 1191 1788 selbasar),
1220 1710 1280 1769 tibi
1305 1705 1377 1788 σοί,
1405 1716 1435 1770 tc
1465 1702 1519 1787 σέ,
1548 1725 1566 1769 o
1595 1717 1628 1770 tu
1659 1691 1685 1769 ὦ

351 1807 410 1898 σύ,
432 1833 450 1877 a
475 1805 593 1878 1ιᾶπό
619 1813 698 1878 cod:
722 1813 847 1898 pluralis
872 1833 924 1876 vos
946 1804 1059 1898 ὑμεῖς,
1088 1823 1224 1879 vestrum
1247 1805 1361 1898 ὑμῶν,
1390 1814 1474 1878 vobis
1502 1806 1603 1898 ὑμῖν,
1633 1836 1685 1878 ιιι

350 1913 454 2005 ὑμᾶς,
491 1943 509 1986 o
543 1943 596 1988 vos
629 1908 656 1988 ob
689 1915 785 2006 ὑμεῖς
822 1917 896 2010 (Ιιοι
929 1942 1052 2007 quoque
1089 1944 1256 2008 pronomen
1290 1927 1426 1988 omnium
1458 1905 1606 2006 generum
1640 1934 1687 1988 est

350 2051 519 2096 commune.
566 2052 627 2096 non
651 2043 698 2096 est
721 2033 880 2098 refutanda
904 2053 1010 2098 eorum
1029 2038 1181 2100 sententia
1199 2082 1208 2110 ,
1228 2036 1281 2116 qui
1299 2033 1442 2097 dixerunt
1456 2035 1489 2096 in
1502 2032 1685 2114 quibusdam
1698 2051 1721 2092 n

350 2141 582 2225 pronominibus
605 2143 774 2206 vocativum
798 2161 859 2205 non
883 2161 973 2225 posse
998 2142 1122 2227 cadere,
1151 2161 1219 2205 cum
1245 2145 1334 2206 ctiam
1357 2160 1453 2224 paene
1482 2145 1513 2204 in
1543 2143 1684 2206 omnibus

347 2254 583 2330 pronominibus
606 2271 667 2317 non
691 2251 799 2316 debeat
822 2270 890 2315 esse
915 2253 1077 2316 vocativus.
1124 2252 1178 2314 sed
1203 2270 1274 2334 nos,
1302 2269 1361 2313 uon
1386 2251 1468 2332 quod
1493 2231 1685 2334 refragamur

350 2366 481 2438 rationi,
504 2364 673 2424 vocativum
697 2361 876 2443 adiecimus,
901 2359 953 2422 sed
979 2363 1120 2442 quoniam
1145 2367 1319 2422 contextum
1339 2358 1549 2423 declinationis
1572 2360 1683 2423 babere

351 2471 513 2548 voluimus,
548 2473 748 2552 inseruimus,
781 2486 962 2550 quamquam
992 2487 1052 2530 non
1082 2467 1179 2531 solum
1213 2471 1380 2532 vocativum
1413 2487 1474 2531 nou
1502 2471 1685 2552 invenimus,

353 2597 458 2642 vertam
482 2580 572 2642 etiarn
602 2581 632 2641 in
658 2574 838 2661 qrvibusdam
862 2594 951 2639 ιιιιιι
975 2575 1105 2639 delicere
1133 2569 1299 2662 videmus),
1328 2596 1344 2638 a
1373 2576 1457 2640 vobis
1485 2567 1546 2660 ἀφ’
1577 2567 1722 2660 alpadum

441 2687 570 2768 Trigena
591 2685 707 2748 abhinc.
748 2669 848 2761 οὗτος
869 2678 995 2748 τούτου
1018 2679 1074 2748 καὶ
1098 2675 1184 2766 αὕτη
1208 2677 1332 2767 ταύτης
1354 2678 1408 2748 καὶ
1433 2683 1535 2749 τοῦτο
1559 2679 1685 2750 τούτου

349 2797 398 2861 bic
423 2797 496 2859 llaec
521 2796 593 2880 boo,
617 2794 723 2883 lunius,
748 2795 833 2876 butio,
857 2795 938 2858 lnvno
963 2795 1039 2857 baruc
1064 2795 1135 2878 boc,
1158 2813 1177 2856 o
1198 2803 1245 2878 tu,
1269 2792 1306 2857 ab
1330 2795 1387 2858 hoc
1411 2793 1448 2857 ab
1471 2795 1527 2858 lrao
1552 2795 1590 2858 ab
1613 2796 1685 2860 lroc:

350 2906 389 2988 pl.
415 2889 509 2968 οὗτοι
534 2894 665 2968 τούτων
689 2897 745 2966 καὶ
769 2888 869 2966 αὗται
898 2895 1030 2967 τούτων
1051 2898 1055 2986 l
1077 2897 1134 2966 καὶ
1161 2900 1267 2966 ταῦτα
1295 2894 1427 2966 τούτων
1448 2903 1572 2981 Ἰιῌιιι
1601 2904 1685 2986 Ιιιιι,

242 3039 245 3044 ·
349 3011 461 3078 horum
486 3014 594 3076 barum
618 3013 740 3095 luorum,
770 3009 835 3088 hia,
864 3013 919 3076 bos
949 3012 1114 3095 lambese,
1142 3033 1160 3074 o
1187 3031 1253 3094 vos,
1282 3012 1319 3076 ab
1348 3013 1405 3078 bis.
1451 3005 1553 3088 αὐτὸς
1576 3005 1684 3077 αὐτοῦ

349 3117 405 3186 καὶ
430 3113 514 3204 αὐτὴ
539 3113 643 3203 αὐτῆς
665 3115 721 3184 καὶ
747 3112 829 3184 αὐτὸ
854 3113 961 3184 αὐτοῦ
986 3123 1011 3183 is
1036 3140 1070 3183 ιι
1096 3121 1141 3206 id,
1164 3125 1244 3198 eius,
1273 3125 1317 3199 ei,
1347 3142 1417 3186 eum
1447 3141 1512 3186 eam
1541 3122 1586 3207 id,
1614 3143 1633 3185 o
1657 3126 1719 3186 isse

349 3241 425 3294 otn
449 3250 467 3292 o
492 3231 539 3314 id,
566 3229 611 3291 ab'
628 3249 664 3292 co
688 3249 723 3292 ιι
747 3248 798 3293 eo:
825 3229 864 3312 pl.
889 3219 987 3292 αὐτοὶ
1012 3221 1125 3293 αὐτῶν
1154 3223 1209 3294 καὶ
1239 3221 1339 3294 αὐταὶ
1367 3221 1481 3294 αὐτῶν
1510 3226 1567 3294 καὶ
1597 3225 1683 3296 αὐτὰ

349 3331 463 3404 αὐτῶν
486 3342 508 3402 ii
532 3359 584 3402 eae
609 3357 659 3423 ea,
687 3357 794 3402 eorum
818 3356 923 3401 earum
952 3355 1073 3420 eorum,
1103 3340 1140 3401 iis
1169 3341 1214 3402 eis
1243 3341 1300 3420 eis,
1328 3358 1381 3402 cos
1410 3358 1461 3402 eas
1489 3359 1539 3422 ea,
1567 3358 1585 3402 o
1614 3343 1635 3403 ii
1665 3361 1682 3402 o

349 3469 402 3512 eae
431 3467 449 3510 o
478 3467 526 3531 ea,
556 3446 592 3510 ab
623 3449 660 3511 iis
688 3446 725 3510 ab
756 3449 799 3510 eis
828 3445 865 3509 ab
894 3449 938 3508 eis
963 3495 969 3508 .
995 3430 1094 3522 οὗτος
1123 3441 1248 3511 τούτου
1277 3443 1334 3510 καὶ
1362 3439 1447 3530 αὕτη
1475 3441 1598 3530 ταύτης
1625 3445 1682 3512 καὶ

349 3556 449 3622 τοῦτο
473 3549 598 3621 τούτου
622 3559 679 3620 iste
704 3559 760 3619 ista
785 3565 815 3619 et
838 3559 931 3619 istaec
955 3557 1037 3620 istud
1063 3565 1093 3619 et
1117 3559 1212 3640 istuc,
1243 3561 1344 3642 istius,
1374 3560 1438 3641 isti,
1465 3561 1556 3621 istum
1581 3561 1682 3622 istunc

441 3733 533 3790 Uodeae
553 3732 753 3804 Sonpollensis.
793 3735 860 3788 tut
878 3731 938 3804 hic]
959 3734 992 3786 ui
1010 3731 1041 3786 hi
1115 3731 1266 3806 aquibus]
1287 3733 1355 3804 qula
1428 3733 1522 3789 timei
1543 3734 1591 3790 uel
1611 3735 1682 3790 meis

349 3837 405 3888 poa
425 3815 495 3871 mihi
515 3834 570 3885 μοι
590 3817 670 3882 (corr.
692 3817 773 3884 spoo)
794 3831 839 3870 me
927 3820 960 3869 10
980 3813 1044 3886 nec]
1065 3829 1099 3868 ne
1187 3816 1220 3868 ui
1248 3819 1312 3869 onte
1340 3831 1404 3870 oum
1430 3831 1481 3870 ora.
1571 3821 1603 3871 11
1624 3810 1680 3885 ἀφ’

349 3895 444 3971 ἡμῶν]
471 3915 595 3967 αφωμιι
683 3896 862 3968 lateritio
949 3895 1001 3952 σοῦ
1026 3895 1080 3951 tibi
1103 3912 1155 3952 om.
1246 3901 1279 3951 lb
1298 3895 1441 3953 sententia
1458 3913 1509 3952 οιιι.
1600 3905 1633 3954 lb
1651 3899 1681 3952 in

351 3981 482 4039 omnibus
505 3978 610 4034 debeat
629 3993 690 4032 esse
772 3983 803 4032 1v
823 3978 1001 4048 refragamur
1019 3977 1151 4034 uocatiuo
1170 3975 1326 4032 adiecimus
1409 3984 1444 4032 20
1463 3978 1492 4034 in
1510 3978 1680 4050 quibusdam

351 4061 451 4119 eadere
472 4059 601 4116 uidemus
684 4064 719 4113 ⁴24
738 4059 775 4115 ab
794 4059 850 4132 bis]
870 4077 888 4114 a
906 4059 987 4115 uobis
1071 4065 1106 4114 25
1126 4058 1150 4113 is
1169 4057 1215 4130 ea]
1235 4057 1307 4114 haec
1326 4077 1360 4116 ea
1445 4059 1522 4133 eom]
1543 4077 1608 4116 cum

350 4149 384 4199 27
404 4140 435 4197 lri
454 4142 509 4198 bae
524 4157 559 4198 ea
574 4158 671 4198 eorum
685 4157 782 4198 eurum
801 4141 845 4198 hia
865 4140 907 4196 eis
926 4140 967 4197 eia
987 4157 1035 4198 eos
1055 4157 1103 4198 eas
1123 4139 1443 4198 eaohiolaaeoea
1462 4139 1617 4198 abhisab
1636 4142 1680 4198 his

350 4224 387 4282 ab
406 4223 449 4280 eis
523 4227 558 4278 28
578 4215 651 4293 αὕτη
672 4217 788 4294 ταύτης]
809 4241 897 4292 corne
970 4227 1005 4298 29
1024 4220 1127 4294 istaec]
1146 4221 1201 4278 iste

441 4394 458 4444 8
477 4384 554 4458 apud
574 4385 736 4458 Horatium]
757 4387 832 4456 epod.
854 4390 942 4453 1225
1017 4393 1050 4440 15
1069 4401 1125 4440 non
1146 4387 1189 4441 osi
1202 4385 1354 4443 refutanda
1363 4401 1460 4442 eorum
1470 4385 1613 4440 embentia
1622 4401 1679 4442 eac.

351 4467 433 4526 utor.
452 4486 481 4539 p.
501 4473 609 4534 adme)
684 4473 717 4523 16
736 4466 767 4523 in
785 4465 916 4522 omuibus
935 4465 1150 4538 pronominibus
1169 4484 1225 4524 non
1245 4467 1350 4526 debeat
1367 4485 1427 4525 esso
1451 4468 1599 4525 vocativus
1622 4487 1680 4526 ecc.

352 4551 434 4607 Ultor.
512 4555 543 4606 tv
564 4567 621 4605 non
640 4548 707 4604 dum
727 4549 903 4621 refragamur
922 4546 1026 4604 rationi
1041 4547 1203 4604 vocativum
1218 4549 1374 4606 adiecimus
1388 4549 1535 4605 Diomedes
1546 4566 1576 4620 p.
1587 4554 1681 4620 330,1,

350 4633 474 4688 nondum
494 4631 670 4702 refragamur
688 4631 792 4686 rationi
811 4627 972 4686 vocativum
991 4628 1148 4685 adicientes
1168 4629 1316 4687 Cfmrisius
1329 4649 1360 4704 p.
1380 4635 1498 4699 158,12,
1518 4624 1575 4686 non
1593 4631 1680 4687 refra-

351 4731 452 4786 gamur
471 4711 576 4768 rationi
593 4712 755 4769 vocativum
776 4711 932 4769 adiecimus
952 4713 1036 4766 coclear
1051 4718 1240 4783 excerptorum
1255 4713 1338 4770 Ultor.
1412 4721 1447 4769 10
1464 4714 1495 4770 in
1509 4715 1681 4787 quibusdam

352 4812 431 4852 casus
457 4793 576 4849 delicere
599 4793 728 4850 ridemus
752 4811 808 4851 eac.
830 4791 912 4850 utar.
932 4797 957 4849 et
975 4793 1135 4862 Diomedes,
1162 4793 1192 4849 in
1221 4795 1393 4867 quibusdam
1420 4797 1532 4853 casibus
1560 4797 1680 4854 defleam

351 4873 480 4933 videmus
499 4891 534 4931 ea
553 4875 697 4932 OEvamnavs
