3616 5482
637 324 687 384 DE
707 325 1005 386 onuflounat’ffln
1420 331 1485 397 133

152 518 391 593 institutionum,
416 523 479 578 tuna
500 533 570 578 cum
590 516 655 597 ipse
674 513 712 578 de
731 515 945 598 orthographia
966 515 1100 579 nondum
1119 519 1296 602 scripserat,
1316 526 1347 580 et
1365 527 1488 601 praeter

44 681 49 693 „
151 633 293 706 excerpta
312 642 330 687 a
348 643 381 688 se
401 624 540 688 conlecta
559 627 591 687 in
614 626 801 707 praefatione
821 623 891 688 libri
915 625 951 688 de
972 623 1186 709 orthographia
1208 626 1363 690 monachia
1386 627 1487 710 legen·

149 732 204 796 dos
229 731 458 796 commendarit
1062 811 1064 814 ¹
1159 733 1162 740 ’

241 841 387 925 Sequitur
404 851 438 905 ut
458 840 494 904 da
514 843 869 926 grammaticis'quorum
885 852 1026 927 excerpta
1042 843 1251 908 Cassiodorius
1270 845 1373 928 posuit
1391 864 1487 926 pauca
1548 919 1555 927 .

148 949 254 1014 dicam.
304 967 411 1014 eorum
439 951 668 1032 antiquissimus
697 960 745 1014 est
773 953 799 1015 is
829 970 920 1034 quem
948 955 1047 1036 primo
1077 952 1143 1015 loca
1171 954 1287 1037 posuit,
1316 953 1487 1016 Annaeus

148 1061 349 1145 Cornutus,
368 1078 459 1142 quem
480 1061 617 1142 igneum
635 1060 701 1141 ipse
721 1059 840 1124 ridetur
860 1059 981 1124 dixisse.
1015 1079 1113 1144 neque
1134 1063 1214 1126 enlm
1234 1060 1367 1126 dubitari
1384 1071 1487 1145 potest

151 1169 225 1249 quin
242 1167 318 1232 haec
339 1168 465 1232 Cornuti
485 1176 628 1252 excerpta
646 1167 807 1231 referenda
827 1171 889 1232 sint
907 1167 943 1232 ad
968 1168 1000 1232 1..
1020 1170 1177 1234 Annaeum
1196 1169 1364 1236 Cornutum
1384 1171 1484 1255 Lepti·

148 1285 264 1354 unum,
288 1296 379 1360 quom
393 1277 524 1340 Neronis
543 1285 640 1340 aetate
656 1276 768 1340 Romae
788 1279 897 1340 vixisse
918 1287 1044 1342 constat.
1082 1277 1120 1341 de
1144 1278 1201 1342 boc
1222 1297 1299 1361 quae
1320 1285 1483 1346 memoriae

145 1385 265 1468 prodita
289 1397 361 1452 saint
384 1389 554 1470 composuit
578 1385 700 1450 Iahnius
724 1385 813 1468 proh.
835 1389 865 1449 in
885 1384 969 1450 Pers.
988 1405 1018 1469 p.
1033 1385 1099 1450 Vlll
1115 1407 1179 1469 sqq.
1217 1391 1483 1470 grammaticorum

145 1505 247 1560 autem
275 1497 384 1559 stndlis
413 1514 483 1559 enm
512 1495 647 1560 deditum
677 1496 770 1558 inisse
801 1496 1018 1558 commentario
1046 1497 1078 1558 in
1102 1493 1281 1581 Vergilium,
1313 1517 1373 1580 qno
1397 1499 1484 1563 multi

144 1614 250 1686 postea
270 1607 319 1668 usi
337 1615 423 1689 sunt,
443 1603 667 1688 comprobatur.
690 1601 761 1666 iibri
780 1602 817 1666 de
835 1603 1049 1686 orthographia
1067 1615 1190 1688 praeter
1209 1615 1352 1689 excerpta
1367 1606 1483 1672 Cassio·

144 1713 222 1776 dorii
250 1717 365 1778 mentio
394 1715 472 1777 lacta
496 1731 557 1777 non
582 1723 637 1776 est.
684 1731 866 1796 quamquam
890 1711 1075 1777 Ribbeclains
1107 1714 1145 1777 de
1170 1719 1387 1780 commentaria
1412 1716 1482 1780 Ver·

141 1819 252 1904 gillauo
281 1823 440 1907 disputans
469 1820 556 1905 proli
578 1824 610 1885 in
633 1819 722 1904 Verg.
746 1840 775 1904 p.
803 1819 865 1886 128
889 1823 926 1885 ad
954 1822 1036 1887 hune
1066 1823 1177 1887 librum
1205 1826 1421 1906 potiusquam
1445 1827 1482 1890 ad

144 1933 394 1994 commentarium
422 1929 625 2012 Vergilianum
659 1929 819 1994 referenda
852 1949 920 1994 csse
954 1933 1084 1994 coniecit
1121 1931 1196 1992 haec
1235 1948 1311 2012 qnae
1346 1932 1481 1999 Cornuto

18 2111 20 2116 ,
145 2037 321 2104 tribuuntur
350 2043 382 2104 in
411 2039 519 2123 glossis
547 2039 660 2103 Placidi
693 2060 720 2122 p.
746 2037 804 2124 58,
830 2037 871 2103 15
896 2039 942 2102 ed.
967 2038 1100 2122 lienosi,
1129 2043 1294 2118 ingluuiem
1330 2044 1483 2108 Cornutus

144 2159 292 2225 amiran,
327 2151 449 2213 Plinius
475 2151 678 2226 edacitatem,
712 2159 743 2212 et
770 2148 849 2230 apud
879 2148 1019 2212 Serrium
1050 2151 1080 2210 in
1111 2147 1196 2230 Verg.
1226 2168 1327 2231 georg.
1357 2150 1371 2212 1
1405 2149 1482 2237 217,

144 2259 264 2322 Probas
283 2261 398 2322 archus
416 2262 503 2336 legit,
527 2260 681 2321 Cornutus
700 2267 782 2320 aetat
800 2260 1045 2337 adspirationem
1064 2260 1249 2321 reddendam.
1279 2260 1310 2321 in
1330 2263 1481 2342 excerptis

142 2375 243 2430 anum
268 2364 451 2440 cassiodorii
475 2367 512 2428 de
536 2365 645 2429 iisdem
669 2366 732 2428 lere
757 2366 1000 2452 quaestionibus,
1026 2387 1103 2450 qnae
1128 2385 1218 2451 saepe
1242 2367 1279 2430 ab
1304 2369 1341 2430 iis
1366 2369 1478 2450 quide

142 2473 355 2556 orthographia
384 2477 574 2557 scripserunt
605 2483 750 2538 tractatae
781 2485 853 2538 sunt
881 2476 1062 2559 disputatur.
1109 2477 1236 2540 maxima
1265 2479 1345 2540 enim
1374 2495 1481 2542 eorum

141 2601 211 2666 pars
235 2582 271 2645 ad
301 2585 538 2647 controversiam
568 2582 649 2646 illam
673 2592 705 2647 et
727 2591 800 2662 atate
822 2584 990 2648 Cornutum
1015 2603 1031 2646 a
1056 2603 1117 2648 non
1142 2584 1233 2648 nulib
1256 2594 1289 2649 et
1316 2595 1385 2668 post
1409 2605 1480 2650 eum

141 2695 261 2775 saepius
286 2701 443 2756 tractatam
466 2695 614 2778 pertinet,
638 2702 740 2757 utrum
766 2712 859 2756 sonus
883 2695 1104 2758 annuntiationis
1133 2696 1284 2777 scriptura
1309 2697 1479 2778 exprimen-

140 2801 198 2864 dus
226 2819 264 2865 an
293 2801 355 2865 sola
384 2804 461 2866 ratio
489 2803 643 2885 sequenda
671 2805 725 2886 sit,
754 2801 813 2886 vel,
842 2811 876 2866 ut
904 2798 1482 2886 1010110110.2283,011·01000011

67 2946 92 2961 ·-
141 2913 286 2975 andimus
300 2930 342 2974 aa
360 2913 446 2989 qaod
461 2913 562 2974 scribi
579 2919 721 2992 oporteat
738 2913 937 2975 scribendum
951 2915 999 2975 sit.
1029 2930 1065 2974 ex
1083 2911 1306 2996 antiquioribus
1323 2916 1478 2997 scriptori·

140 3017 198 3081 bns
227 3019 280 3100 qui
310 3018 347 3080 de
375 3018 589 3101 orthographia
619 3022 805 3102 scripserant
834 3019 927 3082 semel
959 3023 1124 3084 nominarit
1151 3019 1301 3084 burciilum
1330 3041 1358 3104 p.
1389 3019 1479 3087 2283

140 3123 176 3188 de
208 3145 228 3208 q
259 3125 374 3204 littera,
408 3128 571 3210 quinquies
602 3126 781 3212 Varronem,
817 3149 846 3211 p.
875 3125 964 3193 2282
996 3129 1032 3192 de
1065 3149 1081 3190 v
1113 3128 1212 3192 littera
1242 3148 1299 3211 pro
1330 3129 1477 3212 digamma

102 3227 104 3232 ’
140 3235 325 3298 Graecorum
347 3236 459 3318 posita,
482 3255 510 3318 p.
535 3233 625 3300 2284
649 3237 686 3300 dc
711 3235 864 3300 vocabulis
887 3239 897 3299 i
922 3238 968 3301 vcl
993 3257 1012 3300 n
1036 3238 1135 3302 littora
1160 3236 1343 3321 scribendis,
1378 3237 1416 3300 ih.
1441 3239 1477 3302 de

140 3361 164 3406 r.
189 3347 399 3421 intervallum,
423 3362 452 3426 p.
476 3340 566 3408 2285
589 3365 634 3426 sq.
658 3344 695 3407 de
721 3345 740 3407 h
764 3344 878 3429 littera,
901 3366 930 3428 p.
954 3343 1043 3410 2286
1074 3347 1111 3408 de
1136 3345 1338 3428 adspiratione
1368 3357 1437 3428 post
1462 3366 1477 3408 r

138 3450 278 3516 litteram.
311 3455 343 3517 ln
366 3454 414 3518 bis
433 3458 526 3521 semel
550 3453 661 3517 librum
684 3453 722 3516 de
745 3456 938 3536 grammatica
958 3453 1117 3537 appellarit
1140 3474 1169 3535 p.
1186 3450 1286 3537 2286,
1306 3464 1476 3532 praeterea

139 3565 170 3624 in
193 3564 274 3625 libro
296 3567 351 3640 arri
372 3573 419 3627 est
441 3568 481 3628 de
501 3567 710 3642 arammatian
733 3563 833 3626 l’arro
857 3581 927 3624 carm
952 3565 991 3626 de
1013 3566 1126 3625 litteris
1145 3564 1325 3638 dissereret,
1350 3565 1370 3625 h
1395 3567 1477 3626 inter

138 3671 259 3732 litteras
282 3688 343 3733 naa
368 3689 434 3734 esse
457 3673 632 3750 da'spntnuit.
671 3669 724 3732 sed
749 3673 822 3752 ipsis
842 3668 942 3732 verbis
961 3667 1073 3752 quibus
1097 3669 1171 3732 haee
1196 3665 1422 3753 superioribus',
1445 3673 1475 3734 in

139 3775 250 3856 quibus
274 3776 417 3840 Varronis
441 3777 607 3841 decadem
633 3797 665 3842 re
690 3781 841 3841 sententia
865 3777 959 3841 relata
982 3787 1062 3862 erat,
1087 3778 1223 3842 adiunxit
1247 3777 1296 3843 illa
1322 3798 1382 3842 non
1406 3777 1477 3842 esse'

139 3902 174 3946 ex
205 3883 313 3948 eodem
343 3884 420 3948 libro
458 3887 550 3968 petita
581 3886 707 3971 indicat,
744 3889 823 3949 sicnt
854 3885 1038 3950 liitschelius
1069 3897 1184 3969 quaest.
1217 3886 1340 3950 Varron.
1372 3908 1400 3971 p.
1429 3869 1474 3952 ι23

138 3993 356 4058 animadvertit.
388 3995 426 4058 de
445 3993 531 4058 libris
550 3995 587 4058 de
607 3998 723 4077 on’gine
746 3995 865 4077 linguae
884 3994 993 4058 latinae
1013 3996 1163 4078 cogitabat
1182 3995 1382 4079 liitschelius3
1405 4015 1474 4080 pra·

138 4102 266 4166 babillus
290 4101 507 4166 Wilmannsius
534 4105 572 4167 de
600 4103 683 4167 Varr.
712 4103 779 4167 libr.
808 4123 932 4187 gramm.
957 4125 984 4188 p.
1009 4104 1053 4168 92
1078 4125 1142 4187 sqq.
1167 4114 1198 4167 et
1224 4104 1274 4166 illa
1299 4114 1330 4167 et
1358 4106 1474 4188 reliqua

138 4210 280 4276 Varronis
310 4212 480 4276 testimonia
505 4210 542 4273 ad
572 4210 665 4276 libros
690 4213 726 4275 de
751 4232 891 4276 sermone
920 4214 1012 4278 latino
1042 4213 1176 4298 rettulit,
1209 4211 1320 4294 quibus
1353 4216 1474 4297 saepius

137 4323 338 4405 antiquissimi
361 4323 527 4403 scriptores
549 4319 588 4384 de
611 4321 824 4404 orthographia
848 4325 897 4386 usi
918 4332 999 4386 sunt.
1104 4365 1106 4368 -

227 4430 270 4493 lie
303 4431 431 4494 Curtio
463 4428 670 4512 Valeriano,
700 4449 737 4492 ex
768 4450 829 4513 qno
862 4441 931 4512 post
960 4431 1035 4494 Velli
1067 4429 1162 4512 Longi
1196 4441 1339 4514 excerpta
1376 4452 1471 4515 pauca

138 4539 288 4623 descripta
315 4548 401 4623 stant,
437 4538 511 4602 nihil
538 4540 700 4602 memoriae
730 4540 883 4622 proditum
913 4550 968 4603 est.
1014 4559 1081 4603 nam
1114 4543 1230 4603 incerta
1259 4550 1306 4604 est
1339 4544 1482 4624 suspicio

138 4646 251 4711 Osanni
280 4647 371 4711 Beitr.
400 4668 424 4712 z.
449 4648 562 4730 griech.
592 4668 620 4711 n.
645 4666 737 4711 roem.
762 4648 957 4731 Litteraturg.
981 4668 1006 4710 r.
1031 4647 1058 4711 ll
1081 4668 1110 4730 p.
1134 4646 1201 4712 289
1230 4648 1362 4712 eundem
1391 4649 1471 4713 bunc

139 4775 203 4820 esse
223 4759 376 4839 opinantis
394 4767 484 4839 atque
500 4754 689 4820 Valerianum
709 4757 746 4820 ad
767 4777 857 4838 quem
877 4757 1048 4839 Symmachi
1068 4753 1196 4840 epistula
1214 4755 1280 4820 Vlll
1295 4754 1338 4821 69
1359 4759 1471 4841 scripta

138 4872 191 4927 est
236 4866 268 4928 in
296 4868 448 4949 excerptis
476 4874 578 4929 autem
606 4885 683 4949 quae
713 4865 921 4930 Cassmdorins
957 4869 1058 4949 posuit
1087 4875 1227 4931 eructares
1256 4865 1366 4948 quibus
1395 4885 1470 4930 araus
