3610 5482
342 323 386 389 66
897 317 998 376 vnttt
1017 321 1134 379 toust

305 427 308 436 ·
345 437 367 474 a.
382 425 443 466 eser.
457 425 483 464 aa
497 424 521 467 a.
1050 431 1052 434 ·

258 496 269 510 ''
346 511 600 592 praepositionem
632 515 738 569 notare
772 507 817 570 rel
850 507 932 591 ideo,
966 511 1035 588 quia
1070 525 1130 568 uon
1159 514 1300 568 contenta
1330 506 1509 589 quibusdam
1539 503 1680 588 partibus

343 620 489 681 orationis
512 617 600 700 plena
628 619 774 700 praeponi
799 617 817 679 d
842 615 972 681 litteram
997 616 1141 691 adsumit,
1172 617 1259 677 utin
1284 635 1320 679 eo
1345 614 1425 698 quod
1451 625 1498 679 est
1521 615 1623 678 redire
1647 624 1680 676 et

340 725 493 809 redolere,
524 728 593 808 quia
623 725 700 787 dirae
728 723 847 787 vocales
875 727 907 787 in
937 744 1088 788 concursu
1118 723 1249 787 hiabant.
1296 725 1348 787 sed
1378 725 1532 788 interdum
1559 723 1679 787 haeod

274 893 276 899 .
342 834 444 898 littera
462 837 642 916 geminatur,
669 833 811 915 quotiens
830 831 867 894 ab
888 834 991 896 eadem
1010 833 1110 896 littera
1130 850 1262 913 sequens
1281 851 1337 894 ror
1356 835 1477 916 iucipit3
1500 849 1557 896 nec
1576 843 1679 896 tamen

341 960 477 1024 semper,
505 940 655 1023 siquidem
683 937 811 1002 reddere
841 940 969 1003 dicimus
999 941 1148 1021 geminata
1176 939 1210 1022 d,
1241 938 1388 1002 reducere
1417 949 1520 1004 autem
1548 940 1708 1024 simplicit

340 1051 464 1112 utimur.
502 1047 583 1112 unde
612 1047 780 1110 adnotanda
817 1049 968 1138 imperitia
998 1066 1103 1111 eorum
1133 1050 1186 1129 qui
1213 1050 1257 1110 sic
1288 1047 1455 1111 redducere
1485 1049 1677 1129 geminatad

341 1157 440 1220 littera
464 1157 570 1221 volunt
596 1159 770 1238 enuntiare,
797 1159 884 1237 quasi
913 1155 1055 1240 reddere,
1087 1166 1238 1238 tamquam
1263 1174 1388 1220 necesse
1412 1159 1452 1219 eit
1475 1159 1587 1220 totiens
1611 1175 1678 1218 eam

341 1265 493 1348 duplicem
517 1285 594 1350 esse,
618 1268 758 1347 quotiens
783 1282 915 1345 sequens
939 1284 996 1327 vox
1019 1264 1056 1327 ab
1080 1266 1185 1328 eadem
1209 1264 1308 1328 littera
1333 1267 1447 1347 incipit

432 1391 529 1454 Trans
548 1410 670 1473 quoque
691 1393 875 1474 praepositio
895 1411 955 1453 non
975 1393 1087 1456 nullam
1108 1394 1198 1456 habet
1217 1363 1467 1455 observationem.
1499 1409 1567 1453 nam
1582 1393 1676 1453 inter·

342 1498 413 1561 dum
438 1500 526 1582 plena
550 1510 606 1585 est,
631 1509 664 1563 ut
683 1499 847 1581 transtulit,
870 1501 1023 1563 interdum
1043 1504 1200 1584 minuitur,
1224 1510 1259 1564 ut
1278 1503 1396 1563 traiecit
1417 1501 1421 1579 Ι
1443 1499 1585 1562 traduxit„
1619 1518 1677 1561 nec
1695 1513 1726 1552 ιο

341 1627 401 1670 nan
426 1609 463 1671 ab
487 1609 552 1672 aliis
575 1609 663 1692 plene
687 1611 825 1714 ponitur,
849 1608 886 1670 ab
910 1610 975 1671 aliis
999 1610 1154 1674 lenitatem
1179 1609 1369 1672 intuentibus
1393 1609 1554 1689 minuitur,
1587 1607 1677 1667 utin

342 1736 378 1777 eo
406 1717 488 1798 quod
516 1726 563 1780 est
592 1719 760 1779 transmisit
788 1727 818 1779 et
847 1721 991 1781 tramisit.
1019 1717 1070 1780 alii
1101 1719 1301 1801 transposuit,
1329 1717 1377 1778 alii
1403 1719 1559 1798 traposuit.
1598 1732 1676 1795 quae

341 1824 510 1888 observatio
539 1825 770 1924 orthographiae
801 1827 891 1886 mixta
920 1833 1025 1886 estt
995 1835 1025 1888 et
1053 1817 1270 1908 ὀρθοεπείας,
1305 1843 1380 1906 quae
1411 1827 1500 1887 etiam
1529 1826 1555 1885 si
1584 1820 1678 1884 babet

342 1935 574 1996 instructionem
604 1951 703 2016 suam,
732 1942 833 1995 tamen
862 1933 933 1996 huic
963 1935 1133 2014 quaestioni
1162 1932 1348 1996 familiariter
1376 1931 1526 2014 implicata
1550 1939 1605 1994 est
1643 1931 1676 1991 in

222 2047 233 2068 ⁸
340 2031 528 2127 όρθοεπείᾳ
557 2044 636 2103 enim
661 1981 733 2122 quid
759 2043 917 2105 decentius
941 2044 981 2104 sit
1004 2052 1035 2104 et
1059 2043 1131 2122 quid
1155 2042 1254 2104 lenius
1278 2043 1449 2123 quaeritur,
1479 2059 1536 2102 nec
1559 2037 1677 2100 laborat
1694 2054 1724 2094 15

340 2149 390 2212 ille
419 2153 472 2230 qui
501 2149 607 2212 scribit
635 2153 715 2212 circa
734 2151 774 2213 'id
802 2151 882 2231 quod
915 2151 1027 2212 dicitur
1055 2145 1284 2232 χαριέστατον.
1327 2153 1358 2212 in
1387 2141 1608 2233 ὀρθογραφίᾳ
1639 2166 1676 2209 eo

341 2257 549 2337 scrupulosior
568 2261 705 2339 quaestio
723 2267 780 2338 est,
799 2258 879 2338 quod
901 2276 961 2320 non
981 2275 1145 2338 numquam
1164 2276 1244 2320 unus
1265 2277 1359 2320 sonus
1379 2267 1492 2320 estant
1511 2259 1678 2340 perexigua

342 2367 515 2447 suspicione
545 2365 692 2428 diversus.
735 2367 858 2428 interim
891 2367 1048 2446 quaeritur
1080 2368 1219 2449 scriptio,
1248 2378 1283 2427 ut
1314 2385 1383 2428 cum
1413 2366 1491 2429 dico·
1510 2367 1613 2448 eiecit,
1645 2375 1678 2426 et

341 2473 417 2534 alius
445 2491 501 2554 per
529 2470 619 2534 urnam
642 2475 653 2534 i
677 2473 807 2536 litteram
836 2473 955 2556 scribit,
984 2473 1060 2536 abus
1088 2492 1143 2554 per
1172 2473 1261 2555 duas,
1289 2477 1376 2536 cuirrs
1405 2477 1465 2535 iam
1489 2477 1677 2535 mentionem

341 2579 477 2664 lecimus,
501 2599 570 2644 cum
595 2581 631 2643 de
656 2581 825 2644 litterarum
849 2592 999 2663 potestate
1023 2580 1232 2662 loqueremur:
1262 2592 1448 2664 quapropter
1472 2582 1674 2664 superseden·
1692 2597 1723 2636 ιο

342 2687 414 2750 datm
439 2691 587 2752 existimo.

434 2814 496 2877 Nec
523 2817 622 2877 nrinus
647 2816 684 2878 dc
709 2831 732 2878 v
756 2816 855 2878 littera
879 2816 971 2879 locuti
996 2835 1116 2899 sumus,
1144 2833 1234 2896 quam
1263 2813 1417 2876 interdum
1448 2815 1545 2876 ricem
1568 2833 1676 2876 conso-

343 2925 443 2986 nantis
467 2922 604 2985 obtinere
629 2926 768 3008 uiximus,
792 2934 826 2987 ut
850 2944 920 2986 crim
944 2923 1105 2987 scribimus
1135 2924 1250 2986 vultum
1285 2934 1315 2985 et
1344 2925 1493 3006 geminata
1517 2943 1534 2983 r
1558 2923 1677 2985 diversa

345 3039 496 3114 potestate
515 3033 647 3112 ponitur.
677 3035 720 3094 sic
741 3051 849 3095 rursus
869 3051 938 3095 cum
958 3033 1103 3094 scribitur
1122 3036 1324 3095 nominativus
1343 3035 1502 3113 genetivus
1521 3040 1552 3092 at
1571 3050 1677 3093 omnes

342 3138 453 3236 deinde
476 3157 579 3221 casus,
608 3141 680 3201 item
705 3143 949 3234 primitiaram
977 3143 1062 3221 siqua
1086 3140 1133 3202 his
1157 3143 1278 3203 nomina
1302 3140 1409 3202 similia
1434 3149 1519 3220 sunt,
1548 3139 1677 3201 candem
1692 3156 1724 3195 ιι

435 3367 527 3424 Codex
547 3367 697 3424 Parrhasii
734 3367 874 3439 tredirs]
895 3367 970 3423 redis
1052 3361 1235 3442 traducere]
1256 3385 1393 3425 munnere
1457 3371 1553 3424 nutem
1572 3384 1623 3423 ona

344 3511 378 3561 10
395 3503 521 3576 traiecit]
541 3504 650 3561 traiicit
725 3510 756 3559 11
778 3451 967 3573 lentateinC:
987 3504 1017 3559 ni
1034 3520 1205 3574 capersana
1280 3511 1312 3560 13
1332 3503 1423 3560 mixte
1442 3508 1485 3560 est
1503 3498 1676 3574 ὀρθοεπείαι

342 3585 490 3657 quaeritur
504 3583 629 3640 etiam'
607 3603 631 3641 sa
650 3585 739 3642 habet
760 3585 983 3644 destructionem
1057 3593 1090 3641 16
1109 3585 1158 3641 itte
1178 3585 1241 3655 quis
1256 3584 1355 3642 scribit
1373 3603 1437 3642 cum
1456 3586 1486 3642 id
1504 3586 1581 3656 quad
1600 3585 1677 3642 dica·

342 3670 389 3722 tur
408 3684 559 3736 ιχριαααατ
578 3667 607 3722 in
627 3663 813 3736 ὄρθογραφία
887 3666 1034 3738 itomnie

433 3879 449 3926 2
471 3871 489 3926 b
507 3872 634 3928 litteram
653 3871 778 3927 adsumit
796 3876 829 3927 ut
847 3873 877 3928 in
891 3890 924 3930 eo
939 3873 1015 3943 quod
1034 3875 1079 3928 eat
1096 3872 1171 3928 redis
1187 3874 1217 3927 et
1236 3871 1364 3929 redolere
1383 3871 1424 3942 R,
1444 3874 1494 3929 sed
1513 3877 1543 3930 et
1561 3874 1580 3930 d
1598 3875 1677 3931 litte·

342 3971 404 4010 rem
418 3953 557 4023 adsumit,
576 3957 610 4009 ut
624 3955 668 4008 est
681 3953 774 4010 redire
788 3954 915 4011 redolere
932 3955 1111 4025 Papirianae
1184 3960 1200 4008 5
1219 3954 1336 4010 reddere
1351 3954 1471 4010 dicimus
1486 3955 1634 4027 geminata
1648 3957 1677 4024 d,

343 4035 476 4091 reducere
496 4037 593 4090 summ
613 4033 736 4104 simplici
755 4035 862 4090 utimur
876 4035 1053 4106 Papiria-nne
1125 4051 1261 4092 rennuere
1277 4034 1399 4108 simplici
1418 4035 1525 4092 utimur
1540 4036 1574 4091 tt.
1594 4036 1677 4093 redo·

234 4181 237 4186 ¹
341 4133 409 4173 nare
429 4116 544 4172 antem
565 4113 747 4171 Gammelinue
840 4121 874 4170 10
894 4122 926 4171 ut
944 4116 1052 4172 traiicit
1070 4115 1198 4171 traduxit
1216 4115 1257 4185 R,
1277 4119 1309 4171 ut
1327 4116 1425 4172 traicit
1443 4115 1570 4171 traducit
1589 4115 1677 4186 Papi·

341 4201 443 4254 nanus
518 4202 550 4252 12
570 4211 644 4266 qnae
663 4195 824 4251 observatio
845 4227 879 4236 -
900 4203 933 4253 18
953 4197 1080 4254 diversus
1093 4215 1125 4268 p.
1145 4203 1190 4266 71,
1209 4205 1228 4254 8
1305 4215 1378 4269 quas
1397 4197 1559 4254 obseruatio
1579 4197 1676 4252 ortho-

343 4279 480 4350 graphiae
495 4277 585 4334 mixtu
598 4279 643 4333 est
658 4293 686 4331 s.
702 4269 880 4344 detornatae.
910 4278 1057 4349 quaeritur
1072 4278 1160 4334 etium
1174 4278 1198 4334 si
1212 4278 1300 4334 hebet
1314 4278 1535 4334 destructionem
1550 4293 1631 4334 snam
1646 4277 1676 4333 R

399 4365 433 4414 te
452 4359 542 4415 habet
560 4355 831 4415 demonstrationem
842 4369 930 4414 'auam
950 4362 1065 4416 coniecit
1084 4361 1221 4418 Sernlerue
1295 4365 1328 4414 te
1348 4359 1397 4414 ills
1417 4357 1466 4428 qui
1485 4356 1592 4426 scribit,
1608 4376 1674 4414 cum

343 4440 373 4495 id
398 4440 475 4511 quod
497 4441 610 4498 dicatur
633 4437 820 4510 χαριέστατοι
842 4437 878 4496 R.
918 4458 982 4497 cum
1005 4442 1036 4497 id
1059 4443 1135 4514 quod
1160 4441 1346 4514 χαριέστατον
1370 4441 1413 4494 ent
1435 4438 1548 4494 dicotur
1571 4437 1676 4494 Brano-

344 4521 458 4578 bacbiua
477 4523 595 4594 artttopr.
616 4523 663 4578 lat.
679 4539 710 4591 p.
731 4525 758 4576 6.
788 4538 826 4576 an
844 4521 962 4576 numid
985 4523 1193 4594 quad'dioetur
1216 4521 1403 4593 χαριέστατον
1423 4521 1478 4576 atta
1507 4537 1675 4592 quamquam

343 4604 435 4673 ipsum
459 4602 659 4674 χαριέστατον,
683 4603 757 4674 quod
780 4621 814 4658 ea·
832 4604 965 4674 principe
988 4605 1107 4661 editione
1130 4605 1249 4670 retinui,
1272 4619 1330 4658 non
1351 4603 1422 4658 satis
1440 4607 1543 4657 amum
1561 4607 1602 4658 eet

343 4689 378 4740 20
403 4683 438 4739 de
462 4683 622 4740 litterarum
645 4685 800 4757 potestate]
820 4701 851 4754 p.
871 4689 917 4751 48,
937 4690 963 4740 3.
1001 4685 1048 4740 aed
1071 4687 1112 4740 abt
1135 4687 1168 4742 de
1190 4687 1375 4757 pactuatione
1397 4683 1408 4738 ι
1432 4685 1541 4740 litterae
1566 4685 1673 4739 dictum

343 4782 401 4822 nan
419 4773 466 4821 est.
494 4767 581 4823 coioit
597 4769 630 4823 in
648 4785 681 4823 eo
699 4768 856 4837 quaestione
870 4765 994 4835 poeitnm
1008 4773 1047 4821 est
1063 4785 1092 4837 p.
1104 4771 1207 4836 54,20,
1226 4765 1311 4820 coicit
1329 4769 1355 4818 et
1374 4763 1442 4819 eicit
1460 4765 1541 4832 infra
1556 4781 1585 4834 p.
1598 4769 1675 4832 rat

393 4851 427 4902 ιι
448 4846 483 4903 de
502 4865 520 4903 r
537 4848 648 4921 libera]
663 4867 695 4920 p.
715 4853 761 4907 48,
776 4855 803 4905 8.
823 4851 901 4914 tat
976 4853 1009 4903 ιι
1029 4847 1152 4904 retinere
1173 4848 1201 4902 R
