3604 5486
352 329 419 398 532
619 328 809 404 [coenatu
834 324 1062 404 moriturus]
1089 327 1138 386 DE
1164 325 1425 386 burmannus

350 445 374 486 e.
388 435 444 477 aaoa
457 433 482 476 r.

442 517 575 583 Fidelem
599 527 630 582 et
657 517 759 582 ddum.
805 517 903 582 fldelle
931 517 979 600 dt,
1006 526 1041 580 ut
1068 519 1190 582 dommo
1218 536 1340 602 sereres,
1363 521 1448 596 fider
1475 527 1610 592 noturm·
1639 522 1684 580 ita

352 633 435 694 alter
459 637 595 708 tempore
618 633 829 707 connascitur,
845 633 935 692 ulter
956 646 1079 708 semper
1101 630 1266 692 invenitur.

443 735 576 801 Laudem
599 746 631 801 et
654 735 866 802 laudationem.
912 735 978 800 laua
1002 736 1073 800 iacti
1096 739 1333 802 instrumentum
1362 745 1422 815 eet,
1450 736 1582 801 laudatio
1610 753 1684 797 vero

352 853 399 908 eat
422 863 526 908 rerum
550 855 704 928 gestarum
728 844 842 911 relatio.

443 954 519 1018 Fere
540 963 571 1020 et
590 955 750 1040 aliquando
770 963 801 1018 et
820 972 1055 1038 nonnumquam.
1094 957 1157 1020 lere
1178 957 1316 1020 futurum
1335 955 1498 1038 signifieat,
1522 952 1711 1036 aliquandoo

353 1075 385 1128 et
408 1083 636 1147 nonnumquam
659 1063 741 1148 quod
764 1066 967 1128 intermittere
992 1083 1052 1129 non
1075 1068 1197 1148 patitur.
1686 1139 1693 1152 ‚

443 1174 554 1256 aptum
582 1183 614 1237 et
641 1173 714 1238 utile
743 1183 774 1238 et
802 1174 952 1238 idoneum.
1005 1183 1108 1256 aptum
1141 1173 1208 1236 loeo
1240 1176 1324 1238 venit
1355 1181 1387 1236 et
1418 1181 1570 1256 tempore,
1602 1171 1682 1254 quod

352 1281 443 1346 hahet
472 1285 694 1366 summetriam3
732 1283 806 1346 utile
840 1283 938 1346 lertur
970 1279 995 1363 †
1027 1285 1073 1346 uti
1105 1282 1264 1366 prudentia
1296 1283 1429 1366 litterae;
1461 1281 1604 1345 idoneum
1637 1281 1683 1343 vel

352 1393 483 1455 amioum
505 1409 562 1475 per
585 1391 710 1456 eonailia
734 1392 862 1456 doinus
885 1391 934 1454 vel
957 1409 1078 1456 serrum
1102 1395 1133 1455 in
1157 1410 1215 1456 usu
1238 1392 1353 1455 domini
1377 1393 1433 1454 eui.

444 1499 556 1564 Saxum
579 1509 611 1564 et
634 1499 772 1583 lapidem.
819 1515 924 1562 aarum
948 1498 1084 1562 naturale
1104 1507 1164 1582 eet,
1188 1497 1263 1581 lapis
1282 1501 1336 1581 qui
1354 1518 1391 1562 ex
1410 1516 1482 1562 saxo
1501 1482 1609 1562 caesare
1628 1509 1684 1561 eet.
1701 1513 1728 1554 ιο

446 1609 651 1674 Certationem
683 1619 715 1672 et
748 1617 913 1672 certamen.
965 1611 1092 1672 certatio
1126 1618 1173 1671 est
1205 1607 1496 1693 administrantium,
1529 1616 1684 1672 certamen

352 1721 463 1802 operia.
657 1775 659 1780 .

442 1827 599 1891 victimam
623 1837 654 1891 et
677 1826 815 1892 hostiam.
862 1827 982 1890 victima
1005 1827 1101 1888 maior
1125 1835 1184 1905 eat,
1208 1825 1307 1890 hostia
1329 1829 1437 1890 minor.

444 2009 458 2058 1
479 2000 608 2059 Fidelem
627 2001 708 2058 Beda
725 2005 830 2070 273,14
850 2045 856 2060 .
876 1999 954 2058 Inter
973 1998 1061 2056 ddum
1080 2002 1111 2057 et
1128 2001 1241 2058 fidelem
1261 2046 1268 2060 .
1288 2001 1380 2059 fidelia
1399 2000 1508 2058 amiooa
1528 2003 1586 2073 eat,
1610 2001 1685 2057 iidne

352 2099 449 2140 eervua
473 2085 531 2140 eod.
557 2085 649 2140 Mouet.
737 2090 754 2141 3
778 2084 857 2142 Inter
878 2083 994 2140 landem
1018 2086 1047 2138 et
1070 2081 1290 2140 laudationem.
1311 2082 1375 2139 lana
1397 2085 1442 2139 eat
1463 2083 1495 2140 in
1518 2100 1576 2156 qna
1593 2081 1687 2139 virtue

352 2165 454 2236 enitet,
474 2165 602 2224 laudatio
615 2165 764 2238 inqniaitio
779 2211 785 2224 .
800 2164 852 2224 alil
866 2165 966 2222 dieunt
977 2163 1093 2221 landem
1107 2181 1168 2222 aare
1182 2165 1243 2222 eina
1257 2163 1307 2235 qni
1322 2164 1468 2232 landatur,
1487 2163 1686 2222 laudationem

352 2246 413 2304 eina
432 2248 481 2319 qai
500 2247 600 2306 laudat
617 2249 677 2306 eod.
698 2249 790 2306 Meet.
865 2254 881 2304 i
901 2247 979 2304 Inter
1001 2248 1100 2318 aptum
1119 2240 1155 2303 'et
1178 2246 1280 2304 utilem
1303 2249 1334 2304 et
1357 2245 1491 2304 idoneam
1510 2291 1517 2302 .
1537 2250 1621 2318 aptae
1641 2250 1687 2302 eet

352 2327 415 2385 loeo
435 2329 483 2386 rel
503 2331 645 2401 tempor03
664 2329 736 2386 utile
755 2329 792 2384 ad
811 2327 842 2384 id
860 2325 994 2398 refertur,
1013 2330 1046 2384 ut
1063 2327 1093 2384 in
1113 2328 1246 2400 prodenti
1265 2329 1354 2386 latere
1373 2329 1402 2398 (l.
1422 2327 1493 2384 utile
1516 2329 1555 2384 ad
1574 2327 1685 2399 aliquid

351 2408 486 2480 refertar,
510 2412 544 2466 nt
567 2410 731 2483 inprudenti
754 2409 879 2480 litterae)
903 2407 988 2465 ntilea
1012 2411 1091 2476 aurata
1116 2410 1250 2467 idoneum
1276 2409 1397 2466 dioimaa
1421 2409 1686 2482 [reloprlma1aat

352 2491 477 2550 amioum
495 2511 548 2566 per
566 2492 686 2550 ooneilia
704 2495 755 2549 ant
773 2509 886 2549 nervum
904 2491 935 2547 in
948 2507 1002 2546 uan
1015 2491 1124 2548 domini
1138 2491 1182 2547 mi
1197 2491 1255 2548 eod.
1272 2491 1364 2547 Meet.
1441 2496 1474 2546 10
1493 2491 1570 2547 Inter
1584 2507 1683 2546 aarum

353 2576 383 2630 et
397 2573 523 2647 lapidem
538 2617 545 2630 .
563 2591 663 2632 auom
676 2577 780 2632 maura
794 2576 850 2642 eat,
868 2573 944 2645 lapia
958 2571 1008 2644 qni
1023 2571 1059 2630 de
1073 2589 1142 2629 aero
1157 2571 1260 2630 eeeidr't
1274 2570 1321 2626 vel
1334 2571 1442 2628 uniam
1456 2574 1501 2628 eat
1514 2572 1572 2628 eod.
1591 2571 1683 2628 Monet.

389 2663 423 2712 11
442 2655 520 2713 later
538 2659 682 2714 certamen
702 2660 732 2714 et
751 2657 984 2715 contentionem.
999 2657 1143 2714 certamem
1158 2653 1273 2711 mutia
1287 2653 1442 2711 aemulatio
1461 2655 1518 2721 eat,
1538 2651 1683 2711 eontentio

352 2737 517 2794 alluentium
536 2737 566 2810 (l.
585 2739 797 2810 altercantium)
816 2743 861 2796 eat
878 2740 936 2796 eod.
957 2739 1049 2794 Meet.

445 2908 460 2958 1
481 2903 512 2958 ut
531 2902 648 2960 domino
667 2933 700 2944 -
720 2903 864 2961 invenitur
887 2919 939 2960 om.
958 2901 993 2958 N
1007 2906 1033 2958 et
1055 2901 1159 2958 laeana
1181 2901 1309 2958 iudicate
1328 2916 1346 2962 ς
1366 2943 1372 2956 .
1390 2899 1582 2972 appu-enta
1602 2915 1683 2969 prue-

353 2985 414 3040 broit
432 2984 513 3040 Beda
532 3027 539 3040 .
558 2984 650 3042 fidelia
670 2985 716 3052 dt,
735 2985 807 3042 ddna
826 2983 953 3042 naeoitnr
971 2983 1126 3042 Faodciea
1199 2991 1215 3040 3
1235 2999 1302 3040 uero
1321 2999 1338 3043 ς
1357 2987 1375 3040 d
1394 2982 1431 3054 (lt.
1451 2999 1473 3040 e.
1493 2983 1560 3052 non)
1580 2980 1612 3036 N

353 3065 478 3123 thabat
496 3083 578 3123 enam
597 3066 748 3123 materiam
767 3103 774 3122 .
794 3066 871 3122 Vtile
890 3065 959 3122 lecit
978 3079 994 3124 ς
1076 3063 1211 3123 idoneum
1228 3067 1261 3120 ut
1283 3062 1443 3122 amioume
1526 3067 1543 3117 9
1562 3059 1683 3117 dicimur

352 3149 386 3204 at
404 3163 554 3208 aereum
627 3147 735 3204 domini
749 3146 806 3221 aui]
822 3145 945 3204 hominia
964 3145 997 3201 N
1004 3162 1021 3206 ς
1097 3153 1130 3202 10
1144 3149 1188 3203 eat
1199 3147 1295 3218 priore
1309 3147 1368 3202 loeo
1381 3159 1466 3204 σοις
1542 3149 1574 3198 1³
1588 3143 1684 3202 boetia

353 3228 445 3286 minor
460 3233 465 3300 Ι
482 3227 627 3300 Explicita
646 3231 713 3286 aunt
732 3227 856 3287 Cornelii
875 3225 1027 3286 Frontonis
1046 3226 1223 3299 Fragmenta
1239 3227 1275 3284 de
1294 3224 1468 3284 Differentiia
1486 3224 1634 3281 nominum
1653 3225 1683 3280 et

353 3310 540 3370 verberone
