3610 5482
379 365 383 373 ,
443 304 447 309 ·
541 331 548 340 ·
602 259 978 380 mnonrnooisnnrs
1411 309 1455 374 ot

120 411 142 450 ιι
158 397 222 444 im
236 401 264 444 ιιι
278 401 304 442 P.
1360 433 1373 454 ο

121 505 224 570 neque
238 487 287 550 liis
301 485 440 570 partibus
454 487 598 552 orationis
613 507 683 552 oum
698 487 808 572 qulbus
822 491 854 552 in
868 487 1079 552 contusionem
1093 507 1153 552 non
1168 493 1250 556 venit
1269 493 1458 578 adiungitur:

121 594 177 658 abs
201 603 233 658 te
258 602 360 660 autem
388 595 466 660 duae
494 603 596 679 partes
627 599 774 662 orationis
802 607 888 662 sunt:
917 597 971 660 sed
999 614 1069 660 cum
1096 597 1275 678 quibusdam
1303 602 1404 666 verbis
1427 604 1460 666 ln

16 713 17 804 i
53 711 56 716 '
121 705 274 766 unitatem
297 707 458 789 concessit,
481 715 516 770 ιιι
539 705 679 791 absdnet,
703 688 870 770 abscondit
912 705 986 770 haec
1010 707 1092 769 enim
1115 724 1186 789 pars
1209 711 1354 772 orationis
1378 729 1458 774 corn·

120 813 224 893 posito
248 820 304 894 esi,
328 820 359 876 et
383 815 525 896 qnoniam
546 821 577 876 et
597 813 720 878 acondit
742 812 844 878 hiabat
863 822 894 878 et
913 813 1055 900 abcondit
1078 814 1185 878 dorius
1207 815 1342 902 sonabat,
1365 819 1459 881 inter·

16 947 17 968 1
80 940 93 980 s
122 919 209 982 venit
227 937 242 982 s
262 918 372 1005 littera,
397 939 473 1004 qnae
497 929 659 986 exornaret
678 920 736 1002 [et]
761 922 907 988 auditum.
944 922 982 986 de
1006 941 1066 1004 qna
1091 925 1254 1006 scriptione
1275 924 1348 990 illud
1368 945 1459 1010 qnae·
1520 991 1525 1000 ,

121 1029 221 1112 ritnr‚
248 1037 357 1092 utrum
381 1047 438 1112 per
459 1049 480 1112 p
504 1047 620 1113 anper
644 1029 664 1092 b
687 1039 720 1094 et
741 1049 758 1094 s
781 1014 890 1095 debeat
912 1029 1019 1114 scribi,
1049 1033 1190 1112 quoniam
1213 1051 1249 1096 ea
1275 1037 1352 1116 qnae
1380 1034 1460 1116 apud

123 1153 183 1198 nos
208 1135 239 1198 Ψ
262 1135 395 1200 litteram
418 1145 528 1200 sonant
550 1147 657 1220 putant
685 1138 823 1221 plerique
847 1157 945 1220 perp
970 1145 1000 1201 et
1023 1157 1038 1202 s
1062 1138 1234 1224 scribenda,
1260 1143 1407 1236 quoniam
1428 1150 1460 1205 et

123 1241 236 1305 Graeci
259 1233 534 1327 pronuntiaverunt
559 1242 642 1326 [per]
666 1244 697 1309 Ψ
720 1245 851 1309 litteram
879 1252 1019 1308 constare
1043 1240 1081 1309 ise
1102 1242 1165 1310 rori
1188 1254 1228 1309 ret
1247 1241 1305 1310 καὶ
1328 1261 1357 1311 ο.
1404 1248 1457 1311 sed

16 1389 17 1404 ι
123 1353 178 1433 qni
204 1353 353 1433 originem
377 1352 542 1416 verborum
564 1356 719 1436 propriant
742 1355 925 1436 respiciunt,
947 1371 1003 1436 per
1026 1352 1045 1414 b
1069 1352 1217 1417 scribunt.

72 1481 110 1520 -n
219 1478 238 1516 a
257 1467 288 1522 et
306 1461 338 1522 in
357 1479 393 1524 eo
413 1461 495 1543 quod
514 1470 562 1524 est
580 1461 707 1546 appello,
731 1461 811 1544 quod
833 1460 962 1524 alternnr
981 1463 1021 1525 sit
1039 1479 1146 1524 navem
1168 1461 1355 1546 appellentls,
1379 1463 1459 1528 aiud

126 1565 215 1652 rerbi
238 1585 329 1630 causa
352 1571 512 1650 pecuniam
536 1567 723 1651 appellantis.
769 1569 906 1633 videmus
929 1577 1030 1633 antem
1059 1587 1154 1653 prope
1177 1572 1210 1633 in
1233 1569 1371 1634 omnibus
1395 1589 1461 1634 ver·

125 1671 176 1737 bis
195 1693 275 1756 qnae
294 1693 311 1738 a
329 1675 469 1757 plittera
488 1678 639 1761 incipiunt
657 1676 735 1741 hanc
757 1679 1012 1760 praepositionem
1032 1680 1099 1761 cogi
1118 1687 1153 1741 ιιι
1171 1679 1190 1742 d
1208 1679 1310 1743 littera
1328 1683 1438 1743 omissa
1455 1675 1459 1766 i

96 1800 146 1863 ·p
174 1785 324 1866 geminet,
357 1792 392 1846 ιιι
420 1787 452 1848 in
483 1802 519 1846 oo
548 1784 629 1867 quod
662 1793 710 1848 est
736 1794 824 1868 paret
856 1792 981 1868 apparet
1009 1794 1041 1848 et
1068 1787 1100 1848 in
1127 1804 1164 1848 eo
1192 1786 1273 1868 quod
1301 1796 1348 1851 est
1376 1790 1463 1870 ponit

94 1891 98 1899 '
125 1891 253 1971 apponit
289 1899 321 1953 et
358 1893 470 1973 pungit
505 1893 659 1974 appunglt
716 1893 760 1954 sic
797 1894 830 1955 in
861 1891 909 1954 iris
946 1891 1084 1974 pertibus
1121 1895 1266 1956 orationis
1304 1913 1379 1976 quae
1416 1897 1461 1957 in·

86 2019 112 2060 n
127 1998 247 2079 cipiunt
274 2017 291 2060 a
320 1997 420 2063 littera
449 2018 466 2062 ο
495 2017 556 2062 ιιοο
584 1999 671 2062 laede
700 2008 801 2080 potest
828 1998 885 2062 hac
912 2001 1135 2081 praepositione
1162 1999 1281 2064 admota
1310 2019 1417 2064 sonare
1441 2001 1461 2064 d

127 2104 238 2168 ittera,
294 2105 369 2169 baec
399 2106 539 2171 similiter
569 2106 670 2171 littera
700 2107 871 2188 geminatur
900 2109 932 2170 in
963 2125 999 2170 eo
1035 2107 1116 2189 qnod
1147 2115 1193 2170 est
1223 2111 1308 2191 cepio
1338 2112 1462 2193 accipio.

129 2215 234 2294 itaque
261 2211 395 2278 Lucilius

220 2421 316 2480 coca
335 2420 489 2480 Porrlrooe'e'
526 2429 541 2478 1
560 2421 591 2480 in
609 2421 775 2479 centurione
849 2421 1015 2494 ebiungitor
1092 2431 1108 2481 ι
1127 2426 1236 2500 numm]
1257 2425 1333 2497 enim
1413 2425 1464 2483 red

128 2501 225 2558 nubis
244 2519 310 2560 cnm
328 2501 500 2574 qmbusdam
518 2501 659 2560 unitatem
677 2503 823 2560 consensit
891 2509 909 2559 l
927 2505 958 2558 et
976 2502 1110 2574 quoniam
1128 2508 1159 2562 et
1176 2506 1308 2563 accondit
1326 2505 1414 2562 hebet
1433 2507 1462 2562 et

80 2605 90 2618 ι
126 2581 283 2638 abscondit
300 2582 399 2639 durius
486 2589 503 2639 li
526 2581 669 2656 elittera]
695 2601 714 2656 p
733 2583 832 2641 littore
918 2588 935 2639 6
954 2583 1032 2656 apud
1049 2601 1101 2641 nos
1119 2585 1144 2642 Τ
1162 2585 1289 2644 litteram
1308 2589 1391 2643 sonat

126 2669 145 2720 ι
165 2657 200 2719 ie
218 2664 271 2720 roei
291 2663 359 2732 πιξο
378 2664 402 2721 0
418 2679 489 2721 corr.
510 2659 543 2720 ἐκ
561 2663 613 2721 τοῦ
633 2684 666 2719 ere
686 2665 753 2720 ,και
772 2680 789 2719 ο
806 2679 823 2719 ο
894 2666 911 2716 9
931 2661 1073 2735 originem
1091 2665 1191 2734 (deleto
1209 2684 1238 2722 m
1257 2667 1350 2726 littero
1365 2667 1461 2740 primo

126 2761 232 2812 m,
249 2749 283 2800 ιιι
299 2745 424 2812 ridetur,
441 2751 474 2801 ot
492 2751 559 2801 casei
577 2743 698 2816 origine)
716 2743 868 2802 uerborum
886 2741 1046 2814 propriores
1065 2747 1132 2800 sont
1148 2745 1268 2804 uerbum
1286 2747 1414 2805 scribunt
1432 2751 1463 2805 et

127 2825 159 2882 in
178 2841 213 2882 eo
279 2831 312 2880 ιι
332 2824 484 2896 pecuniam
501 2816 683 2900 oppffllsntea
758 2831 789 2881 ιι
810 2827 843 2880 ut
860 2823 881 2879 b
898 2822 997 2881 littero
1088 2832 1121 2882 1³
1145 2828 1176 2884 in
1195 2827 1243 2902 eo]
1261 2827 1299 2885 ab
1318 2845 1351 2886 eo
1366 2830 1465 2900 priore
1591 2863 1593 2866 -

127 2905 189 2962 loco
260 2903 342 2976 ponit
360 2903 482 2978 opponit
498 2909 531 2962 et
547 2906 652 2980 pnngit
670 2906 811 2978 oppnngit
884 2909 917 2960 ιι
936 2903 1019 2980 hoec]
1038 2906 1094 2964 boc

225 3114 239 3164 1
257 3109 377 3178 fortasse
394 3125 487 3182 nequo
505 3111 571 3170 aliis
589 3111 720 3184 partibus
739 3110 876 3169 orationis
896 3141 930 3152 -
949 3111 999 3168 red
1017 3111 1122 3182 verbio,
1147 3129 1213 3171 oum
1231 3115 1334 3188 quibus
1351 3114 1382 3171 in
1400 3115 1464 3172 uni-

128 3193 221 3248 tatem
241 3191 382 3248 concernit
490 3198 508 3249 ι
530 3191 665 3264 qnoniam
689 3197 719 3249 at
741 3193 874 3250 accondit
896 3191 991 3248 habat
1009 3195 1040 3249 et
1061 3195 1194 3253 escondit
1217 3197 1314 3254 domus
1334 3199 1464 3270 rodebat,

129 3271 288 3329 intervenit
305 3290 325 3344 p
342 3272 441 3330 littera
456 3273 575 3347 Ιιοιιιιι,
590 3273 726 3346 quoniam
741 3279 771 3332 et
784 3273 918 3332 accondit
934 3274 1056 3332 hebetur
1070 3277 1099 3331 at
1115 3277 1252 3334 abcondit
1270 3277 1367 3335 durius
1382 3294 1465 3334 sonn-

129 3352 195 3424 bat,
213 3353 369 3410 intervenit
386 3371 400 3410 ι
418 3353 519 3411 littero
536 3353 721 3412 Scioeamo
739 3371 854 3426 promen.
874 3355 922 3410 lot.
941 3371 966 3411 o.
987 3355 1052 3426 lp.
1067 3361 1126 3413 221
1146 3361 1172 3412 ot
1190 3361 1255 3416 631.
1283 3359 1418 3430 quoniam
1433 3364 1464 3418 et

129 3432 266 3490 accondit
287 3435 330 3491 ool
352 3434 469 3491 eoondit
489 3434 578 3492 hebet
599 3434 752 3490 οοιιιοοονοι
775 3432 920 3491 dentem.
962 3435 1063 3492 hiabat
1085 3437 1199 3507 scripsi,
1227 3443 1260 3493 ot
1286 3441 1460 3498 mmmm

129 3521 197 3572 met
215 3515 242 3572 ei
259 3515 334 3586 qood
350 3531 440 3586 sopra
458 3515 563 3572 dictum
581 3519 641 3570 σοι
659 3513 691 3570 in
703 3514 845 3571 unitatem
860 3516 999 3572 concessit
1065 3521 1083 3570 b
1103 3515 1138 3572 de
1152 3534 1211 3587 que
1223 3517 1430 3590 scriptione-
1446 3528 1463 3578 9
1575 3587 1581 3593 ,

130 3595 217 3667 perb
234 3595 363 3652 ecnbnnt
375 3612 407 3667 p.
423 3599 470 3664 73,
483 3601 522 3654 ιι
541 3595 641 3652 decor.
658 3612 688 3667 p.
703 3599 784 3663 27,3
816 3645 818 3650 .
853 3595 966 3667 capud
980 3595 1198 3653 nortlitteram
1213 3602 1317 3674 nonant
1329 3599 1367 3673 R,
1385 3603 1463 3673 epod

131 3692 184 3732 noe
206 3677 238 3729 Ψ
252 3675 381 3733 litteram
399 3679 503 3734 sonant
521 3676 628 3732 Iunior
718 3681 736 3732 8
754 3674 1011 3748 pronunliaoemnt
1028 3675 1115 3750 per'p
1132 3679 1261 3737 litteram
1281 3685 1409 3740 donatore
1429 3681 1462 3740 le

87 3756 91 3762 “
131 3756 185 3811 τοῦ
210 3757 319 3820 πίονος.
358 3755 423 3816 Sed,
438 3757 488 3830 qni
511 3755 615 3830 origini
632 3757 785 3814 verborum
808 3755 970 3828 propriores
988 3760 1066 3830 sunt,
1086 3760 1205 3818 verbnm
1223 3762 1364 3821 scribant:
1384 3766 1414 3821 et
1431 3765 1463 3818 in

132 3853 167 3892 eo
193 3836 272 3908 qnod
297 3838 341 3894 est
365 3837 495 3910 appollo,
521 3838 599 3909 qnod
624 3837 747 3895 alterum
773 3837 811 3894 sit
842 3853 915 3893 nane
940 3839 1125 3911 appellentis,
1154 3841 1233 3899 alind
1261 3846 1344 3902 verbi
1369 3861 1463 3916 conse,

130 3916 283 3988 pecuniam
302 3915 481 3990 appellantes
500 3917 529 3975 R
612 3918 663 3976 sed
681 3918 731 3992 qni
749 3919 853 3992 origini
871 3919 1024 3978 verborum
1041 3923 1187 3993 proniores
1204 3926 1246 3982 oei
1264 3929 1461 4000 propensiores

40 4069 43 4074 Δ
132 3999 201 4054 amnt
218 3999 335 4054 οοιιιοοιι
358 3997 563 4056 ermoonaiea
580 4001 614 4056 de
638 3999 1067 4074 Vorr.lltr.promm.p,178.
1104 4003 1154 4060 sed
1173 4006 1223 4077 qni
1241 4007 1380 4080 originem
1398 4025 1459 4066 ver·

130 4079 233 4137 borom
251 4078 397 4150 propriem
415 4081 572 4152 respiciunt
588 4083 703 4153 scripsi,
721 4083 960 4154 poccatorem
977 4089 1018 4141 eet
1030 4085 1191 4157 Loopucp.
1202 4091 1277 4155 68,9
1296 4091 1364 4146 ente
1382 4088 1459 4146 enim
1583 4097 1588 4103 '

131 4160 273 4234 rerpieero
291 4159 435 4218 debebant
452 4167 478 4218 ot
491 4179 522 4233 p.
537 4167 615 4231 81,9
634 4162 817 4235 antiquorum
836 4166 1009 4224 consuetedo
1029 4165 1207 4238 respiciendo
1225 4170 1270 4224 est
1337 4175 1354 4225 9
1373 4187 1425 4242 per
1443 4170 1463 4226 b

132 4243 274 4312 nembrot,
297 4243 328 4298 et
350 4241 381 4298 in
403 4257 438 4298 eo
456 4241 534 4314 qnod
557 4244 602 4299 est
622 4243 737 4315 appello
758 4245 917 4305 Potecbe'oe.
963 4248 1094 4306 ιοοιοιοιιι
1117 4249 1256 4305 indicavit
1278 4249 1463 4310 sonorem

131 4339 248 4394 mm.
273 4322 322 4378 lot.
345 4337 371 4380 o.
396 4321 418 4377 I
435 4339 466 4394 p.
492 4327 556 4380 631.
595 4330 708 4395 praeter
727 4330 962 4400 praeponitionem
984 4329 1021 4385 od
1045 4335 1149 4398 οοιοοι,
1177 4329 1216 4386 od
1238 4347 1322 4401 pacm
1340 4348 1374 4388 eo
1391 4350 1463 4404 pocae

131 4407 288 4476 ωουιιιιιιιτ
310 4403 467 4475 munt,
493 4403 526 4460 de
548 4403 806 4480 inpraepoaitiom
828 4411 879 4467 too
901 4410 960 4467 loco
983 4409 1358 4482 dimioeooidetorloopree,
1381 4431 1460 4484 poeto

132 4489 243 4542 mutuo
265 4489 306 4540 eat
328 4483 506 4556 Papiriam
527 4487 606 4558 opud
629 4486 837 4548 Cassiodon‘om
856 4509 887 4563 p.
907 4495 988 4551 2293
1080 4494 1113 4544 ιι
1137 4492 1172 4546 nt
1193 4490 1212 4546 b
1237 4489 1336 4547 littero
1355 4491 1461 4548 emim

133 4584 153 4638 p
178 4565 319 4639 geminet,
349 4566 384 4620 ot
412 4564 451 4621 nb
482 4581 516 4623 eo
543 4567 619 4638 qnod
644 4568 688 4624 ost
716 4575 813 4644 paret,
845 4574 977 4645 apparete
1008 4573 1038 4627 et
1064 4569 1096 4626 in
1126 4585 1160 4626 eo
1188 4571 1266 4641 qaod
1294 4575 1340 4628 est
1373 4576 1464 4647 ponit,

134 4647 268 4722 opponit,
296 4647 328 4702 et
358 4645 463 4718 pnngit
487 4647 627 4720 oppongit
654 4648 690 4708 R.
729 4655 763 4710 ut
791 4653 811 4709 d
841 4651 940 4710 littero
972 4651 1077 4707 omissa
1106 4655 1132 4706 et
1162 4651 1261 4709 dende
1292 4656 1412 4727 apponit
1438 4659 1464 4710 ot

16 4791 17 4812 χ
135 4727 280 4800 appnngit
306 4729 487 4786 retirement
510 4727 645 4786 dentem
672 4735 698 4786 ot
720 4731 905 4792 Schneideno
1020 4737 1053 4788 ιι
1080 4733 1112 4787 nt
1137 4731 1174 4788 ab
1200 4749 1235 4791 ec
1260 4739 1376 4807 utroque
1405 4736 1463 4793 loco
