3564 5482
370 365 437 434 388
946 365 1123 428 nostrum

371 469 527 524 „mmm

372 556 425 619 sed
449 557 599 638 positione
622 555 724 638 longo,
748 565 781 622 ut
805 575 897 640 supra
920 555 1093 642 retulimus,
1126 552 1210 622 ‘hoc
1234 567 1313 622 erat
1335 557 1424 623 alma
1448 551 1614 641 porens3’
1642 575 1692 620 nec

371 665 397 726 si
421 663 607 728 semivocalis
632 665 663 728 ln
687 667 833 728 unitatem
857 683 927 728 cum
950 664 1063 748 liquida
1081 667 1182 730 veniat
1190 714 1200 748 ,
1223 675 1257 730 ut
1276 683 1350 730 sors.
1398 667 1493 731 altero
1513 665 1602 730 modo
1622 667 1693 728 liunt

371 790 562 858 communes,
599 793 668 838 cum
703 775 812 839 vocalis
848 774 996 859 producta
1033 777 1183 858 excipitur
1216 793 1232 837 a
1265 775 1376 840 rocsli:
1413 775 1512 840 brevis
1550 777 1609 858 sio,
1646 770 1727 870 ‘te‘

371 880 530 946 Coridon
554 903 573 947 o
597 879 937 969 Alexl’310ngarero
961 885 1020 968 sle,
1049 879 1151 948 ‘luco
1174 879 1407 949 Melicertes?
1454 894 1561 949 natura
1584 887 1664 948 enim
1687 877 1691 967 Ι

370 991 457 1074 longa
486 1001 534 1056 est
561 1011 580 1054 o
609 990 725 1078 littera,
756 1011 833 1077 quse
862 1010 954 1076 snpra
981 1011 1038 1075 pro
1066 991 1150 1056 brevi
1178 995 1334 1076 recipitur.
1385 997 1477 1058 tertio
1510 994 1613 1076 modo,
1645 991 1732 1058 ubit

371 1099 472 1164 brerls
495 1099 607 1183 syllsba
630 1101 739 1164 liniens
761 1111 879 1184 partem
902 1104 1048 1166 orationis
1071 1121 1088 1165 s
1110 1103 1205 1167 vocali
1229 1106 1401 1184 excipitur:
1429 1111 1476 1166 est
1500 1105 1581 1166 enirn
1604 1107 1694 1180 loono

371 1213 403 1272 irs
426 1211 494 1294 loc,

578 1319 651 1404 liic,
675 1321 739 1404 ait,
762 1329 798 1383 et
821 1321 962 1384 nostris
985 1319 1170 1385 inluserat
1193 1321 1328 1384 advena
1351 1325 1489 1406 regnis3

371 1424 471 1490 brevis
495 1429 527 1491 in
551 1427 622 1512 hoe,
1326 1433 1329 1442 '

549 1539 627 1600 itur
650 1541 685 1602 in
710 1540 897 1620 antiquam
922 1537 1063 1620 siloam,
1086 1537 1230 1602 stabulo
1254 1538 1325 1602 alta
1349 1539 1519 1603 terarum.
1707 1562 1729 1601 so

369 1654 477 1727 quarto
501 1645 603 1728 modo,
631 1649 658 1710 sl
686 1638 803 1711 desinet
832 1649 863 1710 ln
892 1655 1109 1710 consonantem
1139 1655 1169 1710 et
1198 1649 1365 1730 excipietur
1393 1667 1410 1710 a
1434 1647 1533 1711 littera
1557 1647 1577 1710 lr
1602 1645 1694 1728 [aut]:

369 1763 416 1818 est
439 1757 520 1818 onim
544 1753 645 1818 brevis
668 1758 727 1841 sic,

504 1864 562 1928 hic
585 1867 656 1949 sir,
678 1863 736 1928 hic
760 1875 830 1949 est,
853 1863 923 1929 tibi
946 1882 1050 1948 quem
1073 1865 1244 1946 promitti
1266 1867 1413 1947 saepius
1437 1866 1559 1950 andis3

369 1973 455 2058 longa
480 1993 551 2037 roro
570 1975 628 2058 sic,

587 2092 689 2166 terga
714 2085 908 2167 fatigamus
932 2082 1049 2167 hasta,
1073 2101 1139 2146 nec
1164 2083 1268 2145 tarda
1291 2092 1472 2148 senectus.
1708 2107 1729 2147 o

882 2241 944 2310 DE
976 2239 1189 2310 DICTIONE

460 2372 557 2437 Dictio
581 2385 628 2438 est
652 2395 688 2439 ex
717 2373 837 2458 syllabis
865 2375 949 2438 linita
977 2392 1048 2437 cum
1076 2375 1293 2455 significatione
1322 2383 1405 2437 certa
1432 2373 1559 2460 locutio,
1589 2385 1623 2438 ut
1650 2385 1694 2438 est

370 2499 586 2512 ———

461 2547 553 2606 eodm
572 2549 772 2623 Scnpoliertsis.
820 2548 970 2623 lpsrem]
990 2565 1073 2621 peres
1150 2549 1255 2606 ιΙιιοο
1273 2546 1451 2622 Melicertes]
1470 2546 1642 2608 Omelioerte

368 2630 545 2703 oexcipilnr
563 2638 589 2688 ιι
606 2631 694 2704 longe
712 2631 742 2688 iu
761 2631 816 2688 hoc
834 2647 885 2689 οτι.
962 2637 996 2688 10
1014 2629 1086 2705 itur]
1106 2629 1174 2687 ilem
1252 2635 1285 2687 lo
1305 2632 1422 2687 senecio

463 2802 477 2851 1
497 2795 564 2869 hoo]
600 2793 678 2866 Vero.
698 2795 768 2854 Δειι.
789 2796 833 2851 ΙΙ
850 2799 907 2852 664
988 2800 1005 2850 ιι
1024 2795 1067 2866 le]
1101 2792 1180 2867 Vero.
1200 2793 1288 2851 boeot.
1307 2798 1377 2864 ίβο
1458 2801 1476 2850 4
1499 2794 1582 2868 Inoo]
1618 2793 1693 2866 Verp.

321 2946 326 2957 Ι
369 2893 460 2950 scorp.
480 2877 502 2932 I
518 2881 575 2934 437
647 2881 664 2932 8
684 2877 730 2934 hio
749 2875 803 2950 uit]
825 2875 903 2948 Verp.
918 2876 989 2932 Αειι
1005 2875 1091 2930 IIII
1104 2881 1157 2933 591
1235 2881 1268 2931 ιο
1287 2873 1357 2948 itur]
1384 2873 1462 2946 Vero.
1478 2876 1549 2932 Aen.
1576 2875 1624 2932 VI
1641 2881 1692 2932 179

423 2964 456 3014 1³
476 2957 523 3014 hie
542 2957 597 3031 vir]
623 2955 702 3031 Vero.
722 2959 792 3016 Aer.
814 2957 861 3014 VI
874 2962 932 3014 792
1008 2963 1041 3013 to
1055 2956 1149 3030 leoga]
1170 2955 1249 3029 Verp.
1265 2961 1335 3014 Aere.
1357 2955 1469 3013 VIIII
1482 2963 1545 3015 610.
1565 2961 1692 3030 ριιίοιιιιει

367 3039 479 3096 modom
498 3041 650 3096 αοτιαιινιίε
667 3039 791 3112 syllaba
809 3039 922 3095 addidit
941 3037 1088 3095 Οιατίείιιο
1102 3055 1134 3109 p.
1148 3043 1220 3108 14,7‚
1240 3039 1349 3111 quinio,
1368 3054 1426 3110 quo
1444 3040 1576 3110 correpte
1591 3039 1693 3097 vocalis

367 3121 475 3181 desinit
496 3123 526 3179 in
551 3123 754 3179 consonantem
778 3125 807 3178 ει
830 3119 971 3192 excipitur
992 3117 1146 3190 principali
1168 3118 1266 3176 litters
1285 3137 1311 3176 n.
1331 3121 1406 3176 ίιιιιιο
1424 3121 1516 3176 cmiii
1534 3120 1691 3178 Βοαίιίιιιιι.

367 3221 429 3260 oum
447 3209 547 3276 quarto
565 3205 646 3261 modo
663 3205 792 3276 ριιίιιίιιιι
810 3203 845 3260 ab
864 3219 895 3259 ιο
913 3204 1091 3258 coniunctum
1109 3201 1244 3258 coseoliis
1257 3203 1374 3268 conieci,
1393 3199 1552 3274 excipiatur
1567 3219 1584 3258 s
1599 3203 1693 3260 litters

368 3285 386 3342 h
402 3287 452 3341 sul
465 3303 484 3341 n
499 3285 563 3341 loco
573 3283 753 3341 consonantis
762 3282 858 3357 posita
909 3289 942 3339 1o
953 3281 1001 3338 DE
1017 3281 1205 3357 DICTIONE]
1221 3283 1329 3340 Oloris.
1337 3300 1367 3355 p.
1378 3288 1466 3354 1628
1476 3281 1691 3356 Dimu.p.4ii,9

368 3481 539 3572 συλλαβάς
563 3487 628 3552 είσι
653 3484 856 3575 διῃρημένα,
886 3482 928 3554 οὐ
957 3489 1085 3572 γίνεται
1113 3481 1223 3572 κοινή,
1251 3480 1337 3551 ἀλλὰ
1365 3483 1462 3553 θέσει
1490 3481 1617 3574 μακροί,
1650 3479 1714 3566 ὦς’

367 3594 406 3663 ἐν
429 3595 474 3687 τῷ
499 3590 657 3681 ἀνωτέρω
681 3590 917 3683 ἀνηνέγκαμεν
956 3595 1159 3680 [τουτέστιν]
1229 3588 1331 3678 ,οὔτ’
1358 3589 1417 3660 έίιν
1440 3587 1624 3681 ἡμίφωνον
1647 3596 1691 3673 είς

366 3698 404 3772 τὸ
434 3696 517 3771 αὐτὸ
546 3697 628 3789 μετὰ
654 3704 716 3771 τοῦ
745 3699 959 3790 ἀμεταβόλων
993 3702 1144 3791 σννέίθη
1228 3700 1360 3794 ,έτέρφ
1393 3697 1507 3792 τρόπφ
1539 3705 1691 3788 γίνονται

322 3879 325 3886 ,
367 3813 497 3896 κοιναί,
530 3806 613 3878 ὅταν
641 3806 814 3896 φωνήεντι
847 3810 1051 3901 ἐκτεταμένῳ
1082 3809 1279 3898 ἐπιφέρηται
1308 3811 1460 3898 φωνῆεν·
1487 3813 1629 3898 βραχεῖα
1656 3811 1690 3878 ἐν

366 3917 475 4012 τούτῳ
546 3915 680 4006 ,μακρὰ
700 3915 738 3987 tl
753 3913 862 3999 οὕτως
929 3915 1054 4006 ,φύσει
1074 3913 1138 4006 γὰρ
1158 3914 1289 4006 μακρόν
1309 3915 1458 3988 ἐστιντὸ
1480 3942 1497 3986 o
1518 3933 1689 4006 στοιχεῖον,
1713 3931 1723 3972 ⁵

367 4026 451 4115 ὅπερ
485 4029 522 4098 έν
554 4040 625 4108 τοῖς
657 4024 816 4114 ἀνωτέρω
845 4023 922 4095 ἀντὶ
954 4030 1113 4114 βραχείας
1146 4031 1151 4110 Ι
1185 4030 1439 4114 παρείληπται.
1466 4029 1583 4119 τρίτῳ,
1613 4023 1690 4096 ὅταν

366 4143 507 4228 βραχείᾳ
535 4139 687 4226 συλλαβῇ
716 4139 764 4216 είς
791 4134 893 4222 μέρος
921 4132 1028 4221 λόγου
1054 4136 1283 4224 περαιουμένη
1318 4135 1515 4223 ἐπιφέρηται
1543 4139 1689 4223 φωνῆεν·

368 4253 460 4316 ἔστιν
484 4245 549 4334 γάρ
623 4251 796 4334 ,βραχεῖα
825 4245 863 4314 ἐν
891 4241 1000 4336 τούτῳ
1074 4241 1252 4337 ,τετάρτω
1287 4241 1416 4335 τρόπςο,
1446 4239 1506 4312 έίιν
1534 4241 1619 4331 λήμη
1647 4244 1689 4320 είς

367 4354 557 4443 σύμφωνον
593 4356 651 4425 καί
688 4355 886 4443 ἐπιφέρηται
924 4347 973 4441 [ἢ]
1010 4351 1049 4423 τὸ
1087 4359 1105 4421 lr
1145 4367 1312 4441 στοιχεῖον
1337 4405 1344 4420 .
1368 4357 1460 4421 ἔστιν
1490 4350 1528 4420 ii
1554 4355 1688 4440 βραχεῖα

368 4460 475 4545 οὕτως
543 4460 687 4553 ,μακρὰ
712 4462 750 4533 ii
774 4457 891 4542 οὕτως.
1701 4471 1722 4512 ¹⁰

855 4630 972 4694 ΠΕΡΙ
999 4627 1208 4702 ΛΕΞΕΩΣ

459 4756 558 4837 Λέξις
572 4754 664 4824 ἐστίν
679 4755 716 4822 ἐκ
730 4755 912 4840 συλλαβῶν
931 4748 1102 4840 ὡρισμένη
1127 4749 1208 4841 μετὰ
1232 4755 1398 4840 σημασίας
1411 4753 1552 4836 βεβαίας
1566 4749 1660 4837 ρ’ῆσις
1679 4797 1686 4811 .

458 4941 474 4992 6
494 4938 682 5007 succlamat
699 4953 777 5006 τριτο
850 4939 866 4989 'l
886 4951 1061 5006 περεονμενο
1138 4939 1170 4988 12
1190 4933 1294 5005 βιβαια
