3616 5482
322 299 388 366 168
866 293 1103 354 casstouotttt
1191 388 1197 400 Ι

321 412 343 455 a.
358 401 413 446 tm
427 401 452 444 P.

410 485 451 549 lle
475 459 616 570 correpta
639 487 770 550 nominis
794 481 978 570 principium
1002 483 1145 548 obsidens
1167 484 1378 568 rdlgammou
1402 483 1541 550 similiter
1565 482 1657 546 babe-

319 595 364 660 bit
396 597 626 677 inscriptura,
658 603 693 659 ut
716 593 817 660 Venus
846 597 931 658 venia
959 593 1150 658 verecundus
1178 593 1358 658 venerabilis
1388 603 1473 658 retus
1505 610 1658 656 venenum

320 703 482 769 vehemens
506 704 691 788 vehiculum,
720 707 762 768 ita
786 714 901 788 umen,
930 706 955 766 si
979 723 1040 767 uon
1064 703 1101 767 ab
1124 703 1266 767 adverbio
1290 703 1371 785 quod
1395 714 1443 766 est
1472 701 1549 766 beue
1574 719 1656 766 com-

209 831 212 838 ·
320 815 502 897 positionem
525 811 688 876 habuerint
711 813 840 874 uomina.
878 812 953 876 baec
977 831 1107 895 namque
1130 831 1187 895 per
1210 812 1229 876 b
1253 822 1368 876 mumm
1391 811 1595 893 notabuntur,
1619 829 1657 872 eo

321 921 402 1004 quod
425 921 600 986 adverbium
629 919 707 983 bene
737 937 792 1002 per
816 919 835 983 b
860 929 973 983 mutarn
998 920 1091 984 scribi
1118 921 1196 984 ratio
1220 919 1394 1004 regularum
1418 918 1569 1004 compellit
1599 918 1685 982 baca

321 1029 358 1092 de
383 1047 484 1093 causa.
521 1037 641 1092 constat
664 1026 810 1110 quaedam
835 1027 975 1091 adverbia
999 1047 1015 1090 a
1035 1029 1157 1090 nomine
1181 1029 1298 1106 venire,
1322 1030 1403 1092 etsi
1426 1030 1556 1090 nominis
1581 1028 1657 1091 dati·

321 1155 377 1200 vua
400 1155 489 1200 casus
513 1135 674 1218 singularis
698 1137 729 1200 ln
754 1154 772 1198 o
796 1136 931 1220 desinat,
954 1135 1059 1199 ultima
1078 1153 1096 1196 c
1121 1134 1221 1198 littera
1245 1137 1277 1199 in
1297 1155 1313 1198 e
1334 1145 1394 1198 tam
1418 1134 1540 1198 brevem
1564 1153 1658 1218 quam

322 1245 441 1328 longam
460 1263 606 1309 conversa
627 1245 697 1308 iacit
720 1241 967 1328 adverbium„ut
991 1243 1099 1306 doctius
1122 1242 1204 1306 docti
1228 1242 1316 1306 docto
1340 1243 1444 1325 docte,
1467 1243 1563 1306 malua
1587 1243 1658 1306 mali

323 1353 399 1419 malo
429 1352 515 1416 male.
553 1371 625 1434 ergo
654 1363 685 1416 et
712 1349 811 1415 bouus
841 1351 913 1415 boni
940 1350 1020 1415 bono
1051 1349 1129 1414 boue
1154 1350 1259 1415 debuit
1283 1353 1391 1414 iacere.
1429 1351 1483 1414 sed
1507 1371 1545 1415 ne
1569 1371 1657 1414 voca·

326 1466 405 1526 tirus
428 1481 532 1544 casus,
556 1479 617 1524 non
640 1460 816 1524 adverbium
841 1469 980 1543 putetur,
1004 1468 1038 1524 ut
1062 1469 1109 1524 est
1132 1455 1162 1522 ‘n
1186 1460 1264 1524 bone
1284 1455 1352 1544 rir’,
1374 1462 1472 1523 risum
1496 1469 1543 1524 est
1566 1463 1700 1522 etiamn

322 1570 538 1655 paenultimam
562 1589 579 1631 c
605 1568 735 1632 litteram
759 1573 790 1633 in
815 1589 831 1632 e
856 1577 1048 1651 convertere,
1076 1576 1110 1632 ut
1137 1569 1195 1632 boc
1224 1568 1413 1652 adverbium,
1442 1568 1515 1632 illud
1547 1587 1658 1632 nomeu

324 1680 485 1742 iudicetur.
528 1680 622 1761 igitur
649 1697 666 1740 a
694 1677 774 1741 bono
805 1677 917 1740 iactum
947 1685 994 1738 eet
1022 1675 1198 1740 adverbium
1226 1676 1313 1742 bene.
1360 1677 1474 1741 bonum
1502 1697 1574 1740 rero
1603 1698 1659 1760 per

325 1789 403 1852 banc
422 1787 555 1851 litteram
574 1786 736 1867 sigiriiicari
755 1783 969 1849 monstrabunt
988 1787 1155 1867 sequeutia.
1188 1787 1289 1868 itaque
1309 1789 1335 1850 si
1358 1785 1396 1849 ab
1415 1785 1557 1851 adverbio
1577 1787 1659 1868 quod

326 1905 374 1960 eat
396 1894 474 1959 bene
498 1896 665 1978 composita
689 1895 803 1958 luerint
825 1896 958 1970 nomina,
981 1874 1038 1975 per
1057 1892 1076 1956 b
1100 1903 1214 1956 mutam
1237 1893 1428 1979 scribuntur,
1452 1904 1486 1959 ut
1509 1894 1659 1978 benignus

419 2088 620 2162 tdigarnmon
638 2103 690 2144 our.
709 2085 738 2143 Β
798 2085 931 2158 trenta]
951 2074 1025 2144 uena
1042 2084 1071 2142 Β
1134 2085 1224 2142 tinae
1244 2085 1279 2143 de
1298 2103 1385 2144 cama
1403 2087 1481 2158 qnod
1499 2089 1613 2144 constat
1631 2087 1660 2144 B

342 2177 398 2236 ,11
419 2167 625 2242 paenultimam
643 2185 695 2226 οιιι.
713 2169 742 2224 Β
818 2175 850 2224 ta
869 2166 978 2224 indicat
996 2167 1021 2224 0
1036 2165 1145 2225 indicet
1163 2166 1265 2225 Carrio

717 2499 720 2506 ¹
790 2473 1199 2532 manumittuntur

420 2643 462 2708 Ve
486 2653 626 2727 correpta
646 2645 776 2706 nominis
798 2645 982 2727 principium
1002 2642 1145 2708 obsidens
1164 2664 1182 2705 v
1201 2644 1371 2727 digammon
1391 2645 1531 2730 similiter
1553 2645 1664 2710 babeat

330 2758 361 2818 in
385 2755 551 2836 scriptura,
579 2762 613 2816 ut
636 2750 738 2816 Venus
763 2755 849 2815 venia
873 2753 1063 2817 verecundus
1086 2752 1266 2818 venerabilis
1291 2766 1377 2819 vetus
1401 2774 1551 2820 vencnum
1575 2755 1663 2818 rebe·

330 2883 416 2929 mens
431 2861 616 2945 vehiculum,
635 2863 675 2924 ita
691 2864 831 2925 tamensi
851 2881 911 2925 non
927 2861 963 2924 ab
979 2861 1120 2925 adverbio
1139 2861 1216 2926 berre
1232 2841 1481 2946 compositionem
1502 2841 1665 2929 habue'riut

278 2984 281 2989 ’
329 2975 459 3036 nomina.
497 2970 570 3033 haec
596 2988 723 3053 namque
748 2989 803 3053 per
825 2969 844 3031 b
869 2978 981 3031 mutam
1007 2969 1203 3056 notabuntur,
1226 2990 1262 3034 eo
1286 2972 1366 3055 quod
1386 2971 1562 3036 adverbium
1586 2972 1664 3036 bene

329 3099 386 3164 per
415 3079 435 3143 b
464 3087 577 3142 mumm
606 3078 698 3142 scribi
731 3079 807 3140 ratio
836 3075 1010 3158 regulanrm
1039 3077 1192 3160 compellit
1224 3079 1281 3175 bap
1309 3080 1346 3142 de
1375 3100 1474 3145 carisa.
1517 3081 1694 3164 qivaedame

331 3186 542 3252 adverbiorum
561 3205 577 3248 a
597 3189 719 3248 nomine
738 3188 841 3248 venire
861 3203 921 3248 non
946 3183 1071 3248 dubium
1091 3196 1150 3269 est,
1174 3196 1205 3249 ct
1228 3189 1254 3250 si
1278 3191 1410 3252 nominis
1432 3189 1551 3252 datirus
1576 3169 1666 3253 casus
1696 3187 1701 3196 '

331 3296 493 3380 singularia
522 3298 553 3358 in
579 3315 597 3358 o
621 3295 751 3378 desinat,
777 3292 882 3357 ultima
910 3312 928 3354 o
956 3293 1055 3356 littera
1083 3296 1113 3357 in
1143 3313 1159 3356 e
1188 3303 1249 3358 tam
1277 3295 1400 3359 breuem
1427 3315 1517 3378 quam
1546 3297 1667 3380 longam

333 3423 478 3468 conversa
507 3405 578 3466 lacit
605 3402 794 3486 adverbium,
823 3412 857 3465 ut
885 3401 992 3465 doctus
1020 3401 1101 3465 docti
1131 3403 1219 3467 docto
1243 3403 1346 3488 docte,
1375 3405 1470 3469 malus
1494 3406 1564 3469 mali
1587 3406 1667 3469 malo

334 3513 418 3578 male.
461 3531 534 3594 ergo
563 3522 594 3574 et
622 3511 720 3575 bouus
749 3509 821 3573 boui
848 3507 928 3573 bono
957 3509 1035 3572 bone
1065 3509 1193 3574 debebat
1222 3513 1330 3576 iacere.
1368 3513 1421 3577 sed
1451 3533 1488 3578 ne
1512 3517 1668 3578 vocativus

333 3633 435 3706 casus,
463 3640 524 3684 non
552 3620 727 3684 adverbium
759 3629 898 3703 putetur,
929 3630 963 3682 ut
991 3614 1021 3680 ‘o
1052 3616 1129 3682 bone
1159 3615 1226 3704 vir',
1257 3623 1354 3684 visum
1383 3632 1430 3685 est
1457 3625 1547 3686 etiam
1575 3642 1666 3705 paen·
1684 3645 1712 3684 ro

307 3802 313 3810 ,
335 3731 470 3794 ultimam
490 3749 508 3792 o
526 3729 657 3792 litteram
677 3732 708 3792 in
729 3749 744 3791 e
765 3737 957 3809 convertere,
980 3736 1015 3790 ut
1037 3727 1094 3790 boc
1114 3726 1302 3812 adverbium,
1326 3728 1399 3793 illud
1424 3749 1534 3793 nomen
1553 3731 1668 3795 iudice·

334 3851 393 3904 tur.
440 3841 532 3921 igitur
560 3857 577 3900 a
605 3837 684 3901 bono
713 3837 826 3901 iactum
855 3847 902 3898 est
930 3834 1105 3899 adverbium
1136 3836 1222 3900 benc.
1263 3836 1377 3901 bonum
1407 3859 1479 3902 uero
1507 3859 1562 3922 per
1589 3825 1669 3902 banc

335 3949 467 4012 litteram
495 3949 608 4029 signari
637 3943 850 4009 monstrabunt
862 3947 1044 4028 sequentia.
1091 3947 1135 4008 sic
1167 3947 1270 4028 itaque
1299 3949 1324 4010 si
1355 3944 1392 4009 ab
1420 3946 1561 4010 adverbio
1590 3947 1668 4011 bene

336 4059 502 4139 composita
521 4055 635 4118 luerint
654 4055 788 4135 uomina,
810 4070 867 4133 per
886 4049 905 4113 b
921 4061 1034 4114 mutam
1057 4051 1243 4138 scribentur,
1267 4063 1302 4116 ut
1324 4052 1474 4136 benignus
1493 4053 1670 4118 benivolens

429 4275 442 4324 l
468 4266 511 4324 Va
530 4267 663 4338 correpta
681 4262 804 4320 nominis
823 4261 978 4318 constituta
996 4277 1014 4317 a
1031 4262 1173 4335 principio
1192 4283 1217 4320 r·
1229 4265 1356 4322 litteram
1381 4265 1515 4321 similiter
1532 4265 1562 4320 in
1582 4266 1670 4338 rurip-

336 4355 402 4408 tura
420 4349 532 4406 tenebit
549 4349 583 4403 nt
600 4361 689 4402 renna
710 4343 795 4401 venia
812 4343 987 4398 verecundus
1001 4343 1173 4401 veneravilis
1188 4349 1270 4402 veina
1284 4351 1417 4406 veternus
1432 4362 1574 4402 venenum
1588 4363 1670 4402 vera-

338 4435 414 4488 trum
431 4433 584 4489 vehemens
603 4428 766 4486 vehiculum
785 4425 815 4482 P
891 4429 907 4480 8
931 4423 1086 4480 habuerint
1103 4427 1220 4483 nomina
1237 4428 1308 4484 haec
1327 4443 1449 4498 namque
1468 4426 1497 4481 P
1516 4427 1672 4485 habuerint

338 4529 450 4583 nanque
470 4514 541 4569 haee
558 4509 675 4568 nomina
693 4509 728 4566 N
788 4509 932 4563 tmutem
953 4524 1006 4563 om.
1024 4507 1064 4578 N,
1084 4509 1149 4567 odd.
1170 4509 1199 4564 P
1261 4517 1277 4567 t
1298 4507 1394 4565 venire
1413 4526 1470 4566 non
1489 4509 1606 4566 dubium
1626 4515 1673 4567 ert

340 4593 365 4650 ri
383 4593 412 4648 P
426 4594 522 4652 venire
542 4595 572 4650 et
590 4592 615 4647 si
633 4593 671 4662 N,
691 4595 722 4648 in
741 4607 795 4662 pavo
814 4586 910 4645 venire
929 4620 962 4630 -
982 4589 1099 4648 desinat
1117 4593 1218 4648 amuco
1236 4597 1262 4648 et
1280 4597 1378 4662 posteo
1396 4594 1587 4664 mperccripto
1604 4599 1673 4650 aunt

376 4682 393 4733 9
412 4675 485 4733 bone
501 4675 625 4733 debebat
644 4675 738 4732 iacere
759 4672 876 4729 Phene
895 4670 1019 4728 debebat
1036 4672 1130 4728 facere
1149 4673 1224 4729 bone
1242 4671 1276 4728 N
1330 4677 1363 4727 10
1382 4677 1500 4743 putetur
1513 4674 1542 4729 P
1556 4676 1673 4746 putara-

339 4760 387 4813 tnr
405 4754 439 4811 N
499 4755 580 4812 utin
598 4753 721 4812 terentio
741 4755 814 4812 bone
834 4753 878 4810 vir
898 4752 927 4808 P
997 4753 1185 4824 penultimam
1205 4768 1221 4809 ο
1240 4752 1365 4809 litteram
1386 4753 1415 4808 P
1431 4756 1465 4809 ut
1482 4755 1673 4825 penultimam

339 4838 468 4896 litteram
485 4836 520 4894 Ν
591 4843 623 4892 lt
643 4835 793 4908 indicetur]
813 4835 995 4906 nuncupetur
1015 4833 1043 4888 P
1116 4843 1149 4892 tt
1169 4834 1286 4908 signari]
1306 4833 1461 4907 significari
1478 4833 1546 4891 NP
