3564 5482
384 367 452 436 424
962 369 1138 430 DOSITHEI

385 471 542 524 smum

542 559 710 640 ignasiam
736 559 840 622 lucos
862 579 977 644 pecus
1001 577 1017 622 a
1040 559 1452 661 praesepibusareent:

543 675 604 730 aut
627 675 711 731 anto
734 685 796 731 ors
819 668 922 732 doum
947 669 1097 751 pinguis
1123 671 1309 751 spatiatur
1332 669 1372 734 ad
1397 689 1490 750 eras,

385 774 474 838 morlo
499 773 612 858 tundit,
636 775 726 839 modo
750 777 910 860 soluatur:

764 893 825 948 aut
849 893 973 968 raptas
997 883 1232 968 fugientibus
1256 889 1395 971 ingerit
1418 887 1550 950 hastos.

827 1133 888 1204 Dii
920 1133 1271 1207 munimentorum
1734 1153 1744 1193 ⁵

475 1283 648 1348 interiectio
672 1293 718 1348 est
731 1261 812 1368 'pars
835 1285 981 1350 orationis
1004 1287 1177 1369 significans
1201 1288 1342 1352 allectum
1366 1289 1457 1350 aeluri
1477 1336 1484 1350 .
1508 1289 1588 1348 rario
1613 1295 1710 1348 sutem

384 1393 494 1456 affeetu
515 1412 683 1459 moremur:
707 1403 759 1458 ant
778 1397 858 1460 enlm
877 1395 1020 1459 laetitiam
1041 1397 1259 1481 significamus,
1282 1405 1317 1460 ut
1335 1415 1370 1458 ra
1390 1414 1477 1480 erar,
1500 1403 1552 1458 aut
1570 1393 1711 1472 dolorem,

384 1509 419 1564 ut
442 1519 495 1564 vae
519 1500 594 1586 boo,
618 1511 669 1566 aut
692 1504 946 1588 ammirationem,
966 1501 971 1587 Ι
992 1512 1027 1568 nt
1050 1503 1144 1568 babae
1168 1503 1246 1568 eben
1270 1553 1277 1570 .
1302 1524 1338 1568 er
1366 1504 1414 1568 his
1441 1503 1542 1586 colligi
1570 1483 1710 1584 deinceps

385 1609 435 1673 alii
459 1618 559 1674 motus
583 1613 752 1674 animorum
780 1620 909 1695 possunt
931 1660 940 1677 .
964 1631 1039 1695 oper
1068 1611 1190 1676 Donati:
1218 1623 1271 1676 aut
1298 1615 1476 1697 metuentis,
1504 1619 1539 1676 nt
1570 1613 1599 1674 ei
1628 1619 1711 1690 attat3

384 1727 437 1784 aut
459 1721 606 1804 optantis,
628 1728 663 1783 nt
686 1739 703 1782 o
728 1722 844 1784 utinam
867 1769 875 1784 .
899 1721 953 1784 ssd
976 1720 1051 1784 baeo
1070 1721 1177 1785 Graeci
1199 1719 1342 1784 adverbio
1360 1721 1525 1805 applicant,
1547 1719 1628 1803 quod
1648 1719 1710 1782 ideo
1724 1734 1743 1772 n

386 1827 483 1892 Lotini
515 1848 576 1893 non
611 1830 738 1914 iaciunt,
775 1831 844 1912 qtria
882 1829 1009 1894 bniusee
1049 1830 1129 1894 modi
1167 1847 1257 1892 voces
1290 1847 1350 1893 non
1384 1833 1486 1894 statim
1519 1827 1711 1910 subsequitur

385 1937 511 2002 verbum
539 1987 547 2002 .
576 1937 647 2002 lieet
675 1946 776 2002 autern
803 1958 860 2022 pro
888 1941 1100 2004 interiectione
1134 1929 1188 2019 [τό
1217 1947 1318 2003 autem
1345 1930 1593 2023 παρενθέσεως]
1625 1940 1710 1999 etiam

385 2046 457 2110 alias
485 2055 587 2130 partes
615 2051 762 2112 orationis
790 2049 922 2131 singulas
950 2049 1091 2132 pluresve
1120 2046 1306 2131 subponere,
1335 2056 1369 2111 nt
1393 2049 1491 2132 nelos,
1519 2065 1575 2130 pro
1598 2049 1709 2111 nelos.

387 2165 531 2218 accentus
554 2157 587 2218 ln
610 2156 862 2220 internetionibus
881 2159 958 2220 serti
977 2175 1045 2222 osso
1065 2175 1125 2221 non
1145 2168 1287 2240 possunt,
1311 2167 1345 2220 ut
1364 2155 1428 2220 iere
1447 2159 1478 2220 in
1497 2156 1563 2220 aliis
1582 2157 1711 2238 vocilius,

386 2283 461 2347 quas
485 2264 654 2328 inconditos
678 2267 856 2330 invenimus.
1720 2276 1740 2317 ¹⁵

948 2405 1157 2475 EXPLICIT

476 2681 564 2748 Venit
586 2682 661 2746 milri
684 2685 717 2772 in
740 2692 872 2748 mentem
895 2683 987 2747 buius
1011 2686 1071 2767 rei,
1103 2683 1198 2768 pntiet
1225 2702 1273 2747 me
1305 2685 1429 2768 amoris,
1461 2685 1545 2766 piget
1575 2701 1623 2746 me
1647 2699 1708 2765 pro·

387 2794 539 2878 iectionis,
568 2791 668 2867 toedet
696 2811 744 2856 me
772 2795 984 2876 meretricum,
1016 2795 1142 2856 miseret
1175 2811 1223 2856 me
1256 2794 1352 2878 senis,
1384 2795 1514 2856 interest
1543 2811 1610 2857 mes
1642 2791 1709 2854 baec

385 2919 451 2986 res,
478 2905 606 2966 interest
629 2919 711 2985 mea,
739 2903 867 2965 interest
889 2903 956 2963 eius
980 2909 1011 2963 et
1034 2901 1130 2964 refert
1153 2900 1247 2986 illins,
1275 2903 1404 2965 interest
1432 2909 1463 2964 et
1490 2901 1586 2964 reiert
1614 2907 1709 2965 nostra

385 3019 485 3074 vestra
508 3009 643 3094 illorum3
668 3027 742 3092 egeo
767 3011 864 3072 vietus
888 3019 919 3073 et
942 3011 1038 3093 rictu,
1062 3011 1180 3092 potiens
1204 3029 1270 3073 sum
1295 3009 1422 3094 laboris,
1446 3009 1533 3072 doleo
1556 3011 1653 3072 ricem
1671 3008 1739 3069 tois

385 3129 416 3182 et
440 3129 537 3202 tuam,
564 3119 671 3183 similis
700 3136 767 3182 sum
796 3120 855 3202 tui,
882 3117 1052 3181 discrucior
1083 3120 1174 3182 animi
1198 3129 1229 3181 et
1252 3121 1351 3182 animo
1380 3125 1411 3181 et
1438 3121 1586 3201 animum,
1615 3133 1709 3180 emens

385 3230 461 3304 mei,
484 3237 657 3311 pertaesum
681 3233 729 3290 est
753 3226 827 3289 mibi
851 3229 993 3310 iniuriae,
1021 3225 1129 3310 plenus
1153 3245 1221 3290 sum
1250 3225 1414 3290 bonorum·
1428 3235 1459 3290 et
1486 3224 1587 3310 bonis,
1617 3227 1708 3308 potior

385 3337 477 3400 liuius
501 3339 546 3400 rei
570 3347 601 3400 et
623 3336 679 3398 boo
704 3354 752 3419 re,
775 3337 839 3397 reri
862 3335 974 3418 simile,
1003 3337 1099 3399 relert
1127 3353 1206 3420 mea,
1234 3337 1362 3419 impleor
1389 3339 1451 3400 vini
1475 3346 1506 3398 et
1531 3339 1614 3420 vino,
1643 3332 1708 3397 obli·

386 3448 486 3508 riscor
509 3448 553 3508 tui
579 3454 610 3508 et
633 3454 671 3508 te.

476 3553 578 3617 Noeeo
597 3555 719 3617 inimico
725 3603 735 3637 ,
753 3553 943 3616 incommodo
960 3555 1081 3637 viatori,
1103 3555 1204 3618 oillcio
1218 3554 1401 3640 insidiatori,
1424 3553 1548 3618 medeor
1562 3552 1738 3636 languente

387 3657 461 3749 (hoo
491 3660 617 3725 verbum
645 3662 788 3742 perfecto
816 3657 935 3748 roret),
968 3661 1106 3724 blandior
1138 3665 1231 3747 patri,
1264 3664 1388 3729 ancillor
1420 3667 1579 3748 magistro,
1612 3660 1709 3725 adulor

387 3771 520 3855 mulieri,
549 3773 690 3834 conscius
718 3775 795 3834 milti
821 3791 888 3835 snnr
917 3772 1002 3853 iacti,
1029 3775 1204 3852 patrocinor
1232 3777 1360 3858 patriae,
1393 3775 1546 3838 conrioior
1578 3771 1708 3850 debitori,

478 3983 571 4041 Godeoe
597 3983 797 4056 Snnyoltensia.
854 3988 870 4038 6
899 3981 948 4038 Dii
977 3979 1269 4039 INTERIECTIONE
1295 3999 1347 4040 oss.
1431 3984 1554 4058 terrim]
1579 4001 1645 4042 enm

387 4067 514 4125 dolorem
532 4066 642 4123 vatis.
662 4065 741 4122 HEV
760 4069 811 4123 aui
829 4064 1057 4122 ammirationem
1076 4067 1110 4121 nt
1126 4081 1164 4122 na
1178 4063 1263 4123 VAE:
1278 4064 1380 4121 Pflnv
1453 4071 1469 4120 6
1488 4069 1522 4122 ut
1539 4071 1568 4122 ei
1587 4069 1651 4123 etti
1666 4063 1709 4120 eoi

387 4149 514 4221 optantis
588 4153 621 4205 18
641 4150 821 4206 interestne
836 4147 966 4203 iussores
1038 4152 1072 4202 21
1093 4144 1231 4203 discutior
1303 4151 1338 4203 ti
1358 4145 1464 4202 ininrio
1535 4153 1570 4202 25
1589 4141 1707 4218 ingenti

423 4237 459 4288 so
477 4230 606 4303 perlecto
625 4233 770 4287 essebon.
844 4233 877 4284 ti
897 4227 1025 4285 conscius
1044 4245 1107 4285 sum
1120 4229 1198 4286 lueto
1216 4227 1375 4300 patricinor
1392 4227 1505 4300 patriae

478 4441 566 4496 aaut
584 4439 663 4512 ante]
689 4437 769 4510 Vero.
790 4438 859 4495 Am.
880 4437 966 4493 IIII
983 4443 1023 4496 62
1105 4440 1194 4495 terri
1217 4435 1328 4510 reptes]
1359 4433 1438 4508 Vero.
1463 4438 1533 4494 Aen.
1561 4435 1637 4492 XII
1658 4437 1707 4491 329

424 4527 441 4576 6
459 4519 636 4594 interiectio]
656 4519 767 4577 Oloris.
782 4537 813 4591 p.
832 4524 937 4586 238,19
1012 4525 1028 4574 a
1047 4521 1165 4588 sortasse
1183 4519 1260 4592 apud
1278 4519 1422 4577 Donatum
1496 4520 1546 4576 soi
1564 4517 1707 4577 metuentis

389 4635 423 4646 -
444 4609 478 4659 16
497 4603 656 4660 invenimus
675 4601 780 4658 Donni.
795 4618 826 4672 p.
847 4605 953 4668 391,27
1026 4606 1059 4656 rt
1079 4600 1167 4657 Venit
1184 4600 1256 4658 mihi
1275 4601 1305 4656 in
1324 4602 1607 4671 κώπη-42864
1617 4597 1707 4658 Aeneis

388 4683 504 4757 Virgilii
522 4690 650 4756 eaeosrpto
668 4689 734 4740 sunt
754 4684 785 4739 s'rt
804 4683 895 4738 codiee
915 4681 1083 4738 Monacensa’
1097 4687 1151 4737 601
1168 4683 1230 4754 (Μ)
1303 4681 1391 4737 venit
1408 4678 1480 4737 mihi
1498 4681 1527 4738 in
1546 4686 1707 4739 mentem-

389 4772 470 4837 2266
497 4767 593 4839 potior
621 4765 693 4822 bano
719 4782 780 4822 rem
807 4763 901 4820 Dinon
923 4779 953 4834 p.
981 4767 1082 4832 311,15
1107 4762 1215 4820 Gnosio.
1232 4780 1264 4835 p.
1283 4767 1371 4834 293ss
1389 4763 1423 4819 ais
1441 4763 1536 4820 idion.
1555 4779 1612 4822 eos.
1631 4779 1707 4838 yson

389 4845 437 4905 lot.
457 4847 509 4902 ool.
529 4847 583 4903 IV
595 4864 626 4918 p.
646 4851 704 4903 566
786 4851 820 4902 26
841 4844 957 4900 medeor
975 4845 1106 4914 aegroto,
1136 4845 1190 4900 boo
1219 4849 1315 4902 autem
1344 4843 1461 4900 verbnm
1489 4843 1618 4916 perlecto
1642 4845 1708 4902 aerei

391 4927 537 4984 Monere
551 4947 581 5000 p.
601 4933 706 4995 eraso
