3564 5482
594 324 666 382 mas
695 324 947 404 decumanos
1370 322 1435 388 411

97 439 124 478 p.
140 429 176 471 89.
189 429 218 470 dd
231 427 263 470 H.

101 515 220 596 pariter
239 503 336 594 ὁμοῦ.
373 510 547 592 dubitandi,
573 512 635 575 fors
654 507 775 596 τυχόν,
800 515 925 577 forsitan
944 506 1049 594 τυχόν
1069 515 1165 592 ἴσως,
1190 513 1317 576 fortasse
1337 505 1438 594 τυχόν

102 624 203 702 ἴσως,
227 621 365 683 fortassis
382 613 500 703 τυχόν.
537 620 741 685 similitudinis
761 615 932 705 ἰσότητος,
953 623 994 682 ita
1014 611 1137 702 οὕτως,
1156 620 1281 704 perinde
1302 611 1438 704 ὁμοίως,

102 750 162 794 eeu
190 721 364 812 καθάπερ,
393 729 519 812 perinde
549 747 583 792 ac
612 732 637 792 si
667 720 763 812 ὡσεί,
791 749 886 813 aeque
915 731 1012 810 ἴσως,
1040 739 1075 792 ut
1108 721 1167 812 ὡς,
1200 733 1286 813 quasi
1315 721 1439 808 danao,

103 838 359 922 quemadmodum
389 829 432 904 dv
459 831 603 922 τρόπον,
639 840 769 922 qualiter
797 831 937 919 ὁκοίως,
966 837 1067 902 taliter
1095 833 1271 920 τοιούτως,
1300 839 1440 902 similiter

72 939 250 1030 adpofoac,
273 948 441 1031 aequaliter
464 938 592 1031 ὁμοίως
615 950 712 1029 ἴσως,
737 951 817 1012 sicnt
840 939 970 1031 ὥσπερ,
998 949 1071 1010 item
1095 938 1236 1031 ὁμοίως,
1266 967 1326 1011 non
1351 966 1440 1010 secus

103 1044 171 1119 οὐκ
193 1047 322 1137 ἄλλως,
346 1077 407 1121 non
432 1057 519 1120 aliter
544 1047 607 1140 οὐχ
632 1051 768 1139 ἑτέρως,
791 1065 944 1138 tamquam
968 1047 1096 1138 ὥσπερ,
1121 1049 1341 1138 promulside,
1365 1056 1440 1119 adeo

105 1156 226 1240 οὕτως.
272 1167 458 1250 personalia,
481 1183 600 1228 mecum
625 1155 696 1248 μετ’
730 1161 830 1249 ἐμοῦ,
859 1173 960 1228 tecum
985 1155 1051 1227 σὺν
1074 1164 1145 1244 σοί,
1176 1165 1334 1229 nobiscnm
1363 1154 1439 1249 μεθ’

103 1265 217 1356 ἡμῶν,
236 1273 391 1338 vobiscum
410 1264 489 1357 μεθ’
511 1264 622 1356 ὑμῶν,
642 1292 708 1336 mea
728 1282 779 1336 tua
797 1265 839 1337 τὰ
858 1265 936 1357 ἐμοὶ,
960 1264 1002 1336 vd
1021 1265 1080 1354 ool,
1092 1285 1093 1290 ’
1105 1283 1208 1337 nostra
1225 1266 1266 1339 τὰ
1285 1265 1442 1359 ἡμέτερα,

105 1392 208 1447 vestra
227 1375 268 1449 τὰ
286 1375 446 1468 ὑμέτερα,
470 1401 574 1446 secum
593 1374 672 1466 μεθ’
695 1377 818 1448 ἑαυτοῦ
836 1374 915 1466 μεθ’
938 1377 1078 1446 ἑαυτῶν.
1115 1383 1270 1468 hortandi,
1292 1384 1359 1448 hela
1378 1374 1442 1463 εἶα,

61 1508 90 1550 m
106 1485 163 1574 age
197 1485 273 1576 ἄγε,
306 1493 434 1576 agedum
464 1484 525 1575 ἄγε
558 1482 601 1575 δή
626 1539 633 1554 .
657 1491 855 1575 compellandi
878 1483 1169 1575 προσφωνήσεως,
1200 1491 1277 1554 heus
1305 1485 1332 1554 ὤ
1361 1483 1443 1575 ὠή.

106 1601 328 1686 respondendi,
351 1602 411 1665 heu
432 1651 439 1665 .
458 1600 597 1685 optandi,
619 1603 734 1664 utinam
759 1601 833 1665 etas
856 1648 864 1665 .
887 1598 1083 1684 prohibendi,
1107 1619 1144 1664 ne
1168 1592 1230 1684 μή,
1255 1619 1329 1664 neve
1352 1593 1443 1684 μήτε.

201 1709 312 1794 Figura
336 1713 367 1774 in
391 1709 555 1794 adverbiis,
579 1711 659 1773 sicut
682 1711 713 1773 in
738 1708 878 1774 omnihus
901 1706 1040 1791 partibus
1059 1711 1219 1792 orationis,
1243 1722 1294 1772 aut
1318 1709 1443 1792 simplex

108 1827 169 1896 est,
193 1827 228 1881 nt
246 1820 341 1902 luste,
364 1827 417 1882 ant
436 1820 616 1901 composita,
636 1827 671 1880 nt
689 1820 810 1881 iniuste.
849 1821 1104 1901 comparationem
1124 1821 1277 1901 recipiunt
1296 1818 1444 1899 adverbia,

109 1928 254 2010 quotiens
291 1927 507 2010 appellationes
544 1926 626 1989 unde
665 1935 823 1990 transeunt
861 1937 1090 2011 comparantur,
1128 1936 1161 1990 ut
1199 1928 1287 1991 docte
1325 1926 1445 1991 doctius

63 2036 301 2113 seductissime,
320 2035 401 2118 quod
421 2044 468 2098 est
487 2035 595 2098 doctus
615 2035 732 2098 doctior
752 2035 954 2099 doctissimus.
993 2039 1145 2118 recipiunt
1159 2044 1191 2099 et
1205 2037 1446 2122 diminutionem,

109 2155 145 2210 ut
170 2144 355 2208 meliuscule.
386 2141 535 2207 adverbiis
559 2142 701 2206 omnihus
715 2145 905 2227 praepositio
925 2147 1086 2227 separatim
1106 2145 1229 2228 adiungi
1248 2164 1309 2208 non
1329 2137 1444 2229 debet}

204 2251 311 2316 Omnia
340 2252 480 2316 adverbia
508 2271 585 2335 quae
610 2253 688 2316 liunt
711 2271 747 2315 ex
772 2251 1024 2335 appellationibus
1052 2274 1068 2315 a
1098 2254 1249 2317 secundae
1279 2257 1445 2337 tertiaeque

110 2363 323 2427 declinationis
349 2360 521 2427 nominibus
544 2370 724 2444 sumuntur,
746 2371 782 2424 ut
805 2380 822 2423 a
845 2360 945 2443 lepido
969 2361 1067 2445 lepide
1091 2371 1122 2426 et
1141 2382 1157 2424 a
1177 2365 1261 2426 suavi
1285 2365 1445 2428 suaviter.

112 2471 253 2536 adverbia
282 2472 479 2534 inveniuntur
507 2489 563 2553 per
591 2489 608 2532 e
632 2469 825 2553 productam,
854 2469 905 2532 ubi
934 2473 1093 2550 genetivus
1122 2475 1151 2536 in
1181 2475 1191 2535 i
1219 2471 1344 2555 desinit;
1378 2490 1448 2535 cum

67 2597 187 2644 aovero
212 2598 267 2663 per
290 2582 316 2642 is
340 2579 482 2662 effertur,
510 2589 582 2642 tnnc
613 2581 703 2642 etiam
732 2597 788 2662 per
816 2588 878 2662 tar,
910 2587 945 2642 ut
974 2581 1069 2642 mirus
1092 2583 1278 2663 mirfmfre,
1307 2582 1449 2661 prudens

113 2689 275 2774 prudentis
299 2687 467 2770 prudenter
487 2737 493 2749 .
513 2689 707 2769 excipiuntur
726 2707 742 2750 a
762 2687 895 2750 meando
915 2687 1021 2750 ordine
1041 2687 1124 2772 lraco,
1147 2708 1224 2771 qnae
1247 2708 1307 2753 non
1328 2698 1449 2753 serrant

115 2799 258 2875 formam,
281 2797 335 2860 sed
359 2796 550 2862 confundunt
573 2800 735 2880 rationem,
759 2796 857 2860 bonus
871 2806 903 2858 et
917 2794 1014 2860 malus
1028 2815 1083 2878 per
1098 2816 1115 2859 e
1131 2807 1301 2880 correptam
1321 2798 1399 2862 bene
1419 2812 1449 2862 et

116 2907 210 2988 male;
237 2907 311 2969 item
334 2924 351 2968 a
375 2907 467 2969 tertio
490 2907 596 2970 ordine
621 2904 717 2970 facilis
740 2905 807 2968 vilis
836 2907 969 2988 impunis
998 2924 1122 2988 repens:
1150 2905 1225 2970 haec
1254 2910 1333 2971 enim
1363 2907 1450 2971 facile

115 3016 174 3078 vile
199 3019 322 3098 impune
348 3023 473 3097 repente
491 3016 621 3079 faciunt.
669 3012 836 3096 [seqnitur]
867 3013 965 3077 solent
989 3012 1081 3096 aliqui
1111 3033 1272 3098 quaerere,
1300 3025 1384 3078 certe
1413 3035 1450 3078 an

68 3140 100 3182 sa
115 3130 217 3206 certo,
245 3121 327 3204 quod
356 3121 431 3184 nihil
459 3122 574 3184 referre
604 3125 743 3185 existimo
772 3169 779 3184 .
809 3124 922 3184 etenim
950 3123 1027 3184 ratio
1056 3125 1149 3204 exigit
1177 3131 1275 3205 certe,
1310 3124 1451 3188 vocalitas

115 3250 190 3294 sero
224 3240 327 3294 certo:
375 3229 446 3294 illud
479 3233 572 3312 igliur
605 3233 664 3295 evit
698 3233 836 3313 rationis,
870 3229 927 3293 lroc
962 3231 1136 3295 vocalitatis.
1192 3232 1267 3296 illud
1300 3252 1371 3296 vero
1404 3242 1451 3295 est

116 3343 275 3425 vitiosum,
307 3339 387 3422 quod
421 3339 508 3402 multi
540 3339 660 3423 dicunt,
697 3340 822 3422 largiter
858 3339 991 3422 duriter,
1028 3341 1201 3420 ignorantes
1240 3345 1387 3405 rationem
1421 3351 1452 3404 et

118 3451 252 3513 nitentes
279 3450 472 3531 anctoritate,
501 3467 571 3511 cum
599 3458 631 3512 ct
658 3447 700 3511 illi
729 3457 887 3532 auctores,
914 3451 966 3530 qui
996 3447 1089 3512 semel
1119 3447 1242 3530 largiter
1270 3469 1306 3512 ac
1334 3450 1453 3514 duriter

118 3558 276 3641 dixerunt,
299 3559 420 3641 saepius
444 3557 524 3639 large
550 3566 580 3619 et
603 3556 678 3620 dicre
703 3557 843 3620 dixerint.
890 3555 942 3618 sed
964 3575 1020 3620 nec
1039 3557 1097 3620 hoe
1118 3567 1146 3620 te
1167 3559 1257 3620 delet
1276 3562 1452 3643 praeterire,

212 3749 304 3806 eona
327 3749 529 3822 Suopoflenaa'a.
581 3757 597 3806 2
617 3749 812 3806 similitudinis
836 3769 955 3816 ιοοοτως
977 3751 1096 3824 perinde
1120 3769 1224 3822 ομοιως
1248 3772 1301 3810 eeu
1324 3775 1453 3824 aarum

118 3833 269 3908 perindeaa
287 3851 355 3889 coer
438 3836 627 3906 citamquam
651 3849 776 3900 ωςτοπερ
859 3834 929 3890 adeo
954 3853 1044 3899 ουτως
1128 3833 1310 3891 fuobiacum
1334 3836 1453 3905 μεθημα

117 3915 269 3972 nobiscum
289 3917 408 3988 padopca
428 3916 509 3986 (cm.
525 3943 559 3955 -
575 3915 628 3984 μω)
648 3929 712 3968 mea
730 3915 781 3968 lua.
800 3933 855 3986 spor
874 3933 949 3970 ταοα
966 3916 1063 3972 nostra
1084 3934 1208 3987 qpsasoc
1287 3921 1303 3970 9
1324 3913 1383 3990 eloe]
1402 3937 1453 3987 ηια

158 3997 323 4053 loiseaco
342 3996 372 4054 ai
391 4016 432 4067 oq
507 3993 665 4052 mutinam
684 3997 749 4050 etde
769 3997 822 4050 effe
896 3992 1069 4070 neprj]apq
1145 4001 1302 4054 caestum.
1377 4015 1454 4054 eom·

117 4077 246 4152 positum
322 4084 356 4133 14
375 4077 561 4150 appellationi
636 4081 668 4132 19
688 4074 844 4150 genitivus]
860 4093 949 4150 mnus
1022 4071 1057 4134 td
1074 4081 1104 4134 ot
1118 4078 1205 4134 mimo
1220 4078 1291 4134 mire
1304 4077 1452 4150 prudentis

118 4160 277 4234 prudenter
357 4157 589 4231 utquomque
672 4163 707 4212 td
726 4157 808 4230 vero]
832 4163 884 4213 ui‘o
898 4159 997 4229 peiore
1015 4160 1073 4215 ioco
1154 4158 1343 4216 avulsorum
1417 4164 1453 4215 28

119 4240 288 4299 auctoritati
362 4247 397 4296 29
417 4240 466 4297 sed
485 4255 538 4296 neo
557 4239 611 4294 hoc
631 4242 659 4294 te
678 4238 815 4308 preterire
830 4239 907 4309 quod
923 4239 1048 4296 difficilis
1063 4257 1236 4312 quamquam
1252 4239 1291 4295 sit
1304 4245 1387 4311 comp
1402 4259 1454 4298 nec

120 4323 216 4380 facilis
235 4322 354 4380 forsitan
373 4339 426 4380 neo
445 4320 570 4378 difficilis
589 4319 698 4377 ratione
717 4321 845 4390 sequitur
864 4321 911 4376 sed
931 4323 1085 4391 utrumque
1103 4320 1239 4376 diffundit

211 4503 368 4559 immane
385 4491 582 4550 similitudinis
602 4495 608 4565 Ι
628 4511 732 4565 opacare
751 4491 843 4548 ueluti
863 4497 868 4564 Ι
888 4511 1017 4561 amasso
1035 4491 1152 4564 perinde
1173 4495 1178 4563 1
1200 4513 1266 4551 ocae
1291 4513 1342 4552 cen
1363 4499 1368 4564 Ι
1389 4516 1456 4562 vous

121 4594 215 4650 aeque
234 4577 273 4634 lt
361 4579 378 4631 8
397 4589 462 4632 rues
490 4591 545 4646 epa
570 4577 575 4643 Ι
600 4577 652 4630 tua
679 4593 752 4630 rosc
773 4577 778 4643 Ι
799 4591 850 4630 sua
872 4594 964 4630 sacac
987 4579 991 4644 Ι
1011 4577 1111 4631 noane
1134 4593 1260 4648 qpereooe
1280 4578 1285 4646 Ι
1305 4579 1402 4632 nestro
1420 4597 1456 4632 τα

120 4731 247 4785 opereque
268 4711 318 4782 M,
336 4711 387 4768 udi
405 4729 457 4768 sua
475 4729 566 4766 soora
583 4715 679 4782 postea
697 4713 863 4782 interposita
880 4717 946 4768 suoi
1021 4716 1054 4766 10
1067 4711 1137 4767 heus
1156 4731 1186 4767 ω.
1206 4667 1242 4781 dd
1263 4713 1301 4768 Μ
1373 4720 1405 4769 11
1421 4730 1457 4769 ne

123 4813 178 4866 epp
194 4793 199 4868 Ι
215 4809 307 4865 neque
326 4811 396 4866 parre
408 4793 447 4850 M
496 4798 529 4848 12
545 4791 662 4866 Figura]
681 4791 995 4864 Olvoms.p.181‚10:cs.
1011 4792 1252 4864 Diom.p.405,20
1305 4799 1337 4850 1't
1354 4793 1457 4850 Omnia

122 4875 262 4933 adverbia
280 4903 314 4915 -
335 4879 417 4944 alas
431 4873 571 4956 ,adverbia
590 4873 697 4930 Choma.
712 4892 744 4944 p.
765 4877 848 4942 187‚3
868 4895 875 4928 a
895 4875 929 4942 cf.
950 4874 1044 4932 Dicam
1060 4893 1090 4945 p.
1110 4879 1195 4944 406‚4

1180 4969 1239 5022 *ΖΡ
