3602 5482
700 296 897 357 EXCERPTA
1397 297 1465 364 335

121 403 285 458 smum

125 492 308 574 trimacrns,
336 507 373 552 ex
403 487 502 552 tribus
530 487 628 570 longis
657 495 777 552 constat
805 535 813 552 .
841 487 992 550 Molossus
1020 504 1077 550 cur
1105 481 1228 550 dictus?
1271 487 1296 549 Α
1324 483 1465 570 Molosso,

124 599 217 682 Pyrri
246 598 309 662 illio
337 645 345 662 .
373 597 423 662 hic
452 600 543 661 etiam
570 593 595 679 †
622 601 758 682 iapestns
786 606 924 682 vocetur,
953 594 1034 678 quud
1062 613 1080 658 a
1107 595 1258 679 lapetibus
1287 595 1465 658 adcantatus

125 717 176 772 est
196 755 204 771 .
224 707 296 772 huic
313 708 490 770 contrarius
506 715 554 768 est
572 705 753 790 tribrachys,
772 705 853 770 idern
872 707 925 788 qui
943 703 1189 787 brachysyllabns
1204 707 1267 768 sire
1286 723 1465 788 pygnomus,

125 819 180 898 qni
210 824 395 880 constater
424 813 524 878 tribus
551 813 711 899 brevibus,
743 823 778 878 ut
805 813 953 898 Lepidus,
985 812 1119 876 Catulus.
1156 812 1340 897 'l'ribracbys
1368 833 1464 897 quare

78 938 95 980 ε
125 919 252 988 dictus?
289 922 378 998 Quod
402 941 440 987 ex
463 922 564 988 tribus
587 921 733 988 brevibus
756 931 876 988 constat
900 971 906 986 .
930 919 1168 1006 amphimacrus,
1191 925 1244 1004 qui
1267 932 1298 987 et
1321 925 1465 1006 creticus,

124 1041 248 1096 cunstat
271 1050 308 1095 ex
327 1032 415 1115 lunga
436 1041 466 1096 et
485 1031 570 1095 brerl
589 1039 621 1096 et
638 1031 737 1114 lunga,
759 1039 795 1094 nt
813 1033 938 1114 caritas,
960 1031 1073 1092 ueritas
1092 1079 1100 1093 .
1119 1029 1343 1112 amphimacrus
1362 1039 1464 1094 autem

123 1133 243 1226 dictus,
267 1141 349 1224 quod
373 1160 411 1206 ex
434 1150 565 1224 utraque
588 1151 674 1224 parte
698 1141 803 1224 longas
826 1140 937 1204 hebeat
959 1189 967 1204 .
990 1140 1062 1204 bnlc
1086 1141 1259 1204 contrarius
1283 1147 1331 1202 est
1348 1138 1463 1222 amphi-

123 1251 258 1334 brachys
281 1253 345 1314 slre
369 1253 507 1334 mesltes,
531 1251 584 1332 qui
608 1257 728 1313 cunstat
750 1267 788 1312 ex
812 1247 897 1312 brevi
920 1257 952 1312 et
974 1247 1062 1330 longa
1086 1256 1118 1311 et
1140 1247 1241 1332 brevi,
1264 1257 1299 1310 ut
1321 1250 1463 1312 amicus.

124 1359 361 1446 amphibrachys
383 1369 485 1424 antem
510 1359 624 1444 dictus,
647 1359 727 1442 quud
753 1376 790 1422 ex
815 1366 943 1440 utraque
962 1365 1048 1440 parte
1068 1355 1172 1420 brevia
1190 1355 1300 1420 babeat
1317 1355 1462 1420 brachia.

81 1483 110 1524 1⁰
126 1469 215 1553 [hnic
234 1473 408 1536 contrarius
427 1468 488 1551 est]
513 1467 659 1533 bacchius
684 1465 765 1549 [qui]
786 1473 906 1530 constat
928 1483 965 1528 ex
989 1464 1075 1528 brevi
1098 1473 1130 1528 et
1151 1465 1270 1529 duabus
1293 1464 1405 1548 longis,
1430 1475 1464 1529 ut

124 1579 279 1662 Athenae,
303 1577 451 1642 Camenae
475 1626 483 1640 .
507 1575 652 1640 bacchius
675 1575 789 1659 dictus,
813 1573 894 1657 quod
914 1575 951 1638 ad
970 1573 1130 1638 bacchicus
1149 1585 1257 1639 cantus
1276 1577 1462 1638 conveniat.

124 1689 200 1752 huic
222 1688 395 1751 contrarius
419 1693 468 1748 est
489 1685 741 1768 palimbacchius,
768 1685 822 1767 qui
845 1691 965 1748 constat
988 1702 1026 1747 ex
1050 1683 1168 1748 duabus
1191 1684 1289 1766 longis
1313 1693 1345 1746 et
1367 1683 1462 1762 breul,

124 1805 162 1860 ut
185 1793 315 1878 Latona,
336 1791 451 1856 Lucina
475 1840 483 1858 .
506 1791 743 1875 palimbacchius
771 1790 885 1876 dictus,
918 1791 999 1874 quud
1033 1795 1205 1856 contrarius
1233 1795 1273 1856 sit
1305 1791 1431 1856 bacchio
1454 1815 1463 1857 ε

125 1923 197 1968 nam
220 1905 334 1986 primas
357 1901 450 1965 babet
472 1898 600 1983 syllabas
624 1898 743 1983 longas,
765 1910 950 1983 postremam
975 1898 1107 1964 brevem

80 2022 109 2064 1⁵
219 2010 316 2075 Pedes
349 2009 486 2093 duplices
518 2011 581 2072 sire
615 2006 800 2091 tetrasyllabi
828 2016 903 2090 quot
936 2005 1030 2072 sunt?
1076 2008 1215 2072 Sedecim
1244 2057 1251 2072 .
1280 2009 1337 2082 Qui
1367 2007 1463 2074 sunt?

125 2119 332 2204 Dispoudeus,
350 2117 640 2202 proceleumaticus,
658 2117 778 2180 lonicus
792 2107 859 2181 ἀπὸ
875 2115 1044 2200 μειΐονος,
1061 2119 1180 2180 ionicus
1194 2106 1248 2182 ἀπ’
1266 2113 1461 2202 ἐλάσσονος,

124 2227 337 2310 ditrochaeus,
371 2224 536 2307 diiambus,
569 2223 778 2310 choriambus,
807 2228 1009 2308 antispastus,
1035 2243 1132 2308 paeon
1161 2227 1279 2309 primus
1308 2228 1462 2293 secundus
1552 2273 1556 2282 -

124 2338 237 2400 tertius
262 2343 404 2419 quartus,
432 2337 577 2415 epita-iuss
600 2337 723 2414 primm
751 2337 908 2398 secundus
935 2337 1046 2399 tertioue
1074 2335 1370 2413 quarteriorum
1399 2347 1461 2420 ety-

124 2443 274 2526 mologiae
293 2461 331 2508 ex
355 2445 548 2526 superiorum
574 2441 728 2505 vocabulis
753 2444 872 2526 etipsa
896 2443 1054 2505 numinum
1077 2444 1297 2525 compositione
1321 2444 1460 2510 laclllimc

79 2565 110 2607 το
124 2562 257 2637 possunt
279 2550 415 2636 intellegi
434 2599 441 2616 .
461 2551 578 2616 llurum
602 2553 672 2634 quis
691 2553 742 2615 cni
761 2546 956 2615 contrarius?
990 2549 1267 2616 Proccleumaticus
1285 2551 1462 2640 dispondeo,
1594 2573 1600 2584 ·

123 2667 245 2728 ionicus
268 2651 322 2726 iel
348 2653 536 2737 ἐλάσσονος
557 2663 658 2726 lunico
681 2651 748 2724 deo*
773 2657 940 2744 μείζονος,
968 2658 1118 2724 diiambus
1141 2659 1331 2745 ditrochaeo,
1356 2657 1360 2748 Ι
1385 2667 1462 2728 antl-

124 2781 249 2856 spsstus
282 2770 472 2849 choriambo,
510 2772 653 2854 epitritus
685 2771 803 2852 primns
835 2769 946 2851 paeoni
980 2769 1095 2851 primu,
1131 2769 1285 2834 secundus
1318 2771 1463 2857 secundo,

124 2883 237 2946 tertius
271 2881 377 2962 tertio,
410 2888 537 2963 qnamus
570 2889 688 2962 qrnrto.
737 2875 855 2958 Singrdi
887 2877 1002 2958 quique
1035 2876 1145 2941 hurum
1178 2888 1254 2962 quui
1286 2888 1318 2944 et
1350 2879 1462 2962 quibus

125 2987 249 3072 syllabis
277 2985 440 3052 constant?
483 2987 684 3052 [iitrocbeeus
713 3005 750 3049 ex
778 2985 867 3068 longa
895 2994 927 3049 et
954 2984 1040 3050 breri
1067 2995 1098 3051 et
1125 2987 1214 3071 lunga
1242 2997 1274 3052 et
1301 2987 1400 3074 brevi,
1427 2997 1463 3054 nt

81 3107 110 3148 2⁵
125 3095 301 3181 aegritudo,
334 3095 496 3180 cantilenay
529 3093 679 3160 diiambus
709 3112 746 3158 ex
775 3092 860 3156 brevi
888 3101 920 3157 et
947 3093 1036 3176 lunga
1065 3105 1096 3158 et
1124 3095 1209 3160 brevi
1238 3107 1268 3162 et
1297 3097 1400 3182 lunga,
1429 3107 1463 3162 ut

124 3207 313 3289 benignitas,
341 3204 524 3288 malignitas,
552 3202 738 3286 dispondeus
761 3220 799 3265 cx
822 3210 968 3284 quattuor
990 3203 1104 3289 longis,
1132 3213 1167 3268 nt
1195 3215 1345 3290 oratores,
1374 3207 1461 3272 salta·
1534 3278 1536 3284 s

123 3325 226 3398 tures;
248 3313 523 3397 proceleumaticus
542 3331 579 3375 ex
599 3320 743 3393 quattuor
761 3309 920 3394 brevibus,
940 3322 973 3375 ut
992 3313 1138 3399 animula,
1160 3317 1319 3400 memoriam
1342 3317 1462 3380 ionicus

217 3452 301 3510 ibic
329 3453 417 3510 etism
444 3451 560 3525 hippius
588 3452 717 3518 vocatur,
746 3447 823 3521 quod
849 3450 888 3507 sb
915 3450 1060 3522 equitibus
1088 3451 1258 3512 sdcsntnins
1286 3457 1330 3512 esi
1357 3457 1462 3513 corusci

124 3535 187 3594 coll.
222 3534 316 3591 Dium
347 3551 377 3606 p.
411 3537 481 3602 479,
514 3538 534 3590 8
566 3531 682 3604 hippius
714 3547 795 3602 reru,
832 3531 960 3603 equeshn'
992 3532 1104 3590 scilicet
1138 3553 1252 3607 pngnse
1290 3537 1462 3595 conveniens

123 3615 330 3674 modnlsbsinr
410 3620 427 3671 3
452 3611 584 3672 bn'brscis
612 3610 688 3668 iden
716 3611 964 3684 quibuscisilltsbes
990 3615 1018 3671 Β
1044 3615 1162 3673 tribeois
1187 3616 1264 3676 idern
1292 3619 1342 3691 qni
1369 3619 1462 3678 bruci·

123 3697 244 3768 syllsbis
264 3697 303 3754 M
382 3695 443 3753 sina
467 3693 634 3767 epignemns
655 3691 730 3750 ΒΜ
812 3698 939 3756 tinibus
962 3715 1013 3758 otu.
1035 3699 1079 3766 B,
1104 3699 1171 3758 add.
1192 3699 1231 3756 M
1309 3702 1462 3760 tribrachis

122 3782 153 3838 Β
171 3779 291 3838 tribuci·
311 3779 350 3836 M
403 3777 547 3836 'thabeel
562 3776 600 3831 M
616 3775 746 3832 bnbciB
801 3778 951 3836 antibo-scis
964 3780 994 3835 Β
1007 3779 1217 3838 sntibrscnsM
1274 3783 1462 3840 hsnfibracis

123 3865 224 3918 sutem
260 3859 335 3916 ΒΜ
425 3855 525 3914 brunin
561 3855 669 3914 hebeat
701 3857 818 3914 brechio
852 3861 891 3917 M
920 3861 1021 3919 breuis
1052 3860 1126 3918 abus
1157 3862 1256 3920 brucia
1287 3862 1316 3919 Β
1342 3885 1351 3919 .·
1378 3866 1462 3922 immo

123 3941 242 3998 brevem
261 3940 369 3998 hebent
387 3938 541 4011 syllabam,
560 3944 593 3994 ut
611 3945 651 3995 est
668 3941 701 3994 tu
719 3943 855 4012 acceptis
874 3943 989 4000 Iuliani
1004 3959 1035 4014 p.
1051 3947 1163 4011 323‚22
1240 3949 1272 4000 10
1292 3948 1335 4002 cst
1347 3960 1399 4004 our.
1415 3945 1461 4016 M,

124 4023 192 4080 odd.
210 4021 240 4078 Β
314 4020 494 4095 tibatone]
518 4020 616 4077 lucore
635 4020 674 4076 M
747 4027 779 4077 tu
798 4022 980 4096 tebuylishi
1002 4024 1032 4079 Β
1060 4027 1156 4081 cetere
1179 4025 1292 4096 syllsbe
1315 4026 1354 4081 Μ
1426 4033 1460 4083 lu

124 4102 368 4177 pruolesmstions
397 4102 436 4159 Μ
515 4101 625 4159 ionicus
653 4119 709 4174 spu
737 4101 865 4162 mizonos
892 4105 1003 4162 ionicus
1031 4105 1246 4179 nppellsssonus
1271 4107 1342 4162 ΒΜ
1427 4112 1460 4164 1⁷

124 4187 302 4261 antimius
319 4183 509 4256 (enhistnspus
526 4183 566 4253 Β)
585 4199 661 4254 peon
677 4181 787 4255 primus
805 4187 945 4244 secundus
963 4187 1131 4257 (secundnm
1152 4187 1201 4257 M)
1221 4186 1323 4244 herbins
1341 4189 1461 4258 qmrtn·

123 4271 228 4328 horum
247 4265 452 4338 ethimologia
471 4266 514 4336 (ei
527 4263 852 4336 homologiscM)BM
905 4269 1192 4342 hopruclsnmnlicns
1205 4267 1243 4324 Μ
1295 4274 1330 4324 21
1349 4267 1460 4325 ionicus

123 4349 238 4423 apullus
265 4365 351 4406 sonus
378 4346 473 4404 lunico
501 4345 615 4419 spumei
641 4363 713 4404 sono
741 4347 898 4408 dieiembns
924 4351 954 4406 Β
986 4349 1094 4408 iouiuos
1123 4351 1337 4423 sppcllsssonos
1365 4347 1461 4404 ionico

123 4429 294 4505 epomisuno
318 4427 451 4486 dismbus
471 4428 509 4484 Μ
586 4435 621 4485 22
640 4429 773 4500 epitritus
796 4431 901 4503 peonis
927 4432 1021 4505 primu
1047 4431 1187 4489 sccundus
1211 4429 1335 4488 secundo
1358 4429 1461 4487 ierlim

123 4513 211 4571 tertio
229 4511 258 4566 Β
278 4509 409 4583 epitritus
431 4508 540 4582 primus
563 4509 665 4582 peonio
688 4509 781 4583 primo
805 4515 918 4572 secnnd’
942 4515 1098 4574 secundnm
1120 4513 1208 4571 tertio
1227 4511 1331 4570 bachius
1352 4512 1390 4568 Μ

123 4603 159 4653 ss
184 4592 304 4666 quique]
327 4591 454 4663 quinque
471 4591 501 4646 Β
519 4607 633 4663 quoque
653 4592 692 4647 M
763 4600 799 4649 tl
818 4598 932 4652 constet
948 4597 1022 4653 ΒΜ
1093 4597 1122 4652 ei
1137 4601 1202 4666 post
1220 4592 1300 4651 brari
1319 4609 1370 4649 orsu
1389 4593 1463 4650 ΒΜ

160 4683 197 4734 hd
217 4672 378 4732 cantilenae
394 4672 433 4728 M
503 4673 649 4730 dissmbus
668 4691 739 4730 corr.
758 4674 901 4733 diismbm
916 4677 943 4732 Β
962 4676 1118 4733 dicionebus
1134 4677 1173 4732 M
1244 4683 1279 4733 26
1294 4675 1461 4750 malignitas

123 4775 177 4816 om.
209 4755 253 4825 Β,
282 4755 349 4812 cdd.
384 4755 423 4810 M
506 4759 541 4810 tt
570 4753 809 4826 proclenmetions
836 4757 875 4814 M
957 4757 1084 4814 nnimuls
1111 4757 1185 4813 ΒΜ
1264 4755 1373 4814 ionicus
1405 4775 1460 4832 epu

124 4839 269 4898 meisonus
290 4835 329 4892 M
345 4833 454 4893 ionicus
472 4835 626 4910 spulaunos
643 4835 672 4891 Β
