3590 5486
344 331 411 398 232
951 329 1074 388 uenae
1120 314 1124 322 '

274 458 283 466 -
344 431 520 483 pidum.

345 528 393 581 est
416 517 504 600 longa
528 519 679 600 permissu
704 521 824 599 poetico
848 521 879 581 in
904 517 975 601 hoe,

508 624 660 689 irondea
685 626 780 691 licus
803 635 881 691 arat
906 627 1012 689 cuius
1035 627 1071 688 in
1096 623 1231 688 robore
1256 623 1410 702 nullum,

345 733 427 816 quod
454 751 552 814 genus
576 733 704 816 syllabae
733 737 814 800 inter
842 736 946 817 longas
971 733 1017 797 rel
1046 735 1169 798 omnino
1192 733 1405 816 refugiendum
1428 733 1475 798 vel
1503 732 1682 816 parcissime
1753 723 1757 730 ’

346 840 554 934 usurpandum
580 852 635 906 est
671 841 753 907 unde
778 852 808 906 et
831 845 863 906 in
886 841 1110 905 recentioribus
1133 845 1232 924 poetis
1256 860 1317 904 non
1343 841 1430 905 iacile
1454 843 1521 904 eius
1545 843 1684 905 invenies

345 949 531 1034 exemplum,
560 953 696 1033 quamvis
724 959 755 1014 et
783 949 861 1032 apud
892 947 1049 1031 Virgilium
1078 967 1138 1012 non
1168 951 1374 1034 rarissimum,
1404 950 1483 1032 apud
1515 949 1715 1013 llomerum⁵

346 1076 418 1122 vcro
442 1060 722 1141 frequentissimum
746 1059 925 1142 reperiatur.
963 1060 1037 1120 item
1061 1057 1169 1122 modus
1194 1068 1240 1122 est
1264 1059 1403 1141 quimus,
1427 1068 1498 1120 cunr
1520 1077 1592 1140 pars
1616 1077 1684 1121 ora·

346 1168 437 1230 tionis
461 1166 573 1232 desinit
602 1171 633 1232 in
657 1168 865 1250 diphthongon
890 1175 1037 1248 sequente
1061 1169 1162 1230 statim
1186 1165 1279 1228 altera
1304 1164 1415 1230 vocali:
1446 1169 1599 1229 ostentm
1628 1186 1685 1248 per

346 1283 485 1338 naturam
503 1275 592 1358 longa
611 1280 641 1340 in
662 1277 733 1362 hoc,
757 1273 894 1339 ‘hlusae
914 1269 1107 1358 Aonides'3
1132 1285 1179 1338 est
1198 1293 1253 1357 per
1272 1273 1425 1338 licentiam
1444 1274 1545 1337 brevis
1564 1277 1596 1336 in
1617 1274 1686 1357 hoc,

346 1379 506 1446 ‘insulae
531 1382 633 1448 ionio
657 1387 692 1448 in
716 1379 870 1468 magno’,
893 1383 973 1466 quod
998 1385 1184 1466 posteriores
1207 1392 1314 1466 poetae
1340 1383 1434 1464 magis
1458 1385 1489 1445 in
1514 1401 1573 1445 una
1597 1393 1686 1466 parte

297 1564 304 1588 Ι
348 1495 492 1557 orationis
520 1493 586 1556 lieri
615 1491 798 1558 voluerunt'
821 1493 902 1557 unde
932 1513 988 1556 nec
1016 1492 1108 1556 hrrius
1131 1491 1303 1572 exemplum
1328 1489 1414 1553 iacile
1439 1491 1470 1552 iu
1494 1490 1684 1553 nostratibus
1702 1504 1729 1540 ¹⁰

347 1600 538 1684 poematibus
561 1605 706 1666 invenies.
740 1611 770 1666 at
793 1620 863 1666 cum
887 1601 1093 1684 diphthongus
1113 1619 1130 1661 a
1148 1598 1242 1662 vocali
1266 1598 1391 1662 alterins
1415 1597 1498 1661 verbi
1523 1599 1687 1682 excipitur,

349 1719 414 1774 tum
437 1709 515 1774 hanc
538 1729 595 1793 per
614 1711 799 1794 synaliphanr
823 1709 1049 1773 transiliendam
1070 1727 1138 1771 esse
1159 1705 1313 1791 dicebant,
1336 1714 1372 1770 ut
1389 1705 1523 1789 Prosper
1541 1708 1573 1769 in
1598 1725 1685 1789 prae-

295 1837 297 1843 ’
349 1820 460 1882 latione
484 1821 734 1901 epigrammatum
1640 1799 1642 1804 ⁵

511 1945 578 1989 nec
602 1937 753 1991 nostrae
777 1927 843 1991 hoc
867 1929 947 2010 opis
971 1934 1040 2009 est,
1065 1926 1127 1988 sed
1152 1924 1193 1987 ah
1218 1923 1282 1988 illo
1306 1925 1465 1988 sumitur
1489 1924 1547 1988 hic
1571 1943 1647 2007 ros,
1702 1929 1704 1932 ’

569 2037 631 2118 qni
655 2039 788 2100 siccam
813 2054 938 2118 rupem
964 2033 1119 2096 lundere
1144 2034 1400 2113 iussitaquas.
1702 2043 1729 2082 1⁵

350 2155 454 2209 sextus
478 2144 595 2236 modus
610 2143 670 2228 est,
695 2155 729 2208 ut
752 2144 887 2208 Donatus
911 2147 967 2226 ait,
990 2160 1059 2205 oum
1084 2141 1231 2224 producta
1256 2140 1366 2202 vocalis
1391 2149 1438 2203 est
1467 2139 1560 2202 vocali
1590 2139 1687 2203 altera

350 2262 570 2336 consequente:
594 2262 641 2317 est
665 2257 746 2316 enim
769 2253 857 2334 longa
881 2255 911 2315 in
936 2252 1008 2328 hoc,

469 2439 472 2448 Ι
513 2380 531 2424 o
557 2365 693 2426 utinam
717 2365 752 2426 in
778 2361 956 2427 thalamos
979 2361 1091 2422 invisi
1115 2358 1285 2422 Caesaris
1308 2359 1437 2441 issem,

351 2470 452 2534 brevis
476 2473 507 2533 in
532 2470 604 2554 hoo,

515 2589 548 2643 te
573 2578 752 2663 Corydon,
776 2599 794 2640 o
819 2577 934 2662 Alexi,
959 2577 1075 2641 trahit
1098 2595 1162 2639 sua
1187 2593 1367 2657 quemque
1393 2575 1570 2658 voluptas.
1702 2586 1731 2640 ²9

352 2687 433 2769 ‹prrod
458 2687 594 2750 moderni
620 2689 840 2750 versificatores
859 2689 891 2749 in
911 2685 1015 2748 eadem
1038 2686 1139 2767 potius
1163 2691 1249 2765 parte
1269 2685 1416 2747 orationis
1439 2685 1539 2747 iacere
1558 2703 1688 2747 consue·

353 2805 439 2877 runt,
463 2805 496 2858 ut
521 2791 602 2858 ‘Eoi
626 2815 760 2858 venere
784 2790 893 2876 magi'
918 2805 948 2857 et

515 2903 733 2987 splendidus
751 2902 987 2967 -auctorisde
1014 2903 1154 2965 vortice
1179 2901 1297 2982 iulget
1321 2895 1443 2984 Eousl

354 3022 385 3076 et
408 3032 516 3076 rursus
539 3012 627 3094 longa
651 3021 698 3074 est
722 3032 777 3095 per
800 3019 938 3075 naturam
963 3013 1017 3093 ita,

516 3121 669 3204 angelus
694 3124 853 3185 intactae
876 3121 1016 3183 cecinit
1040 3128 1237 3200 properata
1261 3117 1408 3200 hieriae,

357 3230 456 3293 brevis
479 3249 535 3314 per
558 3230 711 3293 licentiam
734 3232 791 3313 ita,

517 3338 657 3403 exultat
681 3339 813 3402 lilariae
838 3356 916 3401 cum
940 3340 1055 3420 prima
1080 3336 1260 3398 adiarniua
1285 3337 1411 3398 sensit.

355 3458 386 3512 at
400 3467 469 3511 cum
485 3448 573 3530 longa
589 3449 699 3511 vocalis
714 3447 759 3510 vel
775 3451 865 3510 etiam
881 3446 994 3528 brevis,
1015 3463 1091 3526 quae
1112 3453 1229 3526 partem
1245 3445 1386 3505 teruninat
1405 3445 1563 3526 orationis,
1578 3449 1693 3528 excipi·

357 3568 407 3620 tur
431 3576 446 3618 a
472 3557 579 3638 roeali,
602 3557 728 3620 alterius
752 3555 836 3619 vorbi
859 3558 994 3640 priorem
1017 3573 1072 3636 per
1095 3552 1281 3635 synaliplram
1305 3549 1481 3633 absumunt,
1505 3560 1539 3614 ut
1557 3552 1694 3636 Prosper

508 3682 595 3727 nam
620 3656 707 3728 si'te
732 3668 872 3729 virtuto
897 3673 958 3728 tna
982 3663 1022 3724 ad
1048 3659 1226 3724 caelestia
1251 3659 1379 3721 eredas
1707 3668 1731 3707 ³⁰

573 3774 766 3858 scandere,
790 3774 831 3836 de
856 3772 1002 3854 superis
1026 3769 1155 3851 pulsus
1180 3771 1215 3830 in
1239 3771 1308 3829 ima
1333 3766 1447 3852 cadis3

240 3917 243 3926 ι
357 3883 492 3964 quamvis
518 3890 548 3944 et
572 3883 680 3944 hrator
705 3885 839 3946 imitatus
864 3891 982 3944 veteres
1006 3877 1117 3940 dixerit

520 4010 538 4053 o
563 3993 701 4053 ntirram
727 3993 867 4054 uostris
891 3989 1075 4051 voluisses
1101 3983 1174 4046 lida
1199 3987 1372 4047 inventus

358 4116 575 4128 -————-

450 4174 465 4222 3
487 4166 568 4235 Quod
586 4181 676 4236 genus
696 4195 730 4206 -
751 4173 767 4222 c
786 4163 945 4236 reperiatur
966 4161 1049 4218 Mali.
1073 4159 1173 4216 Tircod.
1194 4163 1260 4226 537,
1280 4163 1314 4214 11

451 4337 464 4384 1
490 4291 630 4400 permissu
654 4327 801 4399 (permisso
822 4327 853 4383 F
876 4343 945 4382 corr.
966 4343 1009 4380 -ιιι
1027 4325 1056 4393 f)
1079 4321 1191 4394 poetico
1214 4321 1245 4378 in
1269 4321 1321 4377 hoo
1342 4291 1406 4376 LF'
1426 4319 1455 4376 io
1481 4321 1535 4377 hoe
1554 4323 1694 4392 permisso

317 4409 325 4416 '
358 4409 472 4483 poetico
493 4408 523 4464 P
595 4407 788 4480 ereperiotur
807 4406 923 4479 quintus
943 4407 1042 4463 modus
1062 4403 1151 4463 estL
1226 4403 1373 4475 8hlnsoe]
1394 4403 1429 4471 cf.
1445 4401 1544 4473 [niae.
1561 4401 1646 4476 Voce]
1661 4407 1694 4460 dc

359 4491 439 4560 finci.
454 4508 485 4562 p.
505 4496 574 4560 230,
594 4497 631 4547 18
705 4495 721 4545 9
741 4487 862 4560 insulae]
884 4487 962 4558 Verp.
978 4489 1048 4543 Aeac
1069 4487 1134 4542 III
1150 4491 1206 4544 211
1268 4493 1316 4540 Δ10
1335 4483 1410 4539 unde
1429 4499 1481 4538 nec
1499 4483 1583 4540 huius
1599 4501 1692 4541 exem·

1112 4584 1114 4590 ·
1372 4577 1420 4606 non

361 4627 440 4698 plum
459 4625 545 4683 facile
563 4625 658 4696 (iaoile
678 4642 729 4682 orn.
750 4625 782 4693 Ρ,
802 4623 866 4680 odd.
883 4627 915 4692 p)
937 4622 999 4678 FP
1020 4621 1094 4678 undo
1119 4621 1203 4678 huius
1223 4620 1383 4692 exemplum
1402 4617 1487 4674 facile
1507 4617 1534 4672 L
1610 4626 1641 4675 11
1663 4625 1694 4677 at

361 4725 425 4763 cum
445 4707 476 4762 F
492 4710 524 4762 ut
539 4724 602 4763 cnm
623 4707 650 4762 L
669 4710 720 4763 ont
734 4725 799 4763 cum
820 4705 848 4760 P
912 4711 944 4760 16
964 4703 1105 4776 Donatus]
1121 4707 1234 4772 paridi),
1249 4706 1281 4756 11
1354 4707 1387 4756 18
1407 4697 1561 4770 oufioom]
1582 4698 1694 4757 Lucan.

361 4787 491 4844 Phorsol.
518 4787 607 4842 VIII
625 4794 679 4844 ὅθι
698 4789 733 4854 es.
754 4787 830 4858 Serp.
850 4788 883 4842 de
901 4785 962 4856 spii.
978 4801 1009 4855 p.
1029 4787 1095 4850 479,
1114 4789 1149 4840 19
1234 4789 1268 4837 20
1288 4785 1316 4837 te
1338 4780 1479 4853 Corydon]
1506 4779 1585 4851 Verg.
1605 4783 1692 4840 bucol.

361 4875 392 4938 2,
410 4875 447 4925 65
520 4875 555 4923 22
576 4870 620 4926 eoi
640 4868 701 4924 Fr
722 4885 773 4925 ooo
793 4869 844 4928 51³
914 4864 1105 4936 131118111·Ἰ
1173 4871 1206 4919 at
1227 4863 1355 4920 exultent
1375 4862 1401 4916 L
1466 4867 1501 4917 ao
1520 4861 1692 4922 absumitL
