3610 5482
609 365 659 422 nn
678 353 973 428 ontuoosarmh
1409 374 1454 437 45

51 591 55 594 -
108 554 361 616 observaverunt
397 557 523 633 quidum
560 565 595 620 ut
628 561 768 637 pontium
798 561 929 637 repetito
961 559 1066 620 eodem
1097 563 1242 622 elemento
1272 561 1458 638 scriberent,

108 665 199 738 qnod
221 665 300 726 milri
320 683 383 728 non
407 667 542 743 videtur,
567 669 712 744 qnoniam
736 671 898 730 enuntiari
918 669 1002 729 nullo
1026 667 1115 730 modo
1134 674 1249 746 potest,
1273 677 1304 730 et
1326 687 1387 731 non
1411 675 1458 731 est

110 789 243 834 necesse
266 775 302 834 id
322 776 472 852 scrihere,
497 776 582 853 qnod
604 779 636 836 in
660 776 755 838 aerbo
777 793 839 838 non
862 782 958 838 sonet.
997 776 1068 837 item
1093 779 1265 854 reprensus
1285 784 1316 838 et
1335 794 1456 839 vemens

113 879 184 942 stne
208 879 413 962 adspiratione
437 881 597 946 scribenda
620 901 688 945 essa
713 881 859 947 docuerat
883 883 1017 946 Scaurus
1039 902 1069 964 p.
1093 878 1193 966 2256,
1215 886 1358 966 similiter
1380 902 1454 964 pee-

111 995 191 1051 cnnt
214 1021 253 1033 ·-
275 992 346 1054 item
369 993 425 1068 qui
446 993 654 1070 reprehensus
678 1011 748 1056 cnm
768 993 983 1072 adspiratione
1001 992 1152 1070 scribunt,
1177 1009 1247 1055 enm
1266 1012 1334 1056 enm
1349 996 1456 1074 prime
1484 1052 1488 1060 .

87 1095 227 1176 'positio
250 1116 311 1161 nors
335 1100 458 1182 hahent,
481 1105 513 1163 et
533 1101 677 1163 similiter
701 1103 868 1176 vehentem,
892 1117 963 1162 cnm
986 1118 1007 1162 a
1031 1103 1062 1161 oi
1088 1105 1197 1164 mentis
1221 1103 1356 1164 dientem.
1395 1119 1455 1182 quo

111 1215 255 1287 spectare
283 1215 412 1289 possunt
439 1206 513 1271 haec
542 1209 620 1291 apud
650 1208 788 1292 Longum
811 1229 841 1292 p.
864 1205 963 1284 2229,
988 1215 1018 1271 et
1041 1211 1080 1270 de
1102 1211 1123 1272 h
1146 1213 1252 1274 littera
1280 1212 1455 1288 quaeritur,

111 1321 199 1391 paine
225 1333 260 1378 se
287 1325 343 1379 ont
365 1319 499 1380 inseruit
522 1319 680 1380 vocalibus
704 1327 760 1382 urat
779 1321 978 1398 praeposuit:
1002 1321 1141 1396 inseruit,
1166 1327 1201 1380 nt
1224 1322 1256 1380 in
1279 1320 1342 1394 his,
1366 1319 1453 1379 celre-

77 1494 89 1514 .
111 1441 201 1486 mens
220 1426 431 1503 reprehendit,
454 1445 523 1488 cnm
543 1431 749 1504 elepantiores
770 1435 800 1490 et
820 1434 984 1491 trementem
1000 1429 1109 1489 dicant
1122 1435 1153 1490 et
1171 1428 1333 1506 reprendit
1346 1445 1455 1488 seeun-

112 1535 189 1595 dum
200 1536 337 1614 primom
352 1537 534 1613 positionem
539 1557 552 1608 ;
569 1539 692 1630 prendo
713 1541 794 1599 enim
812 1540 952 1614 dicimus,
972 1555 1032 1598 non
1049 1539 1219 1614 prehendo.
1256 1537 1356 1598 rninus
1371 1544 1455 1598 certa

112 1651 189 1706 sunt
214 1660 290 1723 quae
315 1641 352 1705 de
367 1661 442 1706 sono
465 1663 591 1725 graecae
616 1644 733 1710 litterae
758 1645 788 1710 Ψ
811 1646 890 1728 apud
914 1644 1037 1708 Latinos
1056 1663 1112 1726 per
1129 1663 1166 1726 ps
1186 1643 1233 1706 rol
1247 1642 1283 1706 hs
1299 1642 1452 1706 atterendo

112 1749 261 1832 leguntur
275 1750 355 1833 apud
370 1751 519 1816 Scaurum
532 1772 562 1835 p.
577 1749 677 1836 2261,
701 1757 846 1832 qnoniam
866 1774 969 1834 perp
993 1761 1024 1816 et
1045 1773 1060 1816 s
1084 1772 1122 1815 en
1147 1754 1344 1828 scribuntur,
1374 1771 1455 1834 qnae

112 1861 204 1938 apud
224 1861 362 1922 Graecos
386 1861 418 1923 in
442 1858 473 1923 Ψ
496 1864 640 1926 desinunt
658 1897 696 1907 -
713 1867 770 1926 sert
792 1865 879 1927 nohis
904 1870 1068 1940 utrumqne
1082 1881 1148 1942 per
1168 1881 1206 1942 ps
1230 1863 1354 1924 uidetur
1375 1841 1466 1924 scri-⁸

113 1969 259 2046 bendum,
282 1971 430 2046 qnoniam
448 1988 490 2032 ex
507 1971 556 2033 iris
576 1969 607 2034 Ψ
624 1975 730 2036 littero
749 1977 875 2049 corastet,
900 1979 931 2034 et
950 1971 1028 2054 apud
1052 1969 1190 2052 Longum
1213 1989 1241 2050 p.
1257 1965 1357 2053 2224,
1380 1987 1454 2045 qno·

112 2081 201 2139 nium
230 2095 269 2140 ea
297 2094 380 2154 qnae
403 2081 491 2158 opud
516 2097 572 2143 nos
595 2076 627 2141 Ψ
649 2083 785 2143 litteram
812 2086 925 2142 sonunt
950 2086 1064 2158 pntnnt
1087 2081 1231 2157 plerique
1256 2096 1317 2156 per
1340 2097 1364 2156 p
1388 2084 1419 2139 et
1440 2097 1456 2140 s

112 2187 299 2262 scribenda,
330 2190 475 2264 qnoniam
504 2195 535 2250 et
565 2189 682 2250 Graeci
703 2191 990 2268 pronuntiaverunt
1019 2184 1049 2249 Ψ
1077 2189 1213 2248 litteram
1242 2193 1388 2248 coresinre
1418 2179 1454 2248 ἐκ

112 2291 178 2358 τοῦ
206 2301 249 2357 nt
272 2287 329 2358 καὶ
358 2307 390 2377 o,
419 2305 450 2360 ct
481 2315 510 2378 p.
535 2292 624 2360 2233
649 2299 797 2374 paconium
827 2313 1041 2374 quoecumque
1070 2297 1158 2375 apud
1182 2295 1320 2358 Graecos
1341 2314 1401 2374 per
1425 2292 1456 2357 Ψ

113 2403 302 2484 seminantur
325 2407 413 2484 opud
433 2424 489 2469 nos
508 2423 612 2484 perp
635 2413 665 2468 et
687 2425 703 2468 s
725 2407 894 2470 scribendo
917 2406 987 2466 siret
1322 2481 1324 2488 .

208 2509 336 2575 Nomina
361 2520 534 2588 auctorum,
563 2531 694 2594 quorum
717 2522 877 2596 praecepta
901 2512 1114 2595 grammaticus
1138 2511 1175 2573 ad
1199 2520 1294 2576 artem
1320 2512 1454 2575 scrihen·
1526 2554 1528 2557 -

63 2611 70 2618 ’
115 2618 187 2682 dam
210 2617 356 2698 adhibuit,
380 2619 526 2703 appellata
550 2631 624 2685 sunt
646 2621 728 2686 haec.
766 2622 875 2686 hocius
899 2621 936 2685 de
960 2621 1160 2702 geminatione
1184 2619 1333 2683 vocalium
1357 2623 1452 2684 nomi·

10 2759 11 2796 3
116 2736 209 2792 natus
233 2737 281 2791 est
304 2748 332 2810 p.
356 2725 454 2793 2220.
497 2727 606 2792 Luchii
629 2728 666 2792 de
686 2729 900 2812 orthographia
928 2737 1090 2812 praecepta
1114 2729 1150 2791 e'x
1174 2746 1256 2791 nono
1281 2739 1453 2792 saturarum

116 2836 196 2900 lihro
217 2835 368 2920 adscripta
386 2846 456 2902 stant
475 2857 504 2919 p.
520 2833 619 2901 2220.
634 2833 733 2901 2225.
752 2835 850 2901 2221.
889 2857 925 2900 ex
946 2836 1101 2900 Ciceronis
1122 2836 1249 2900 Oratore
1268 2841 1363 2920 petita
1383 2846 1456 2900 saint

10 2931 11 2966 ³
116 2953 280 3028 praecepta
309 2944 352 3009 de·
375 2929 598 3028 praepositione
627 2947 667 3008 oh
699 2965 726 3028 p.
751 2943 841 3010 2224
864 2945 955 3009 etde
980 2965 1005 3007 v.
1026 2950 1278 3024 posmeridianas
1303 2966 1330 3029 p.
1356 2944 1454 3028 2231,

116 3072 154 3115 ex
186 3053 273 3116 lihris
303 3052 341 3116 de
371 3063 507 3137 oratore,
537 3063 573 3117 ut
601 3053 734 3137 rideurr,
769 3052 914 3117 iudicium
945 3054 982 3116 de
1014 3057 1168 3117 rusticano
1200 3057 1354 3118 sermonis·
1380 3073 1454 3116 sono

117 3181 146 3244 p.
171 3157 270 3224 2216.
308 3160 445 3224 eiusdem
469 3163 676 3226 testimonium
701 3163 738 3225 de
762 3165 880 3245 gemina
904 3165 915 3225 i
938 3165 1135 3240 consonantis
1159 3162 1226 3225 loco
1250 3165 1348 3246 posita
1373 3161 1454 3225 ttndc

117 3273 248 3353 petitum
267 3271 316 3354 sit,
339 3289 400 3333 non
419 3279 545 3334 constat.
583 3269 726 3334 Varronis
745 3270 913 3334 doctrinam
932 3272 1084 3354 adscripto
1104 3273 1224 3334 nomine
1250 3279 1304 3334 tar
1323 3290 1453 3333 comme·

117 3381 261 3463 morarit,
284 3379 321 3442 de
345 3399 372 3441 v.
396 3381 518 3442 herene
541 3396 569 3460 p.
593 3375 698 3462 2230,
722 3379 759 3441 de
783 3399 809 3440 r.
834 3382 951 3443 delirus
974 3400 1003 3463 p.
1028 3376 1131 3462 2233,
1161 3379 1198 3442 de
1223 3398 1247 3440 r.
1274 3379 1455 3441 Mercurius

115 3508 145 3571 p.
165 3483 266 3571 2236,
290 3505 366 3568 quae
386 3481 486 3550 omnia
509 3485 595 3548 libris
619 3485 656 3548 de
676 3504 815 3549 sermone
835 3487 928 3550 latino
948 3488 1060 3551 tribuit
1074 3487 1291 3551 Wilmannsius
1311 3487 1348 3550 ue
1368 3482 1452 3549 Var'r.

116 3595 168 3659 lih.
191 3613 318 3679 graman
340 3614 370 3676 p.
394 3591 438 3656 92
462 3613 506 3676 sq.
545 3591 643 3656 Veirii
667 3593 766 3656 Flacci
786 3598 954 3672 senteptiaa
979 3595 1017 3658 de
1042 3596 1151 3658 litteris
1176 3599 1248 3659 item
1273 3604 1321 3658 ter
1342 3594 1453 3658 relatae

117 3713 190 3769 sunt
209 3724 239 3788 p.
255 3699 354 3768 2215.
378 3699 475 3766 2216.
500 3698 599 3767 2238.
636 3701 690 3764 has
714 3701 931 3766 (1111111111
955 3703 1049 3785 praet.
1069 3703 1148 3765 Fest.
1167 3702 1281 3785 p.le
1305 3703 1341 3766 sd
1361 3703 1455 3766 libros

117 3812 155 3876 dc
174 3812 400 3897 orthographia,
419 3831 496 3895 quos
510 3811 651 3874 Verrium
670 3813 830 3892 scripsisse
850 3810 1014 3874 Suetonius
1035 3810 1072 3872 de
1092 3810 1199 3875 illustr.
1219 3831 1343 3894 gramm.
1364 3831 1390 3875 c.
1412 3809 1452 3875 19

10 3913 11 3920 '
117 3932 226 3986 auctor
256 3929 317 4005 est,
352 3907 511 3984 revocavit
555 3917 654 3982 Verrii
677 3917 775 3980 Flacci
812 3927 908 3982 aetate
941 3939 1002 3982 non
1043 3919 1137 3983 multo
1169 3922 1331 3983 interiores
1361 3920 1471 3982 iusisse·

10 4057 11 4074 .
117 4030 261 4094 ridentur
285 4029 433 4092 Antonius
456 4026 555 4091 huius
578 4036 609 4091 et
631 4027 731 4091 Nisus.
769 4045 787 4089 e
811 4027 922 4108 quihus
946 4029 1094 4094 Antonius
1119 4028 1216 4093 nurus
1240 4029 1333 4092 semel
1357 4031 1453 4092 nomi·

10 4175 11 4184 .
118 4147 208 4203 natus
232 4146 281 4202 cst
302 4158 332 4221 p.
350 4132 438 4200 2231
459 4134 497 4198 de
516 4155 536 4218 q
554 4135 667 4219 littera3
691 4143 848 4219 praeterea
872 4137 951 4219 apud
972 4156 1066 4201 unum
1087 4137 1304 4210 Quintilianum
1324 4135 1337 4198 1
1358 4131 1389 4220 5,
1407 4132 1451 4199 43

118 4251 185 4312 eius
209 4249 325 4312 mentio
348 4252 438 4308 extat.
480 4243 545 4307 Nisi
573 4263 682 4308 nomen
712 4242 769 4307 suh
797 4245 889 4307 tinem
918 4245 987 4308 lihri
1010 4244 1192 4328 appellatum
1217 4251 1264 4307 ast
1288 4245 1451 4334 quinquies

10 4359 11 4402 ἒ
118 4377 147 4440 p.
170 4351 271 4420 2235.
299 4348 400 4417 2236.
427 4348 526 4415 2237.
568 4351 697 4434 denique
727 4371 817 4417 suum
849 4356 946 4436 ipsius
977 4373 1096 4424 nomeu,
1118 4353 1149 4414 in
1181 4351 1317 4432 exemplo
1347 4353 1451 4433 posuit

117 4464 333 4548 grammaticus
356 4481 386 4544 p.
410 4457 510 4544 2224,
533 4478 594 4523 non
617 4463 764 4524 dicebam
787 4483 807 4525 e
833 4463 947 4540 Lonpo,
970 4466 1028 4526 sed
1050 4460 1090 4539 of
1108 4461 1223 4538 Lonpo.
