3564 5482
618 289 690 348 ΔΒΕ
719 291 969 352 numitorius
1393 292 1459 360 413

162 399 198 438 ll.
212 397 240 438 ⁴8
254 397 284 439 Η.

126 408 270 568 :opertus
294 499 484 566 supremum,
511 481 590 544 inira
613 481 742 546 interius
772 483 890 564 intime,
914 499 1014 562 prope
1042 485 1169 566 propius
1196 485 1347 568 proxime,
1375 490 1460 546 extro

126 594 264 657 exterius
293 600 444 677 extremo,
472 591 551 656 ultro
580 590 708 656 ulterius
738 591 858 675 ultimo,
886 593 963 655 citra
991 593 1117 656 citerius
1145 593 1255 656 citime.
1306 611 1401 676 penes
1429 599 1460 656 et

125 705 250 788 penitus
275 720 336 765 uon
358 701 473 766 babent
496 721 533 765 ex
562 719 595 764 se
624 703 826 784 comparativa
854 719 910 764 nec
941 700 1137 786 superlativa,
1166 711 1200 766 ut
1227 721 1319 784 supra
1347 703 1460 784 scripta

126 811 277 877 adverbia.

95 1021 110 1065 ι
571 1005 633 1074 ΒΕ
657 1003 1015 1076 PRAEPOSITIONE

217 1157 406 1240 Praepositio
436 1165 485 1221 est
511 1175 584 1241 pons
612 1157 773 1240 orationis,
805 1174 882 1238 quae
915 1157 1088 1239 praeposita
1120 1155 1170 1219 alli
1203 1158 1282 1240 parti
1315 1157 1460 1220 orationis

124 1267 378 1350 significationem
401 1268 468 1330 eius
492 1268 631 1330 immutat
654 1275 707 1330 aut
729 1265 835 1349 implet
853 1273 906 1328 eut
925 1264 1093 1348 simplicem
1112 1274 1227 1347 servat,
1251 1275 1285 1329 ut
1303 1264 1459 1329 inscribo.

124 1377 385 1460 praepositionum
417 1373 492 1440 aliae
526 1394 647 1458 semper
680 1384 905 1458 componuntur
938 1391 1009 1438 cum
1041 1373 1108 1438 aliis
1139 1373 1277 1456 partibus
1305 1375 1460 1457 orationis,

124 1487 168 1548 ita
192 1497 228 1548 ut
250 1490 283 1548 ιἰι
306 1465 454 1550 unitatem
477 1486 600 1548 venient
618 1503 717 1568 neque
738 1503 880 1566 umquam
900 1486 1062 1567 separatim
1081 1483 1231 1546 dicantur.
1268 1491 1340 1546 sunt
1358 1490 1459 1546 autem

79 1607 110 1648 ιο
125 1592 199 1676 luae,
227 1611 284 1656 con
308 1613 344 1658 co
367 1613 403 1658 re
426 1593 458 1658 di
481 1593 528 1657 ‹lls
551 1611 598 1658 am
622 1611 670 1677 se,
699 1602 735 1657 ut
762 1593 937 1675 conplector
965 1611 1115 1674 coarguor
1138 1610 1243 1656 resero
1266 1591 1376 1656 diduco
1399 1591 1459 1655 (ils-

125 1719 221 1765 curro
243 1703 410 1785 amplector
432 1703 542 1767 sccedo
566 1751 573 1766 .
598 1701 672 1766 aliae
701 1705 745 1766 sic
774 1709 968 1786 separantur,
995 1709 1031 1766 ut
1059 1719 1223 1784 numquam
1250 1703 1283 1764 in
1311 1704 1458 1766 unitatem

126 1813 248 1876 venient
266 1829 336 1876 cum
355 1812 421 1876 aliis
439 1810 578 1896 partibus
597 1813 756 1894 orationis,
780 1820 814 1873 ut
837 1809 915 1893 apud
939 1827 1042 1892 penes.
1088 1808 1162 1873 oliae
1182 1817 1213 1874 et
1231 1811 1459 1892 coniunguntur

125 1927 157 1984 et
181 1929 375 2015 separantur,
398 1929 433 1984 ut
455 1918 513 1984 sub
538 1938 575 1984 ex
598 1921 630 1984 in
653 1919 690 1983 de
714 1938 771 2002 pro
795 1917 841 1982 ab.

219 2028 298 2093 Sunt
329 2031 570 2113 praepositiones
603 2046 681 2111 quae
715 2031 886 2092 accusativo
915 2030 999 2092 casui
1030 2037 1147 2094 tontum
1175 2031 1327 2113 serviunt,
1361 2037 1395 2092 ut
1422 2029 1459 2093 ed

79 2151 110 2194 ιι
123 2129 228 2219 πρός,
260 2137 340 2220 apud
373 2130 481 2221 παρά,
515 2145 584 2202 onte
607 2129 673 2220 πρό
680 2183 689 2218 ,
720 2137 881 2201 adversum
910 2131 1103 2222 κατέναντι,
1136 2146 1242 2202 contre
1269 2132 1459 2218 κατέναντι,

125 2249 208 2310 circe
239 2246 335 2330 περί,
372 2249 417 2310 cis
450 2238 560 2328 ἐντός,
598 2248 675 2312 citra
707 2237 818 2328 ἐντός,
849 2249 965 2310 circum
992 2245 1085 2331 περί,
1113 2249 1236 2311 circiter
1262 2243 1356 2330 αερέ,
1388 2265 1459 2330 erga

123 2354 218 2440 περί,
260 2365 344 2420 extra
381 2347 490 2438 ἐκτός,
527 2359 607 2419 intro
644 2347 755 2436 ἐντός,
797 2358 878 2418 inter
913 2348 1053 2439 μεταξύ,
1094 2357 1177 2419 iuxta
1215 2347 1315 2438 ἐγγύς
1352 2347 1459 2436 ἐντός,

124 2465 204 2530 inira
241 2454 417 2547 ὑποκάτω,
455 2467 487 2529 in
522 2456 623 2546 κατά,
661 2463 700 2528 ob
738 2455 811 2546 διά,
849 2473 918 2547 post
955 2457 1053 2548 μετά,
1090 2472 1215 2547 propter
1253 2457 1326 2546 διά,
1364 2483 1458 2548 prope

125 2565 244 2657 ἐγγύς,
267 2591 345 2658 ponc
370 2563 479 2639 ὀπίσω
503 2565 665 2655 ὄπισθεν,
694 2582 814 2657 praetor
843 2565 1022 2657 καρεκτός,
1051 2591 1145 2658 penes
1169 2565 1282 2654 ἐντός,
1309 2593 1365 2657 per
1389 2565 1459 2656 tesi,
1520 2585 1524 2592 ·

79 2699 111 2740 20
125 2682 233 2748 subter
252 2683 361 2749 subtus
380 2683 438 2748 sub
456 2673 540 2766 ὑπό,
559 2684 727 2748 secundum
747 2674 845 2765 κατά,
869 2702 962 2766 super
982 2675 1113 2766 ἐπάνω,
1137 2701 1229 2766 supro
1248 2673 1350 2767 ἱαιέρ,
1374 2692 1458 2748 trans

123 2788 250 2878 πέραν,
272 2811 372 2876 usque
396 2786 525 2877 μέχρις,
550 2792 628 2856 ultra
651 2782 752 2875 ὑπέρι
776 2799 848 2855 suut
871 2793 1110 2876 praepositiones
1129 2811 1206 2875 quae
1226 2791 1353 2856 sblatiro
1374 2796 1459 2857 casui

125 2904 277 2988 serviunt,
306 2912 340 2967 ut
362 2921 379 2966 a
399 2904 405 2982 Ι
425 2893 508 2983 ἀπό,
536 2901 573 2965 ab
597 2901 652 2964 abs
674 2892 757 2978 οάτό,
787 2919 857 2966 cum
885 2894 983 2983 μετά,
1011 2920 1114 2965 coram
1137 2896 1207 2985 έαέ,
1235 2903 1272 2966 de
1301 2901 1392 2984 περί,
1421 2923 1459 2966 ex

125 3007 163 3075 ἐκ
186 3001 271 3092 τἰαό,
294 3012 325 3074 ln
349 3006 403 3090 έν,
426 3031 482 3094 pro
506 3001 609 3093 ὑπέρ,
632 3029 705 3094 prae
730 3002 804 3091 ioci,
828 3012 894 3074 sine
917 3002 1002 3074 ἄνευ
1025 3010 1143 3094 χωρίς,
1167 3029 1260 3095 super
1283 3010 1377 3094 περί,
1400 3012 1457 3076 sub

124 3111 210 3202 tut,
229 3129 319 3184 tenus
336 3115 449 3204 μέχρις
469 3123 629 3202 utriusque
650 3137 752 3202 cesus,
771 3121 802 3181 in
821 3117 878 3182 sub
899 3135 992 3200 super
1011 3116 1130 3182 subter:
1154 3127 1187 3182 ut
1206 3119 1242 3182 sd
1263 3119 1458 3183 Sacerdotem

78 3244 109 3287 ss
124 3221 212 3310 πρὸς
235 3222 459 3312 Σακέρδοιτα,
487 3239 556 3293 ante
580 3227 713 3292 tribunal
735 3219 800 3311 πρὸ
825 3224 887 3291 τοῦ
915 3219 1080 3312 βήματος,
1108 3229 1188 3290 circe
1220 3227 1353 3291 scholam
1381 3223 1458 3312 περὶ

123 3329 190 3421 τὴν
218 3329 359 3422 σχολήν,
391 3339 508 3402 circum
536 3355 640 3401 muros
668 3329 745 3420 περὶ
772 3327 813 3400 τὰ
841 3335 949 3419 τείχη,
983 3339 1027 3400 cis
1055 3337 1173 3402 Renum
1193 3328 1299 3412 ’ἐντὸς
1320 3328 1457 3420 Ῥήνου,

125 3455 232 3511 contra
256 3447 391 3510 Tiberim
423 3443 602 3512 κατέναντι
635 3443 696 3510 τοῦ
729 3441 910 3529 Τιβέρεως,
944 3448 1020 3510 citra
1048 3449 1212 3510 terminum
1241 3437 1338 3521 ἐντὸς
1360 3437 1457 3530 ὅρον,

125 3575 199 3640 erga
222 3556 301 3619 lilios
324 3551 401 3641 περὶ
426 3547 466 3621 τὰ
494 3551 611 3636 τέκνα,
644 3564 730 3617 extra
762 3557 914 3616 civitatem
942 3546 1037 3630 ἐκτὸς
1062 3546 1208 3635 πόλεως,
1240 3558 1319 3618 intra
1353 3575 1457 3620 muros

124 3657 224 3742 ἐντὸς
249 3664 388 3749 τειχῶν,
418 3669 498 3731 inter
526 3669 639 3729 amicos
667 3656 792 3748 μεταξὺ
818 3664 947 3746 φίλων,
979 3667 1062 3756 iuxta
1090 3662 1243 3727 basilicam
1272 3655 1372 3746 ἐγγὺς
1398 3662 1458 3748 τῆς

218 3823 311 3882 uada
329 3823 530 3896 tamaium.
584 3830 712 3895 lprope
729 3840 780 3878 om.
870 3821 958 3879 5DE
987 3819 1286 3879 PRAEPOSITIONE
1314 3837 1365 3878 οαι.
1440 3829 1457 3879 s

124 3904 292 3978 prosposita
308 3903 407 3977 aliqua
424 3907 507 3978 parte
591 3911 606 3960 ι
626 3903 759 3962 immolet
778 3907 828 3962 eut
847 3904 949 3978 implet
967 3905 1031 3980 aut]
1059 3903 1155 3960 imitat
1177 3905 1265 3976 atque
1289 3902 1410 3975 implete
1428 3904 1458 3960 in

162 3985 230 4042 tin
248 4001 300 4043 oso.
385 3991 419 4041 10
437 3982 497 4057 am]
517 4001 553 4040 ao
640 3991 670 4044 ιι
692 3987 878 4058 utrumquem
963 3994 996 4044 tt
1016 3986 1081 4044 aliis
1100 3983 1259 4058 participiis
1278 3987 1310 4040 ut
1392 4001 1457 4042 oon·

126 4066 296 4141 iunguntur]
316 4068 497 4125 continentur
562 4075 596 4124 ll
616 4065 742 4125 seruiunt
812 4074 844 4124 lb
864 4071 931 4126 ante
950 4088 1058 4140 αροτον
1077 4071 1177 4124 contre
1195 4084 1349 4122 κατεναντι
1423 4073 1457 4123 lb

125 4149 200 4206 citra
218 4168 300 4212 τκτος
318 4148 424 4206 mecum
508 4156 542 4206 ιι
562 4167 596 4206 ex
615 4168 691 4206 κακα
774 4155 809 4206 ιιι
832 4146 917 4224 ἄνευ]
942 4168 1016 4207 αντα
1100 4155 1136 4205 ιι
1161 4148 1259 4204 subter
1285 4163 1337 4204 oso.
1421 4153 1456 4202 ιι

125 4232 343 4302 κροτακιριοτα
415 4231 523 4288 scolam
596 4235 630 4286 tl
651 4248 802 4299 εκτοςορον
877 4237 911 4288 29
931 4231 1165 4302 γνςτηβαοιιικης

217 4372 234 4422 s
253 4365 303 4422 Du
321 4362 633 4438 PnlnPOfflutoNu]
655 4364 764 4422 utare.
775 4384 805 4436 p.
820 4371 906 4434 esni
922 4368 1014 4424 ιιιονι,
1028 4384 1056 4437 p.
1072 4368 1181 4430 senne
1195 4363 1300 4421 Dent.
1312 4382 1342 4436 p.
1353 4371 1456 4434 osopo

163 4447 364 4522 tprsepoaita
390 4445 441 4502 alii
455 4445 547 4527 'parti
569 4445 707 4504 cretionis
730 4447 967 4519 significationem
991 4447 1051 4504 eius
1074 4446 1209 4502 immutet
1226 4449 1278 4502 eut
1296 4447 1456 4519 simplicem

125 4529 222 4587 servet
241 4528 402 4596 manem,
430 4525 597 4599 praeposite
625 4527 688 4584 eliis
716 4528 847 4600 partibus
871 4529 1007 4588 orationis
1025 4527 1263 4600 significationem
1281 4544 1379 4584 earnm
1407 4533 1458 4586 aut

125 4612 221 4667 mutat
238 4611 290 4667 snt
307 4607 432 4681 complet
450 4610 501 4664 eut
515 4608 620 4664 minuit
638 4609 771 4666 Donatus
828 4619 861 4668 tt
881 4610 1108 4685 Praepositioues
1119 4627 1192 4681 quse
1203 4610 1367 4668 accusation
1377 4612 1457 4670 cuni

125 4691 255 4748 ”iniunt
280 4691 335 4748 bne
364 4692 431 4747 sont
450 4719 483 4731 -
502 4695 601 4760 ιιι,1ιι
626 4708 760 4749 reuocare
779 4695 864 4750 codex
884 4693 1066 4750 Monacensis
1085 4698 1138 4749 601
1159 4692 1222 4760 (M)
1296 4697 1457 4764 liupoton

124 4773 193 4830 ante
208 4775 214 4844 Ι
230 4791 384 4830 emesam
403 4771 555 4830 eduenum
570 4777 575 4844 Ι
591 4791 739 4843 sapuisses
753 4771 828 4832 circe
842 4775 882 4832 cis
898 4776 943 4844 M,
962 4775 1011 4832 ubi
1029 4778 1094 4830 onte
1112 4791 1266 4830 κατεναντι
1284 4774 1457 4850 adscriptum
1581 4799 1585 4807 ·

124 4859 165 4912 est
182 4853 285 4910 contra
366 4859 401 4911 ιι
419 4854 450 4911 in
468 4856 520 4911 snb
539 4872 624 4927 super
642 4845 714 4912 subt
727 4855 766 4912 M
