3590 5486
611 263 662 320 Di}
682 260 974 320 OBTHOGRAPHIA
1390 261 1458 328 275

120 373 136 412 p
158 361 220 404 srsr.
235 363 262 404 ss
276 362 301 406 Ρ.

214 447 398 529 intempesta
422 466 482 511 nox
510 459 557 513 est
586 451 682 514 media
713 469 786 535 nox,
814 449 934 532 quando
964 451 1181 532 quiescendum
1212 459 1271 534 est,
1300 449 1371 513 hinc
1401 451 1458 514 uti·
1569 499 1570 502 η

122 576 183 638 que
202 557 295 639 dicta,
314 558 384 639 quia
402 561 585 641 inoportuna
601 569 648 623 est
662 562 774 623 actioni
793 558 989 642 vigilantium.
1014 561 1228 640 tempestivum
1242 562 1323 622 eninr
1339 570 1459 623 veteres

123 663 268 728 dixerunt
291 675 477 748 oportunum
502 679 532 730 et
555 670 800 751 intempestivum
825 670 1044 749 inoportunum
1067 665 1160 729 ducto
1179 685 1195 728 a
1215 677 1353 750 tempore
1372 687 1460 731 voca·

123 772 211 859 bulo,
235 792 295 837 non
319 793 336 837 u
361 774 590 858 perturbatione
615 779 708 860 aeris,
732 795 809 858 quae
829 783 974 840 consuete
1000 782 1165 858 tempestas
1185 785 1317 839 vocatur.
1355 795 1459 858 quum·

95 895 215 962 squam
240 883 298 944 isto
320 881 414 945 verbo
437 882 565 945 licenter
585 891 709 946 utantur
732 883 885 967 historici,
906 892 943 946 ut
961 881 1063 946 dicant
1087 877 1138 946 ‘ea
1158 879 1353 966 tempestate'
1379 884 1461 967 quod

124 988 230 1052 volunt
253 1007 290 1052 eo
309 999 446 1073 tompore
470 988 613 1074 intellegi.
650 993 842 1055 inmaturitas
863 985 1047 1054 nocturnum
1067 998 1186 1074 tempus
1210 999 1271 1075 est,
1294 989 1375 1072 quod
1400 1009 1461 1053 non

125 1107 172 1160 est
200 1108 367 1183 maturum,
395 1097 426 1162 id
455 1108 502 1162 est
530 1109 717 1182 oportunum
741 1109 775 1163 ut
802 1109 909 1181 agatur
932 1099 1044 1182 aliquid
1078 1098 1240 1183 vigilando,
1264 1099 1344 1181 quod
1369 1101 1461 1162 etiarn

124 1205 215 1288 vulgo
244 1207 410 1286 diuisolet
443 1207 516 1270 hora
549 1210 726 1291 inportuna,
760 1228 867 1292 graece
896 1197 1021 1292 ἇωρία,
1050 1203 1208 1290 ‘praeveni
1242 1201 1462 1270 inmaturitate'

126 1309 163 1376 ἐν
187 1304 307 1401 ἄωρίᾳ,
351 1315 427 1379 nihil
455 1335 526 1380 vero
555 1301 684 1380 interest
712 1316 748 1379 ad
778 1317 974 1391 sententiam,
1004 1323 1107 1378 utrum
1136 1317 1342 1379 inmaturitate
1367 1333 1405 1377 an
1429 1317 1460 1378 in

86 1435 112 1476 ιο
126 1423 334 1486 inmaturitate
363 1424 492 1507 dicetur,
520 1444 580 1508 quo
610 1424 700 1488 modo
728 1424 802 1488 nihil
831 1423 936 1500 distat,
964 1433 1067 1487 utrum
1095 1426 1164 1506 quis
1193 1423 1273 1488 dicat
1301 1426 1399 1507 egisse
1430 1443 1463 1486 se

126 1529 239 1612 aliquid
264 1525 448 1614 gallicantu
472 1551 509 1594 an
533 1534 564 1595 in
588 1531 657 1616 galli
682 1541 780 1596 contu.

218 1638 363 1705 luventns
378 1649 409 1704 et
428 1649 570 1705 senectus
588 1639 698 1723 plurali
717 1658 844 1703 nurnero
860 1659 920 1703 non
935 1639 1109 1705 flectuntur.
1141 1643 1258 1706 iuvenis
1274 1649 1305 1703 et
1323 1642 1463 1705 iuvenior

127 1766 187 1810 non
204 1751 358 1831 recipiunt
372 1749 603 1832 superlativum,
619 1751 699 1813 sicut
718 1767 773 1812 nec
790 1768 882 1812 senex
898 1758 928 1812 et
948 1753 1057 1812 senior.
1082 1749 1179 1814 solent
1199 1760 1300 1813 autem
1317 1751 1419 1812 iunior
1432 1757 1464 1812 et

128 1858 233 1918 senior
251 1856 336 1920 adse
355 1859 485 1920 invicem
500 1855 561 1919 dici
580 1859 726 1920 minoret
744 1860 850 1942 maior,
868 1860 926 1920 etsi
945 1867 1054 1920 neuter
1072 1839 1209 1940 ipsorum
1228 1857 1316 1921 senili
1335 1860 1464 1920 accessit

89 1975 113 2018 ¹⁵
128 1972 181 2026 aut
194 1967 411 2048 propinquavit
425 1968 529 2030 aetati:
543 1964 721 2029 Ambrosius
737 1960 877 2029 ‘iunior
892 1977 949 2028 ost
963 1964 1091 2029 herbis
1106 1964 1177 2046 sol,
1191 1966 1315 2028 iunior
1331 1959 1462 2028 laeno’.

220 2071 352 2135 Interior
371 2081 402 2136 et
426 2075 551 2136 intimus
571 2092 631 2136 non
655 2072 767 2137 habent
790 2076 952 2156 positivum
976 2073 1117 2157 gradum,
1142 2073 1268 2136 inierior
1287 2082 1318 2135 et
1341 2073 1463 2136 iniimus

128 2177 278 2242 similiter.

119 2319 122 2326 .
221 2285 325 2369 lpsum
343 2297 454 2352 nerrtro
473 2309 585 2372 genere
605 2291 780 2368 dicendum,
801 2309 861 2354 non
881 2291 985 2374 ipsud,
1004 2300 1038 2354 ut
1061 2289 1134 2352 illud
1154 2299 1185 2352 et
1206 2288 1303 2372 istud,
1322 2291 1465 2371 quoniam

129 2404 251 2457 veteres
275 2398 492 2461 nominativum
517 2398 676 2462 masculini
700 2417 760 2462 non
784 2401 849 2482 ipse
874 2395 1029 2480 dicebant,
1053 2398 1106 2460 sed
1130 2399 1223 2480 ipsus

90 2518 116 2558 eo
223 2502 350 2586 inpingo
375 2505 446 2569 iacit
468 2507 639 2589 perlectum
663 2509 779 2589 inpinxi
804 2516 834 2571 et
858 2507 969 2589 inpegi.

223 2610 368 2676 inmunes
390 2614 519 2696 periculi
543 2624 575 2678 et
597 2618 738 2678 inmunes
762 2633 778 2676 a
802 2613 948 2698 periculo.

223 2716 347 2801 lndigus
366 2729 397 2784 et
415 2723 561 2805 prodigus
580 2740 749 2804 perunum
769 2741 789 2784 u
808 2720 982 2804 scribenda,
1003 2717 1008 2800 Ι
1028 2721 1129 2803 indiga
1148 2729 1179 2784 e't
1201 2721 1327 2803 prodigo
1346 2725 1412 2786 sine
1431 2743 1467 2786 u:

131 2827 321 2908 Augustinus
352 2823 524 2893 ‘avaritia
555 2830 746 2912 pecuniam
777 2837 993 2912 congregat,
1023 2826 1169 2891 luxuria
1203 2831 1360 2913 spargit,
1395 2831 1467 2892 ista

131 2933 258 3016 indiga
282 2945 354 3020 est,
378 2936 444 3000 illa
466 2933 645 3020 prodiga’.

93 3059 143 3126 rs,
226 3041 405 3108 incredibile
434 3046 515 3127 quod
544 3047 626 3110 credi
656 3065 716 3109 non
739 3055 854 3130 potest,
886 3044 1062 3109 incredulus
1086 3047 1138 3126 qui
1162 3045 1288 3107 credere
1312 3063 1372 3108 non
1396 3043 1468 3107 vult.
1526 3089 1530 3096 .

225 3150 260 3214 ln
288 3156 472 3235 praepositio
501 3155 650 3238 signiticat
678 3154 767 3216 modo
795 3154 825 3216 id
857 3153 936 3235 quod
972 3162 1019 3216 est
1046 3151 1130 3214 valde
1159 3161 1190 3215 et
1218 3155 1277 3216 vim
1308 3152 1391 3216 verbi
1418 3155 1469 3214 cui

133 3260 335 3341 praeponitur
358 3271 462 3346 auget,
491 3271 525 3326 ut
552 3265 705 3346 increpuit
732 3263 868 3325 insonuit
899 3262 1037 3344 iniregit3
1065 3259 1155 3322 modo
1184 3259 1265 3322 idern
1288 3261 1370 3342 quod
1399 3279 1469 3343 non,

136 3374 172 3428 ut
192 3365 341 3430 invalidus
360 3370 513 3453 inlirmus;
537 3369 626 3432 modo
645 3371 769 3451 ponitur
793 3387 848 3450 pro
868 3387 904 3431 eo
924 3367 1004 3450 quod
1025 3377 1072 3431 est
1090 3371 1183 3450 inter,
1203 3375 1237 3430 ut
1257 3362 1468 3432 ‘benedicta
1541 3389 1543 3394 ·

135 3483 175 3538 tu
204 3476 240 3537 ln
269 3473 521 3560 mulieribus'3
550 3477 639 3540 modo
667 3495 723 3560 pro
748 3466 907 3557 adversus,
936 3483 971 3538 ut
995 3471 1079 3538 ‘duo
1104 3477 1138 3538 in
1168 3483 1244 3538 tres
1268 3483 1304 3537 et
1333 3485 1409 3539 tres
1433 3479 1469 3539 in

97 3582 229 3646 mduos
254 3579 500 3668 dividentur';
525 3585 613 3646 modo
636 3602 693 3668 pro
717 3585 814 3666 spatio
838 3582 1103 3666 temporali,·cum
1128 3583 1277 3666 significat
1300 3603 1413 3666 usque,
1437 3592 1471 3648 ut

136 3689 267 3752 dicimus
291 3684 320 3751 ‘a
345 3709 431 3754 mane
456 3695 487 3755 in
511 3686 644 3755 noctem’
669 3699 700 3754 et
724 3687 862 3752 volumus
885 3690 1018 3772 intellegi
1043 3685 1211 3771 ‘usquein
1236 3685 1380 3755 n'octem'.

229 3795 361 3860 lnterest
385 3807 415 3862 et
439 3801 534 3863 relert
556 3800 703 3882 products
728 3817 760 3860 re
785 3816 880 3860 unum
903 3798 1043 3880 idemque
1069 3799 1230 3880 significat,
1259 3797 1339 3878 quod
1363 3817 1470 3880 graece

137 3904 251 3968 dicitur
270 3899 440 3990 διαφέρει,
464 3908 653 3988 dicimusque
672 3908 727 3989 ita,
750 3907 879 3968 interest
898 3925 963 3968 mea
983 3915 1014 3968 et
1032 3907 1129 3969 relert
1152 3912 1230 3986 mea',
1256 3907 1384 3969 interest
1406 3909 1472 3970 eius

137 4022 170 4077 et
194 4012 290 4077 refert
312 4013 408 4100 illius,
430 4019 559 4079 interest
583 4024 614 4076 et
636 4015 731 4076 relert
755 4020 872 4094 nostra,
895 4015 1024 4077 interest
1048 4023 1078 4078 et
1102 4015 1196 4077 refert
1219 4013 1349 4077 illorum.

213 4213 326 4290 equis]
342 4201 417 4288 'quse
432 4217 471 4273 M
524 4215 726 4288 oinoportuno
740 4213 849 4272 dictum
865 4214 894 4269 P
947 4215 1034 4272 ducto
1051 4214 1088 4270 M
1104 4213 1181 4270 dicto
1196 4213 1223 4268 L
1278 4213 1432 4271 ulibenter
1447 4213 1476 4270 P

174 4296 361 4370 tempestate]
381 4299 523 4369 tempests
542 4296 571 4351 P
623 4300 639 4351 'l
657 4297 691 4352 nt
710 4297 813 4368 egetur
826 4297 877 4351 snt
895 4295 1005 4367 sliquid
1026 4295 1055 4350 P
1108 4302 1124 4351 8
1144 4295 1201 4352 dici
1219 4295 1304 4368 solet]
1325 4294 1431 4351 dicitnr
1448 4293 1475 4349 L

177 4379 251 4435 hors
268 4377 473 4451 inoportunum
492 4379 521 4434 P
590 4383 606 4434 9
626 4393 694 4433 vero
713 4392 764 4433 om.
785 4375 813 4430 P
884 4381 917 4432 12
937 4377 1072 4433 iuuentus
1091 4377 1165 4433 sicut
1183 4381 1213 4434 et
1231 4377 1360 4432 senectus
1380 4375 1419 4430 M

139 4475 199 4518 non
217 4459 372 4518 flectuntur
392 4461 430 4517 M
450 4459 634 4517 inflectuntur
652 4457 702 4517 Ls
725 4455 852 4512 inflectet
871 4454 900 4509 P
971 4463 1003 4512 13
1022 4473 1074 4513 nec
1093 4472 1145 4512 om.
1166 4457 1205 4512 M
1277 4463 1311 4512 14
1334 4455 1474 4528 ipsorum]

141 4559 240 4600 eorum
255 4543 284 4598 P
336 4548 369 4600 19
388 4541 521 4614 nonipse
536 4539 670 4597 dicebant
684 4537 734 4596 sed
747 4538 837 4610 ipsius
854 4537 951 4594 Pnon
964 4535 1060 4608 ipsum
1074 4537 1208 4594 dicebent
1227 4536 1276 4593 sed
1294 4536 1379 4607 ipsud
1400 4535 1438 4591 M
1462 4608 1464 4614 Ι

141 4631 177 4680 20
195 4623 307 4698 inpegi]
327 4623 439 4696 inpingi
457 4623 486 4678 P
542 4629 578 4678 23
596 4621 749 4694 sugnmmn
770 4617 799 4674 P
859 4617 927 4690 isle]
948 4617 1001 4673 illa
1019 4617 1048 4672 P
1102 4623 1138 4676 26
1156 4618 1187 4674 id
1206 4617 1283 4689 quod
1302 4617 1332 4672 et
1351 4615 1479 4674 nuldeL

142 4705 172 4762 id
190 4707 267 4778 quod
287 4713 307 4763 ἣ
325 4708 370 4764 est
387 4705 473 4763 ualde
493 4705 522 4761 P
540 4709 569 4761 et
588 4702 673 4759 uelde
692 4699 731 4755 M
792 4703 826 4754 ii
846 4697 924 4755 idern
943 4715 994 4755 orn.
1013 4697 1040 4752 L
1103 4703 1137 4753 29
1157 4697 1191 4753 in
1206 4697 1385 4772 mulieribus]
1405 4698 1480 4754 inter

143 4789 278 4846 mulieres
297 4786 327 4843 P
390 4789 424 4843 ut
441 4785 498 4843 duo
516 4785 592 4842 inter
610 4787 669 4842 ires
688 4783 719 4840 in
736 4785 792 4840 duo
813 4781 981 4839 diuiduntur
1001 4779 1030 4834 P
1097 4785 1131 4833 82
1152 4777 1298 4852 idemque]
1319 4777 1395 4836 idern
1417 4779 1446 4834 P

1123 4951 1130 4966 ι
1209 4869 1264 4924 18*
