3616 5482
609 323 659 378 DE
678 323 972 381 ORTHOGRAPHIA
1123 343 1125 348 ·
1417 323 1457 390 91

126 513 364 594 demonstretur,
384 511 456 593 quid
471 521 598 595 propter
612 531 795 576 consensum
812 513 938 576 aliorum
954 514 1218 592 grammaticorum
1235 515 1330 576 reteri
1345 513 1462 574 auctori

11 651 12 668 1
126 624 194 684 iure
218 621 363 684 vindicari
393 623 498 704 possit,
527 630 557 683 et
581 640 658 702 quiae
682 623 727 683 ris
750 621 798 682 his
822 618 930 682 libellis
956 619 1116 682 tribuenda
1141 621 1181 681 sit
1204 619 1240 680 ad
1265 639 1298 682 ea
1324 639 1400 700 oriae
1425 619 1461 682 ab

127 730 193 792 aliis
223 749 259 792 ex
288 728 338 792 illo
367 730 451 792 ionte
480 727 611 791 derivata
642 737 713 792 sunt
737 725 912 809 indaganda.
956 730 986 790 in
1012 728 1143 790 editione
1168 737 1269 791 autem
1293 747 1327 789 ex
1355 746 1461 809 magno

126 855 253 900 numero
277 837 412 900 locorum
438 840 490 919 qui
514 837 574 900 huc
599 840 752 919 pertinent
777 855 829 899 eos
854 835 1015 918 adscripsi,
1047 839 1076 899 iu
1102 836 1213 918 utribus
1238 855 1347 900 nomen
1374 835 1462 917 Capri

124 945 305 1028 appellatum
330 945 446 1008 estrei
470 947 523 1028 qui
547 945 582 1007 ad
608 944 824 1008 emendandam
849 955 880 1008 et
904 947 1148 1010 constituendam
1167 946 1328 1009 lectionem
1349 943 1460 1024 aliquid

124 1055 295 1118 eooienrnt

214 1163 430 1226 Recentiorum
460 1172 562 1226 autem
591 1166 857 1243 grammaticorum
892 1165 1005 1246 studia,
1039 1163 1150 1245 quibus
1185 1164 1253 1227 lihri
1285 1167 1325 1227 ita
1356 1168 1462 1228 mutati

123 1281 209 1354 sunt,
247 1280 281 1334 ut
311 1271 472 1335 admodum
504 1289 599 1354 patrea
631 1291 666 1333 ex
699 1282 801 1335 vetere
833 1271 972 1335 ubertate
1004 1271 1265 1354 relinquerentur,
1297 1291 1365 1334 cum
1397 1272 1462 1336 aliis

122 1379 243 1442 indiciis
267 1390 332 1444 tum
356 1399 392 1444 eo
416 1389 571 1462 apparent,
596 1381 677 1461 quod
702 1384 733 1442 in
754 1378 854 1443 liliello
874 1380 911 1442 de
932 1379 1145 1463 orthographia
1168 1399 1258 1462 saepe
1278 1380 1462 1444 hexametris

121 1487 262 1551 versibus
281 1489 424 1551 adstricta
445 1489 608 1552 traduntur
627 1497 796 1571 praecepta.
830 1488 911 1571 quood
932 1492 1048 1571 primus
1063 1489 1273 1552 Lachmannus
1296 1492 1325 1550 in
1341 1487 1461 1553 Lucret.

122 1617 150 1679 p.
175 1593 241 1660 357
272 1596 490 1660 animadvertit
533 1615 716 1680 quamquam
745 1607 846 1661 autern
870 1600 902 1660 in
926 1595 1012 1660 libris
1037 1616 1128 1661 manu
1152 1600 1278 1680 scriptis
1302 1600 1356 1678 qui
1379 1617 1460 1661 nunc

121 1716 195 1769 sunt
219 1723 310 1768 omne
340 1705 397 1768 hoc
426 1723 569 1768 versuum
599 1707 760 1768 artificium
790 1709 936 1769 omissum
967 1716 998 1768 et
1026 1725 1115 1788 saepe
1145 1709 1235 1768 etlam
1267 1710 1461 1790 transpositis

122 1813 170 1876 vel
195 1816 316 1875 omissis
341 1812 440 1875 verbis
459 1812 593 1876 deletum
613 1824 668 1889 est,
693 1824 793 1877 tamen
814 1817 938 1896 vestigia
959 1833 1157 1877 numerorum
1177 1819 1250 1877 satis
1270 1826 1351 1878 certa
1372 1818 1462 1878 etlam

123 1941 207 1984 nunc
230 1921 335 1985 relicta
360 1931 439 1985 sunt
478 1921 630 2004 equibus
655 1922 729 1984 haec
753 1925 784 1985 in
815 1919 926 2004 quibus
950 1924 1060 2005 integri
1085 1941 1193 1984 versus
1217 1933 1269 1984 aut
1291 1926 1356 2004 ipsa
1381 1924 1461 1985 codi·
1499 1921 1504 1934 '

123 2049 196 2092 cum
219 2033 370 2112 scriptura
395 2033 506 2093 servati
531 2039 617 2093 erant
641 2039 693 2092 aut
725 2029 804 2092 incili
829 2033 1003 2092 coniectura
1028 2033 1150 2093 restitui
1171 2039 1310 2110 poteraut
1330 2031 1366 2093 ad
1390 2051 1463 2094 suos

123 2157 270 2202 numeros
294 2142 444 2224 revocari3
468 2141 498 2203 in
523 2138 596 2220 aliis,
621 2141 651 2200 in
677 2137 788 2219 quibus
814 2157 872 2200 nou
900 2142 997 2201 miuus
1022 2147 1104 2200 certa
1129 2155 1327 2211 numerorum
1352 2140 1461 2202 indicia

122 2255 285 2330 apparent,
313 2247 365 2309 sed
398 2248 434 2310 ad
460 2266 566 2310 versus
591 2247 853 2334 reconcinnaudos
877 2247 924 2308 ael
949 2246 1134 2328 supplendos
1159 2249 1271 2309 maiore
1296 2251 1462 2310 mutatione

122 2375 202 2438 opus
227 2355 293 2438 luit,
316 2357 455 2419 codicum
480 2356 640 2418 lectionem
666 2358 798 2418 retinere
823 2373 913 2436 qnam
939 2358 1064 2418 incertis
1088 2357 1273 2418 coniecturis
1298 2359 1341 2418 uti
1362 2356 1461 2420 malui.

216 2465 301 2546 hpud
317 2445 529 2548 grammaticos
545 2464 698 2527 inierioris
714 2467 820 2526 aetatis
835 2482 895 2526 nou
915 2466 1017 2525 inveni
1038 2463 1145 2525 hornrn
1167 2462 1314 2526 librorum
1335 2467 1462 2528 mentio

123 2591 194 2636 uem
219 2573 327 2636 iactam
351 2591 418 2635 esso
437 2580 507 2635 ente
526 2573 716 2654 Agroeoium,
742 2575 792 2653 qui
814 2576 843 2634 in
864 2574 992 2653 epistola
1013 2573 1048 2636 ad
1069 2571 1254 2635 Eucherium
1274 2575 1460 2654 episcopum,

121 2684 172 2744 cui
198 2699 288 2744 suum
311 2681 423 2744 librum
447 2681 604 2764 dedicarit,
629 2701 656 2762 p.
682 2677 772 2744 2265
796 2680 884 2763 Capri
908 2680 1042 2742 libellum
1067 2680 1105 2741 de
1130 2680 1342 2762 orthographia
1368 2679 1460 2742 abeo

121 2791 158 2852 ad
190 2808 224 2851 se
253 2793 378 2852 missum
407 2808 502 2872 seque
531 2807 565 2850 ea
595 2808 628 2850 re
658 2799 843 2852 commotum
871 2808 938 2851 esse
968 2799 1002 2852 ut
1031 2789 1101 2852 huic
1131 2789 1278 2870 quaedam
1306 2789 1461 2851 adicienda
1536 2782 1567 2841 -'

122 2897 280 2961 subiceret
303 2897 417 2972 scribit
456 2895 640 2961 Eucherium
660 2909 761 2962 autem
782 2901 895 2961 scimus
915 2902 1090 2980 episcopum
1110 2895 1345 2978 Lugdunensem
1366 2897 1460 2959 inisse
1498 2902 1501 2908 '

121 3007 160 3069 ab
185 3025 264 3070 anno
288 3004 355 3070 432
380 3025 477 3088 risque
501 3006 537 3069 ad
562 3023 673 3068 annrrrn
698 3008 762 3068 iere
782 3003 850 3069 450
873 3005 920 3068 ael
944 3001 1019 3068 452.
1059 3005 1094 3066 ad
1120 3007 1299 3086 hgroecium
1324 3006 1391 3068 data
1412 3016 1459 3068 est

120 3114 253 3197 epistula
273 3113 389 3177 Sidonii
408 3113 588 3197 Apollinaris
610 3115 659 3176 Vll
679 3113 700 3179 5
722 3125 796 3199 torm,
820 3133 889 3177 cum
909 3114 958 3176 ille
984 3113 1061 3195 apud
1083 3113 1276 3177 Senouenses
1299 3117 1461 3196 episcopus

120 3234 197 3286 erat.
240 3223 298 3285 hoo
325 3225 418 3305 igitur
446 3232 583 3304 tempore
613 3222 723 3285 librum
753 3226 782 3286 in
816 3223 892 3286 hanc
918 3224 1045 3285 sormam
1070 3241 1147 3303 quae
1171 3222 1279 3285 deinde
1305 3222 1461 3285 codicibus

119 3340 287 3415 propagata
312 3340 359 3394 est
383 3331 539 3394 redactum
565 3350 632 3393 esse
657 3331 838 3413 putabimus.
878 3351 977 3413 neque
1003 3330 1039 3393 ab
1064 3333 1160 3412 ipsius
1185 3331 1327 3394 Eucherii
1352 3330 1461 3394 studiis

32 3467 38 3479 .
121 3439 197 3502 illud
224 3442 380 3519 negotium
405 3439 536 3502 alienum
562 3440 631 3502 luit:
656 3442 687 3502 io
711 3439 819 3520 glossis
844 3440 966 3522 quidem
991 3439 1207 3521 componendis
1227 3450 1258 3501 et
1277 3439 1462 3520 explicandis

122 3568 196 3612 enm
211 3565 336 3631 operam
352 3548 515 3610 collocasse
541 3550 664 3628 scimus,
687 3548 725 3608 cl.
745 3545 827 3609 Pitra
847 3549 944 3628 spicil.
964 3549 1090 3610 Solesm.
1107 3567 1132 3608 v.
1149 3547 1189 3608 lll
1204 3550 1298 3628 prael.
1314 3567 1341 3630 p.
1358 3547 1460 3630 Xl'lll,
1537 3585 1540 3590 ·

120 3657 232 3720 Loewe
257 3656 409 3740 prodrom.
434 3675 516 3737 corp.
541 3653 631 3735 gloss.
655 3654 703 3717 lat
728 3675 755 3738 p.
779 3651 852 3718 170.
898 3655 933 3716 ad
959 3673 1052 3717 rrnrrm
1077 3665 1177 3718 antem
1202 3655 1313 3718 librum
1338 3659 1391 3737 qui
1415 3665 1462 3717 est

121 3765 162 3826 de
183 3765 399 3846 orthographia
413 3783 448 3825 ea
468 3781 559 3845 opera
575 3762 762 3843 pertinebat:
782 3782 850 3826 nam
867 3763 947 3826 bunc
967 3762 1040 3824 dicit
1057 3765 1223 3844 Agroecius
1242 3765 1259 3827 l.
1276 3785 1312 3846 c.,
1326 3767 1460 3828 libellum

124 3875 225 3952 Capri
247 3875 287 3936 de
310 3874 535 3951 orthographia
559 3876 670 3934 misisti
693 3875 776 3953 mihi,
800 3881 830 3934 et
849 3871 957 3933 deiude
978 3873 1052 3933 huic
1071 3891 1147 3950 erpo
1166 3875 1263 3951 Capri
1286 3876 1462 3950 libelloqui

119 3990 170 4043 est
193 3983 233 4043 de
257 3983 482 4059 orthographia
507 3989 537 4042 et
560 3983 599 4042 de
624 3985 820 4059 proprietate
842 3999 882 4042 oc
906 3980 1086 4056 differentia
1110 4001 1283 4044 sernaunum
1308 3984 1461 4058 qutuedarn

119 4091 295 4152 adicienda
318 4089 445 4151 madiaci.
482 4085 598 4150 aBeda
623 4107 755 4170 quoque,
779 4091 831 4171 qui
856 4099 886 4152 et
911 4108 948 4150 en
968 4087 1057 4170 Capri
1080 4099 1110 4152 et
1135 4110 1171 4152 ex
1195 4093 1333 4170 Agroecii
1358 4090 1460 4151 ortho-

18 4187 25 4202 '
119 4197 249 4280 graphia
274 4196 367 4260 multe
391 4199 422 4258 in
447 4212 535 4259 suurn
561 4195 675 4260 librum
700 4199 829 4279 recepit,
858 4201 1007 4260 minorem
1031 4197 1141 4260 librum
1166 4197 1203 4260 de
1227 4198 1328 4261 dubiis
1351 4197 1461 4280 verbis,

38 4299 42 4305 ’
120 4307 183 4367 nisi
212 4323 260 4367 me
291 4303 366 4367 iallit
395 4307 552 4388 memoria,
583 4323 643 4367 nou
674 4307 773 4368 iuveni
805 4315 983 4388 usurpatum
1014 4325 1090 4368 esse.
1131 4308 1213 4370 huuc
1242 4309 1335 4387 igitur
1364 4307 1460 4390 alteri,

120 4413 280 4495 aliquanto
300 4421 477 4495 postquam
504 4415 529 4475 is
554 4415 584 4474 in
609 4413 686 4475 hanc
711 4414 837 4478 iormam
862 4415 1004 4478 redactus
1027 4427 1104 4497 erat,
1123 4415 1273 4479 adiectum
1293 4435 1360 4478 esse
1381 4415 1460 4479 dioe-

121 4541 203 4607 mus,
225 4524 408 4606 pracsertim
432 4540 502 4584 curn
526 4521 621 4584 multo
647 4525 740 4604 magis
765 4527 854 4586 etiam
879 4543 969 4605 quiam
992 4524 1042 4585 ille
1067 4523 1143 4586 alter
1167 4523 1322 4586 mutilatus
1347 4528 1394 4588 sit.
