3602 5482
515 305 520 322 “
598 328 670 390 nne
689 325 942 390 unumunurn
1283 311 1285 316 ’
1367 326 1432 397 377
1516 394 1518 400 .

97 432 232 484 ptest

98 524 216 604 scripta
245 519 462 602 perpendimus
486 541 516 584 ι.
563 525 637 586 ertia
670 525 882 606 grammaticae
915 523 1001 585 initia
1034 520 1071 585 ab
1105 509 1262 588 elementis
1295 528 1435 605 surgunt,

98 631 253 695 elementa
286 629 455 712 lignuantur
491 633 522 693 in
560 631 689 717 litteras,
728 631 845 696 litterae
879 639 1031 713 eoguntur
1062 635 1094 694 in
1126 635 1276 714 syllabus,
1313 629 1436 714 syllabis

99 736 373 821 comprehenditur
401 737 507 824 dietio,
540 740 688 805 dlutienee
716 749 867 824 eoguntur
895 743 927 804 in
955 748 1057 823 partes
1086 744 1244 824 orationis,
1277 743 1373 805 oratio
1402 743 1434 804 in

99 851 234 910 virtutes
258 865 293 910 ac
318 849 388 912 vitia
411 847 576 914 deseendit.

65 1073 99 1118 ι’
583 1044 645 1115 Die
668 1043 953 1115 Accumulssvs

195 1194 347 1259 docentus
376 1205 423 1260 eet
452 1197 542 1259 unius
570 1197 718 1278 cuiusque
747 1195 875 1280 syllabae
908 1197 1051 1278 proprius
1075 1213 1182 1278 sonus,
1214 1214 1304 1278 quem
1329 1193 1436 1258 Graeci

100 1300 305 1390 προσῳδίαν
328 1305 442 1368 dieunt
488 1315 632 1370 accentus
657 1307 743 1388 quusi
767 1314 918 1369 accentus.
965 1313 1110 1369 accentus
1138 1307 1169 1370 in
1198 1323 1306 1387 gruem
1333 1303 1436 1386 lingua

101 1422 176 1476 sunt
200 1412 267 1496 Vll,
290 1416 321 1476 in
345 1412 435 1478 latina
458 1413 491 1498 ll,
514 1425 622 1479 acutus
646 1415 744 1497 gravis
769 1414 982 1479 circumflexus
1004 1415 1113 1498 longus
1142 1414 1251 1478 brevis.
1298 1416 1330 1476 in
1354 1416 1437 1476 omni

101 1534 190 1605 parte
221 1525 366 1587 erationis
398 1522 521 1605 latinea,
553 1525 625 1586 item
659 1533 694 1586 nt
726 1541 865 1605 graecae,
898 1533 949 1586 aut
977 1533 1099 1587 acutum
1128 1534 1181 1587 aut
1208 1522 1436 1587 circumflexum

68 1642 91 1682 ¹⁰
103 1642 268 1696 accentum
288 1634 360 1714 peni
385 1651 508 1696 neeesse
534 1643 594 1717 est,
618 1649 675 1695 nae
699 1630 827 1714 amplius
850 1649 939 1714 qnam
963 1651 1073 1716 unum,
1096 1632 1143 1696 val
1166 1633 1248 1696 hune
1273 1631 1318 1694 rel
1341 1631 1435 1695 illum.

103 1759 173 1804 narn
207 1743 306 1823 gravis
338 1742 463 1823 punitur
495 1744 527 1804 in
564 1738 711 1824 pluribus.
763 1748 871 1804 annius
904 1759 974 1804 eum
1006 1741 1085 1824 apud
1116 1741 1247 1805 Graecos
1280 1743 1338 1804 tria
1370 1739 1435 1803 loca

104 1860 221 1932 teneat,
258 1848 393 1912 ultimam
427 1860 458 1913 et
489 1849 702 1932 paenultimam
736 1857 767 1911 et
800 1851 828 1911 ei
860 1850 1028 1931 proximam
1060 1852 1225 1931 syllabam,
1263 1847 1342 1931 apud
1380 1867 1436 1911 nes

104 1958 225 2022 dnobus
248 1967 367 2022 tantum
390 1958 464 2022 loela
487 1960 561 2041 peni
584 1967 700 2042 polest,
723 1958 754 2020 in
778 1955 974 2041 paenultima,
998 1969 1032 2022 ut
1055 1959 1242 2044 praelegisti,
1271 1959 1377 2021 autin
1401 1975 1437 2019 ea

195 2131 289 2190 Cedet
298 2129 498 2204 Smtpeilmet'r.
520 2138 607 2206 lpnet
615 2132 817 2206 perpendimur
827 2135 991 2205 διαρτωμην
1000 2134 1124 2205 apetium
1133 2139 1192 2190 ecto
1208 2135 1265 2204 fere
1279 2134 1438 2191 litterarum

102 2232 224 2272 νοουυιπ
242 2214 369 2270 relietum
387 2219 434 2272 eat.
508 2213 573 2271 din
592 2214 717 2286 eyllubee
736 2231 788 2272 ern.
868 2217 1023 2272 ducentur
1104 2238 1140 2270 τ
1158 2217 1260 2288 longua
1285 2232 1381 2286 μαπρα
1401 2249 1436 2270 υ

102 2295 200 2353 breuia
281 2300 314 2351 11
334 2297 451 2351 arentur
530 2302 563 2352 12
583 2299 613 2352 ei
630 2295 837 2369 peuenltimnm
916 2296 1059 2370 syllabam
1077 2314 1129 2356 ονι.
1204 2304 1238 2356 id
1257 2293 1437 2370 praelegistis

104 2377 642 2450 είπεπολοοοττπλυε,ιλει”οττλι“ριιο

198 2549 212 2598 1
233 2537 435 2612 perpendimur
455 2542 484 2596 et
502 2541 687 2598 uerlimemnn
706 2541 821 2598 coniecit
839 2541 977 2614 Ηοριπιιο
995 2543 1055 2600 eall.
1075 2543 1169 2602 Diam.
1188 2561 1215 2615 p.
1235 2546 1356 2612 42630,
1374 2558 1438 2614 per-

104 2623 257 2695 pendimur
271 2623 302 2678 ei
314 2619 503 2678 diiudieumna
517 2623 577 2694 ipre
590 2623 756 2679 eonieeernm
830 2629 847 2679 ὁ
861 2622 911 2679 DE
925 2621 1160 2681 Accedamus
1176 2623 1280 2682 Victor.
1291 2642 1323 2697 p.
1332 2625 1438 2692 mae

104 2701 548 2844 ssedgvaep.13⁷29‚12ffiom.p.
568 2708 673 2773 430,29
692 2703 814 2776 Demp.
834 2709 914 2774 3712
940 2704 1018 2778 διες.
1037 2707 1150 2778 expleta.
1174 2707 1207 2762 iat
1228 2706 1305 2764 Dera.
1320 2723 1351 2779 ρ.
1371 2711 1438 2776 524,

104 3026 294 3094 τυποῦνται
327 3025 375 3104 τίς
407 3021 603 3113 γράμματα,
638 3020 680 3094 τὰ
717 3019 897 3112 γράμματα
929 3021 1138 3112 συνᾶγονται
1173 3029 1220 3106 είς
1257 3023 1438 3114 συλλαβάς,

106 3136 331 3220 συλλαβαῖς
359 3129 646 3221 περιλαμβάνεται
679 3131 782 3218 λέξις,
815 3133 853 3200 αί
883 3131 988 3214 λέξεις
1021 3131 1230 3222 συνάγονται
1267 3137 1315 3217 είς
1351 3135 1437 3226 μέρη

105 3240 224 3330 λόγου,
249 3237 267 3309 ὁ
294 3238 332 3310 δὲ
355 3238 456 3327 λόγος
480 3243 528 3322 είς
551 3237 672 3329 ἀρετὰς
693 3240 751 3310 καλ
775 3243 824 3321 είς
846 3237 978 3328 ψόγους
1001 3239 1161 3312 κάτεισιν.

533 3473 649 3536 ΠΕΡΙ
682 3473 1007 3538 ΠΡΟΣΩΙΔῙΩΝ.
1130 3511 1136 3522 ·

39 3613 46 3622 ”
80 3645 94 3686 ι
199 3615 384 3706 Προσῳδία
409 3611 501 3682 ἐστὶν
520 3615 599 3700 μιᾶς
618 3613 775 3700 ἑκατέρας
794 3616 965 3700 συλλαβῆς
984 3617 1073 3692 ίδιος
1090 3611 1209 3700 κύριος
1226 3605 1308 3703 ἦχος
1326 3613 1437 3702 τόνος,

107 3717 149 3790 δν
171 3725 214 3810 τῇ
239 3721 396 3812 ἑλληνικῇ
418 3723 657 3812 προσῳδίαν
680 3722 840 3808 λέγουσιν
863 3723 1038 3790 καλοῦσιν.
1083 3726 1260 3814 προσῳδία
1283 3721 1374 3812 παρὰ
1397 3722 1437 3793 τὸ

105 3826 353 3920 προσᾴδεσδαι.
398 3835 588 3922 προσῳδίαι
612 3831 650 3900 ἐν
673 3832 713 3919 τῇ
739 3831 896 3917 ἑλληνικῇ
920 3827 1051 3919 γλώττῃ
1076 3830 1164 3900 adele
1194 3830 1291 3918 ἑπτά,
1326 3835 1364 3903 ἐν
1395 3837 1436 3923 τῇ

107 3939 263 4028 popular}
285 3939 400 4024 πέντε,
424 3935 516 4022 ὀξεῖα
539 3944 659 4028 βαρεῖα
682 3940 921 4027 περισπωμίνη
944 3936 1056 4027 μακρὰ
1078 3943 1228 4029 βραχεῖα.
1275 3941 1312 4010 ἐν
1335 3941 1438 4010 παντὶ

108 4048 203 4136 μέρει
230 4045 339 4134 λόγου
367 4048 557 4135 ῥωμαϊιιοῦ,
591 4044 716 4137 ὁμοίως
749 4045 860 4138 ὥσπερ
894 4051 956 4117 τοῦ
990 4046 1185 4135 ἑλληνιαοῦ,
1219 4044 1239 4136 ἢ
1273 4043 1387 4131 ὀξεῖαν
1415 4043 1437 4138 ἢ

70 4187 97 4226 ιι
107 4155 371 4246 παρισταμένην
393 4157 592 4248 προσῳδίαν
614 4161 776 4226 τίθεσθαι
798 4154 989 4244 ἀναγκαῖόν
1014 4157 1122 4244 ἐστιν,
1147 4153 1189 4227 οὐ
1211 4164 1330 4226 πλείου
1355 4155 1393 4226 dl
1416 4152 1438 4246 ἢ

109 4269 192 4352 μίαν
219 4257 241 4351 ἢ
269 4262 399 4354 ταύτην
426 4259 447 4354 ἢ
477 4265 611 4352 ἐκείνην
634 4319 642 4335 .
665 4263 686 4353 ἡ
710 4264 774 4355 γὰρ
802 4271 923 4355 βαρεῖα
950 4271 1081 4336 τίθεται
1110 4267 1164 4336 ἐπὶ
1192 4268 1370 4338 πλειόνων.
1416 4263 1438 4355 ἡ

110 4371 202 4456 ὀξεῖα
226 4369 328 4444 ὁπότε
350 4371 441 4463 παρὰ
464 4386 536 4455 τοῖς
550 4369 760 4461 Ἑλληνικοῖς
781 4389 871 4468 τρεῖς
893 4374 1020 4457 τόπους
1040 4381 1122 4463 ἔχει,
1144 4374 1218 4464 τὴν
1241 4381 1438 4446 τελευταίαν

108 4483 164 4552 παλ
188 4479 251 4571 τὴν
274 4484 525 4571 παρατέλευτον
551 4482 608 4552 καὶ
636 4481 699 4571 τὴν
728 4483 833 4574 ταύτῃ
863 4489 1001 4572 ἔγγιστα
1029 4483 1215 4572 συλλαβήν,
1243 4482 1323 4574 παρ’
1354 4481 1439 4574 ἡμῖν

110 4590 174 4662 δύο
198 4590 311 4682 μόνον
334 4591 452 4674 τόποις
479 4597 642 4664 τίθεσθαι
672 4591 831 4682 δύναται,
865 4595 903 4663 ἐν
934 4597 975 4684 τῇ
1009 4591 1243 4685 παρατελεύτῳ
1251 4597 1439 4696 κσυλλαβῇ,

109 4739 327 4752 ¹*-

199 4813 391 4883 λτυλλαβαῖς
404 4827 456 4868 om.
531 4811 725 4882 6προσῳδίαν
740 4827 791 4867 om.
867 4819 900 4868 11
920 4811 1003 4885 μίαν]
1025 4829 1123 4867 reama
1197 4806 1324 4886 ίατίνην]
1341 4829 1438 4868 anatur

148 4897 181 4948 12
201 4910 260 4963 εχει
279 4910 441 4948 τεαειταιον
459 4893 510 4947 nul
527 4911 579 4963 τον
595 4895 788 4962 παρατελευτο

163 5001 326 5035 numum
338 5001 427 5033 urm
441 5001 487 5034 vn.
1188 4987 1223 5039 26
