3616 5482
246 1355 567 1466 recuruum
601 1353 943 1458 olssromur
975 1353 1307 1457 susumus

104 1551 126 1590 p
141 1539 196 1582 ΗΠ
211 1539 238 1580 Ρ.

197 1650 275 1715 Cum
299 1653 380 1716 Inter
400 1671 455 1716 nos
480 1651 549 1715 talia
571 1663 756 1735 gererentur
775 1659 805 1717 'et
824 1652 862 1715 de
882 1651 1142 1736 complexionibus
1161 1651 1366 1736 apostolorum
1387 1669 1447 1714 non

103 1758 188 1822 nulla
219 1770 400 1823 nasceretur
430 1761 575 1845 intentio,
607 1762 745 1826 monachi
776 1763 837 1825 mei
869 1758 969 1823 subito
1001 1760 1130 1824 clamare
1161 1769 1329 1846 coeperunt
1360 1755 1448 1842 ‘quid

102 1869 232 1949 prodest
261 1886 446 1951 cognoscere
475 1887 531 1931 nos
563 1869 608 1932 vel
637 1889 714 1953 quae
743 1872 860 1953 antiqui
887 1870 1028 1932 lecerunt
1055 1869 1102 1932 vel
1131 1888 1166 1932 ea
1194 1888 1272 1953 quae
1301 1869 1448 1950 sagacitas

10 2061 11 2068 ἵ
102 1985 204 2038 restra
228 1975 364 2039 addenda
387 1977 506 2052 curarit
539 1995 629 2040 nosse
657 1977 834 2062 diligenter,
863 1981 889 2040 si
918 1976 1069 2060 quemad
1098 1976 1222 2042 modum
1248 1997 1284 2042 ea
1313 1977 1448 2041 scribere

64 2099 76 2140 s
104 2083 271 2149 debeamus
299 2085 480 2149 omnImodls
509 2082 706 2168 ignoremus?
745 2105 802 2150 nec
832 2089 863 2149 ln
891 2103 964 2148 voce
994 2093 1098 2148 nostra
1126 2105 1290 2168 possumus
1319 2085 1448 2173 reddere

104 2193 186 2276 quod
215 2196 247 2258 lu
276 2197 428 2278 scriptura
456 2195 714 2278 comprehendere
751 2215 811 2259 non
845 2188 1005 2258 ualemus?
1050 2194 1162 2276 quibus
1194 2195 1339 2278 respondi
1370 2194 1445 2257 haec
1483 2210 1487 2218 ·

103 2321 183 2384 quae
207 2303 342 2366 dicerem
366 2302 522 2385 desIgnata
543 2323 611 2368 esse
635 2303 782 2386 quemad
806 2303 930 2367 modum
955 2313 985 2366 et
1009 2301 1142 2386 intellegi
1167 2303 1297 2368 debeant
1321 2313 1352 2367 et
1374 2323 1444 2387 pro·

104 2412 188 2475 lerri.
228 2411 281 2475 sed
305 2411 391 2475 labor
415 2411 502 2476 nobis
526 2414 720 2494 antiquorum
745 2414 867 2474 omniuo
893 2410 1059 2475 servandus
1084 2421 1145 2495 est,
1169 2432 1207 2476 ne
1232 2431 1287 2476 nos
1306 2422 1447 2477 auctores

10 2521 11 2544 l
103 2538 211 2585 earum
236 2539 340 2584 rerum
365 2523 562 2604 mentiamur,
585 2538 716 2604 quarum
735 2538 882 2602 sequaces
902 2539 969 2582 esse
989 2523 1211 2602 cognoscimur.
1235 2531 1266 2584 et
1285 2522 1353 2584 ideo
1373 2522 1448 2584 duo·

10 2661 12 2692 t
65 2645 89 2682 n
105 2627 207 2692 decim
231 2638 391 2694 auctorum
416 2629 561 2712 opuscula
585 2629 764 2693 deducimus
786 2630 818 2690 ln
843 2626 990 2711 medium,
1014 2646 1091 2709 quae
1116 2627 1153 2691 ab
1177 2628 1236 2692 illis
1260 2627 1394 2692 breviter
1417 2638 1448 2692 et

10 2723 11 2768 t
105 2741 231 2821 copiose
250 2737 330 2801 dicte
350 2749 431 2821 sunt,
451 2746 484 2800 ut
505 2748 535 2801 et
554 2756 610 2800 nos
630 2755 664 2799 ea
685 2736 929 2820 compendiosius
949 2735 1085 2800 dicamus
1105 2746 1171 2800 eta
1190 2739 1300 2821 priscis
1314 2740 1444 2801 auctori-

104 2845 163 2908 bus
192 2847 258 2908 sine
286 2849 440 2910 rarletatis
469 2846 570 2911 studio
600 2846 680 2910 dicta
708 2844 897 2931 recolantur,
925 2855 1075 2930 qttatenus
1099 2857 1130 2909 et
1158 2845 1242 2909 robis
1272 2845 1447 2928 plenissime

104 2956 282 3018 satisfacere
302 2954 457 3019 uideamur
481 2965 513 3018 et
536 2957 715 3019 auctoritate
740 2957 826 3018 ilrma
846 2957 886 3019 sit
909 2955 1029 3039 relatio,
1053 2973 1144 3037 quam
1164 2953 1324 3018 duodecim
1344 2965 1446 3018 aucto·

104 3083 174 3126 rum
199 3073 301 3128 textus
325 3065 467 3128 insinuat.
505 3066 564 3126 lam
588 3073 708 3145 tempus
733 3074 781 3127 est
805 3072 838 3127 ut
861 3065 956 3127 totius
979 3064 1081 3145 operis
1101 3064 1198 3127 nostri
1219 3061 1446 3126 conclusionem
1483 3079 1489 3092 ·

65 3185 89 3226 ¹⁵
105 3173 206 3234 lacere
235 3172 415 3257 debeamus,
444 3182 479 3236 ut
505 3171 614 3236 melius
644 3173 675 3234 ln
706 3173 805 3234 animo
834 3171 1040 3235 recondantur
1069 3189 1145 3254 quse
1174 3174 1345 3254 septenaria
1376 3189 1446 3233 con·

104 3279 242 3344 clusione
266 3280 408 3344 distincta
432 3289 512 3344 sunt.

123 3492 126 3498 ‚
199 3457 227 3511 A
247 3457 333 3514 eadee
351 3455 546 3514 Bruxeliensis
564 3460 639 3512 9531

197 3537 227 3592 B
245 3539 330 3596 eodm
349 3536 502 3594 Bernensr's
520 3541 577 3594 330

201 3617 325 3676 Credere
344 3619 518 3676 Colonr'enn's
536 3622 575 3674 83

200 3699 237 3756 bc
255 3701 381 3757 codicione
416 3699 476 3756 BC
493 3701 657 3756 correctores

199 3783 378 3854 ssort'ptttra
401 3782 467 3838 olr'rn
489 3781 606 3852 rrdpmo
628 3795 663 3836 ec
691 3777 812 3834 editione
830 3775 968 3834 Parisino
986 3783 1107 3834 a.1579
1130 3783 1156 3834 ei
1179 3794 1213 3834 ex
1236 3779 1356 3836 editione
1374 3779 1446 3835 Ant·

235 3863 374 3933 mrpr'etar‘
391 3861 425 3920 L.
446 3859 741 3918 Carrionr‘sn.1579.
775 3874 807 3914 ea
826 3875 896 3930 gnae
916 3858 1050 3914 Carrionr'
1067 3859 1214 3929 debmtrer,
1236 3861 1287 3917 eor
1305 3876 1375 3932 optes
1393 3876 1449 3917 eece
1535 3897 1538 3902 -

234 3941 506 4014 nmomnrsrpetne
523 3941 634 3996 nornr'ne
653 3937 796 4010 adscripto
814 3939 944 3996 lndlcma
961 3946 1028 3998 stent
1657 3935 1661 3942 '

199 4023 348 4082 Heremo
370 4039 405 4080 ea
428 4021 519 4078 codiee
540 4020 676 4077 Parisino
696 4023 769 4075 7495
787 4017 886 4090 (Por.)
909 4026 934 4078 et
952 4039 987 4080 ec
1005 4023 1097 4080 codice
1113 4022 1254 4080 Bernensa'
1272 4029 1330 4081 243
1352 4039 1447 4095 pauco

235 4105 381 4176 adscripto
398 4107 465 4162 sunt

199 4190 308 4264 trtct'F.
319 4190 374 4262 ᾗ.
386 4197 608 4261 CASSIODORI
623 4197 833 4258 SENATORIS
848 4203 875 4258 A
890 4200 1102 4259 PRAEFATIO
1119 4201 1320 4260 CASIODOIII
1335 4203 1445 4260 SENA·

105 4284 217 4343 TOBIS
247 4286 272 4343 C
299 4283 439 4342 INCIPIT
468 4280 665 4338 PROLOGUS
695 4280 915 4340 CASSIODOIII
944 4282 1152 4342 ssunuouts
1181 4283 1302 4341 SUPER
1331 4283 1446 4340 OR'IO·

105 4365 307 4424 uenenum
330 4367 380 4424 AB
403 4363 485 4422 IPSO
510 4361 561 4419 Ex
584 4361 762 4428 ANTIQUIS
787 4363 1012 4422 COLLECTAII
1030 4365 1060 4420 B
1083 4367 1182 4440 Magni
1205 4365 1316 4422 Aurelii
1335 4365 1445 4422 Cestio-

106 4447 170 4506 dori
188 4447 335 4506 Senatorio
353 4447 385 4504 ln
404 4444 640 4519 orthographiam
659 4445 802 4518 pmeieIIo
822 4447 922 4504 Canto
988 4453 1005 4503 2
1025 4464 1082 4504 non
1100 4449 1161 4506 ulls
1177 4448 1207 4503 B
1225 4499 1226 4504 ,
1269 4453 1287 4504 t
1305 4462 1340 4505 es
1356 4451 1445 4518 poete-

105 4533 180 4586 rr'ore
198 4529 258 4586 loco
276 4543 328 4585 ont.
347 4527 415 4586 Ac.
473 4526 717 4600 eigamma
784 4529 893 4603 nmina]
913 4545 980 4586 nm
1000 4529 1027 4584 A
1102 4527 1227 4602 dqnod]
1243 4543 1317 4598 quse
1335 4527 1395 4584 AO

106 4617 121 4668 't
142 4610 272 4668 dicerent
290 4626 308 4671 s
398 4613 553 4668 emente
571 4609 600 4664 A
690 4615 706 4666 9
731 4627 852 4681 querum
872 4626 1008 4681 sequaces
1027 4608 1077 4668 ςΒ
1104 4609 1154 4681 qui
1180 4625 1315 4681 eequseee
1334 4609 1393 4666 AC

107 4691 319 4765 assensistis]
339 4691 507 4759 sementim
527 4693 555 4747 A
626 4695 659 4747 to
679 4691 864 4748 recordentur
882 4691 911 4746 B
978 4697 1010 4747 to
1030 4688 1168 4746 distinctu
1186 4692 1252 4746 suni
1270 4689 1443 4748 EXPLICIT

105 4771 321 4828 PRAEFATIO
340 4771 479 4829 INCIPIT
498 4769 646 4828 TEX'I'US
666 4771 778 4828 HUIUS
798 4772 867 4829 Post
881 4775 908 4827 A
928 4771 1064 4828 distincto
1081 4773 1149 4827 strui
1168 4769 1340 4828 EXPLICIT
1359 4772 1443 4830 Pnu-

106 4850 217 4908 PA'I'IO
238 4850 308 4908 Post
326 4852 354 4908 B
373 4852 510 4910 distiucto
528 4853 595 4910 sunt
612 4850 706 4908 ITEM
728 4851 816 4908 ALIA
836 4853 848 4907 I
867 4852 1022 4922 Postqucm
1043 4853 1067 4910 C
