3590 5486
345 316 414 385 224
951 313 1076 376 ΒΕΒΔΕ

341 506 455 569 librum
474 507 580 570 eodem
601 506 704 591 modo,
728 525 788 589 quo
808 523 890 570 nunc
912 507 944 568 ln
964 522 1055 568 manu
1076 506 1197 586 scriptis
1216 501 1372 568 codicibus
1396 504 1504 585 iertur,
1528 503 1678 584 scriptum

342 613 487 699 habebat,
510 615 639 696 plurima
662 618 779 698 recepit
801 625 833 679 et
856 615 995 697 Agroecii
1018 621 1179 698 praecepta
1204 611 1314 678 ordine
1340 612 1510 676 litterarum
1534 610 1683 693 disposita

299 723 306 730 ’“
345 723 410 787 iere
434 725 535 787 omnia
563 727 595 788 in
624 743 714 789 suurn
742 723 854 788 librum
883 722 1047 788 transtulit.
1084 722 1144 787 huc
1168 722 1286 786 accedit
1310 739 1435 804 magnus
1459 737 1608 784 numeros
1632 717 1684 780 ad·

346 834 536 896 notationum
565 851 642 915 quae
671 834 702 896 ln
732 831 912 896 deliniendis
940 833 1122 896 differentiis
1149 831 1365 897 vocabulorum
1394 829 1440 895 rel
1473 830 1684 894 elocutionum

345 939 454 1003 similia
478 940 713 1023 significantium
737 950 910 1025 versentur,
935 959 1063 1024 quarum
1087 940 1315 1006 adnotationum
1338 958 1410 1023 pars
1429 957 1511 1004 nunc
1534 939 1628 1002 etiarn
1652 939 1684 1000 in

345 1047 433 1112 libris
452 1048 490 1112 de
510 1048 690 1113 differentiis
709 1052 762 1133 qui
781 1069 872 1114 manu
892 1053 1015 1132 scriptis
1033 1049 1121 1113 libris
1141 1049 1243 1114 traditi
1262 1058 1335 1113 sunt
1353 1050 1516 1112 invenitur.
1549 1065 1584 1110 ea
1605 1064 1684 1128 miae

346 1157 384 1220 de
409 1157 538 1220 dirersis
566 1157 837 1241 significationibus
865 1158 950 1222 verbi
977 1177 1048 1223 sero
1077 1159 1190 1241 scripta
1214 1168 1286 1222 sunt
1313 1177 1341 1237 p.
1366 1154 1453 1222 2801
1483 1157 1629 1240 leguntur
1653 1157 1684 1218 in

348 1265 609 1347 explanationibus
629 1265 737 1330 Donati
754 1283 880 1348 gramm.
901 1266 949 1328 lat.
964 1286 991 1328 r.
1005 1265 1044 1329 iv
1062 1285 1090 1348 p.
1107 1264 1187 1349 542,
1202 1263 1260 1348 24,
1279 1283 1461 1348 quamquam
1481 1283 1550 1327 eum
1570 1263 1685 1326 librum

346 1374 413 1438 aliis
433 1373 507 1438 locis
526 1393 542 1436 a
562 1375 643 1438 Beda
662 1374 829 1438 adhibitum
848 1393 916 1438 esse
936 1393 997 1438 non
1017 1377 1127 1438 inveni.
1158 1353 1211 1436 aed
1230 1373 1274 1437 lili
1293 1376 1325 1436 in
1343 1373 1399 1436 hac
1419 1383 1504 1456 parte
1524 1379 1685 1455 praeterea

346 1491 449 1566 parata
480 1485 606 1546 luerunt
636 1482 796 1565 glossaria,
826 1464 1001 1564 inquibus
1031 1501 1101 1546 cum
1133 1482 1234 1546 ittinls
1264 1480 1366 1544 serbis
1396 1481 1563 1563 compositu
1597 1489 1687 1543 erant

347 1607 469 1674 graeca,
497 1609 514 1653 e
543 1590 654 1673 qulbus
683 1611 734 1655 eas
763 1594 955 1674 potissimum
984 1591 1194 1682 adnotationes
1222 1575 1351 1673 recepit,
1386 1588 1498 1672 quihus
1526 1587 1686 1670 complura

347 1698 438 1762 rerba
467 1699 571 1784 latina,
601 1709 636 1764 ut
664 1719 712 1770 ea,
728 1718 789 1764 non
818 1701 936 1764 diverse
965 1719 1032 1764 esse
1064 1700 1283 1783 significatione
1312 1697 1450 1782 doceret,
1483 1717 1545 1762 uno
1573 1715 1686 1779 graeco

347 1805 433 1869 reddi
466 1806 578 1871 docuit.
616 1826 689 1871 num
713 1807 932 1892 orthographos
956 1828 973 1871 a
997 1808 1373 1890 Cassiodorio·excerptos
1401 1805 1541 1870 hahuerit
1567 1805 1686 1870 dubito.

349 1933 419 1978 nam
443 1923 474 1978 et
496 1933 592 1998 pauca
616 1925 688 1979 stant
712 1933 789 1998 quae
813 1916 873 1980 huc
898 1917 1007 1980 reierri
1031 1919 1149 2000 possint
1174 1926 1204 1980 et
1227 1919 1269 1978 ita
1293 1925 1479 1998 comparata,
1506 1925 1541 1978 ut
1564 1932 1601 1976 cx
1627 1913 1685 1976 aiio

348 2025 450 2105 potius
479 2024 562 2087 ionte
591 2024 752 2088 rideantur
778 2025 873 2106 petita
901 2043 981 2106 esse,
1016 2044 1046 2107 p.
1073 2021 1161 2088 2797
1188 2028 1383 2105 praestolari
1409 2022 1475 2086 coll.
1504 2041 1570 2117 exc.
1599 2022 1684 2084 Curi.

350 2131 445 2194 Valer.
469 2152 498 2214 p.
525 2129 598 2216 157,
622 2130 680 2216 22,
710 2152 738 2216 p.
762 2129 852 2196 2804
880 2151 977 2212 urgeo
1006 2132 1073 2200 coll.
1097 2153 1160 2197 exe.
1183 2132 1284 2216 Papir.
1311 2153 1341 2215 p.
1367 2129 1445 2214 164,
1469 2128 1512 2194 22
1542 2139 1573 2194 et
1602 2130 1685 2194 deb

283 2273 292 2294 ι
349 2249 380 2302 et
404 2259 422 2300 v
445 2240 556 2304 litteris
579 2244 611 2304 in
634 2261 660 2304 u.
685 2244 795 2304 dalaiae
821 2262 849 2324 p.
874 2240 977 2325 2779,
1006 2245 1160 2330 excubiae
1183 2250 1214 2306 ei
1237 2245 1371 2305 exuviae
1397 2258 1427 2322 p.
1451 2236 1554 2322 2785,
1582 2243 1683 2302 libidi-

353 2367 459 2426 nosus‚
483 2352 611 2432 lividus,
635 2351 726 2412 larba
749 2368 777 2431 p.
797 2347 897 2434 2789,
920 2329 1035 2414 verbex
1053 2371 1081 2434 p.
1102 2348 1204 2434 2804,
1227 2369 1304 2433 quae
1323 2352 1355 2414 in
1374 2349 1509 2431 hlartyrii
1532 2351 1686 2430 excerptis

224 2527 233 2539 .
351 2465 476 2520 tractata
502 2465 581 2520 serni.
619 2464 736 2520 restant
760 2475 854 2538 pauca
879 2477 969 2541 quae,
994 2458 1120 2521 camah
1144 2457 1368 2539 antiquioribus
1389 2455 1566 2520 auctoribus
1590 2459 1685 2537 petita

350 2565 425 2648 sint,
449 2583 530 2627 nunc
554 2563 634 2645 apud
658 2563 732 2627 aiios
755 2569 981 2649 grammaticos,
1005 2566 1086 2648 quod
1111 2569 1217 2650 sciant,
1249 2583 1311 2630 non
1335 2559 1501 2648 leguntur,'
1521 2567 1552 2626 in
1577 2566 1685 2645 primis

350 2671 439 2754 haec,
463 2692 491 2756 p.
506 2669 596 2736 2780
615 2675 707 2751 cupio
727 2682 758 2735 et
781 2693 808 2754 p.
824 2671 914 2738 2782
938 2678 1037 2737 clamo
1057 2693 1127 2738 cum
1151 2673 1297 2756 exemplis
1316 2673 1473 2736 Ciceronis
1496 2681 1527 2734 et
1549 2691 1579 2753 p.
1592 2668 1684 2736 2802

348 2763 477 2859 'torques
496 2799 565 2844 cum
585 2780 731 2863 exemplis
750 2780 827 2844 Livii
846 2790 877 2845 et
896 2781 1060 2845 Ciceronis.
1099 2802 1133 2846 ea
1153 2801 1224 2846 veru
1244 2801 1321 2864 quae
1345 2784 1410 2864 lpse
1430 2779 1511 2844 Beda
1534 2779 1583 2842 his
1607 2799 1684 2862 quae

351 2887 388 2949 ah
412 2889 635 2970 antiquioribus
654 2900 813 2972 acceperat
831 2890 945 2954 addidit
968 2893 1000 2954 in
1019 2909 1159 2955 sermone
1184 2889 1332 2955 librorum
1354 2907 1511 2952 sacrorum
1535 2897 1566 2952 et
1589 2891 1685 2971 scrip·

223 3090 225 3094 .
352 3006 453 3059 torum
485 2996 774 3081 ecclesiasticorum,
805 3017 936 3081 quorum
966 3000 1102 3082 exempla
1133 3001 1286 3083 apposuit,
1321 2999 1489 3062 versantur.
1540 2996 1615 3060 haec
1648 2997 1685 3060 de

352 3105 528 3170 auctoribus
547 3105 658 3187 quibus
676 3106 756 3169 Beda
776 3125 850 3170 usus
865 3115 912 3169 est
931 3106 1064 3171 breviter
1083 3108 1195 3171 dixisse
1215 3125 1297 3170 nrrnc
1311 3107 1450 3170 sulliciat.
1479 3125 1547 3168 nam
1562 3124 1685 3168 accura-

353 3216 414 3276 tius
433 3233 468 3276 ea
488 3214 524 3276 de
544 3233 578 3276 re
603 3233 749 3297 quaerere
770 3225 801 3278 et
822 3215 904 3279 unde
929 3216 1062 3297 quidque
1086 3219 1216 3297 petitum
1236 3217 1275 3278 sit
1299 3214 1443 3298 indicare,
1466 3215 1502 3278 ad
1525 3215 1686 3278 historiam

352 3321 474 3404 quidem
495 3330 632 3387 veterum
655 3328 921 3406 grammaticorum
944 3343 1001 3406 per
1025 3325 1157 3387 inilmam
1177 3333 1304 3388 aetatem
1328 3323 1490 3386 latinarum
1513 3323 1686 3385 litterarum

352 3432 593 3513 persequendam
613 3432 693 3496 haud
712 3433 818 3497 inutile
838 3444 898 3516 est,
923 3441 1059 3496 ceterum
1078 3432 1115 3495 ad
1135 3451 1186 3495 res
1205 3450 1282 3513 quac
1306 3439 1475 3495 tractantur
1493 3429 1686 3514 explicandas

353 3557 430 3622 opus
454 3559 521 3603 esse
545 3559 606 3604 non
630 3540 796 3605 ridebatur.
1468 3585 1471 3592 ·

444 3648 544 3712 hlium
572 3649 614 3712 de
642 3649 907 3732 orthographia
935 3648 1071 3712 librum
1094 3647 1258 3714 Putschius
1286 3670 1314 3732 p.
1340 3645 1428 3713 2327
1444 3667 1507 3731 sqq.
1540 3646 1686 3711 ecodice

352 3756 523 3840 bongarsii,
552 3761 605 3839 qui
633 3777 715 3822 nunc
739 3767 785 3822 est
808 3757 972 3822 Bernensis
997 3755 1078 3842 338,
1105 3761 1223 3840 primus
1247 3758 1341 3822 edidit
1364 3767 1395 3820 et
1423 3776 1478 3840 pro
1503 3776 1539 3820 eo
1562 3756 1600 3819 de
1625 3775 1686 3838 quo

353 3863 442 3927 modo
462 3864 523 3928 dixi
538 3865 635 3929 Bedae
652 3870 772 3930 nomine
793 3869 957 3950 inscripsit.
986 3886 1056 3931 nam
1071 3886 1140 3930 cum
1159 3866 1241 3930 illius
1255 3868 1368 3930 codicis
1383 3869 1535 3949 scriptura
1549 3865 1688 3928 Putschii

353 3974 445 4037 editio
469 3976 510 4036 ita
534 3977 700 4059 consentit,
723 3985 757 4038 ut
780 3975 914 4039 dubitari
937 3985 1069 4057 nequeat
1092 3977 1166 4056 quin
1186 3995 1223 4039 ex
1243 3995 1278 4038 eo
1303 3995 1446 4058 expressa
1470 3977 1516 4039 sit
1556 3973 1687 4038 eundem

355 4081 466 4146 librum
491 4093 596 4166 postea
619 4081 789 4147 Frobenius
813 4103 874 4148 non
898 4086 1018 4166 cognita
1041 4083 1178 4147 Putschii
1201 4084 1334 4148 editione
1355 4103 1391 4147 ex
1411 4083 1515 4148 codice
1536 4083 1686 4146 Salishnr·

354 4195 440 4274 gensi
459 4191 554 4255 edidit
572 4195 603 4256 in
622 4192 741 4255 Alcuini
760 4191 905 4274 operibus
923 4211 949 4253 v.
968 4191 994 4254 ll
1013 4211 1041 4274 p.
1057 4189 1122 4256 301
1139 4212 1204 4274 sqq.
1242 4211 1302 4275 qua
1325 4192 1363 4255 de
1387 4211 1420 4254 re
1444 4195 1475 4254 in
1499 4191 1687 4272 praefatione

353 4301 371 4363 l.
398 4321 424 4364 c.
454 4300 561 4365 scribit
588 4300 677 4383 haec,
705 4293 847 4364 ‘Beatum
874 4299 1035 4363 diculnum
1064 4300 1101 4362 de
1131 4298 1353 4382 Orthographia
1381 4301 1539 4381 scripsisse
1573 4297 1686 4360 diserte

356 4419 484 4472 testatur
507 4413 584 4473 ritae
608 4409 689 4472 illius
713 4411 852 4491 scriptor.
890 4407 1029 4471 similiter
1047 4409 1234 4472 Trithemius
1258 4407 1325 4472 lihr.
1345 4407 1386 4470 xi
1410 4407 1446 4470 de
1468 4407 1538 4468 viris
1562 4404 1686 4469 illustri·

355 4516 412 4580 hus
437 4515 471 4580 0.
492 4517 522 4580 S.
541 4517 614 4581 Ben.
639 4537 704 4600 cop.
724 4515 825 4579 xxvi.
850 4524 880 4578 et
905 4515 1031 4580 loannes
1055 4516 1164 4580 Balcus
1187 4515 1300 4599 lugius
1325 4525 1402 4579 cent.
1419 4511 1468 4577 xi.
1489 4516 1593 4594 script.
1613 4511 1687 4576 Brit.

337 4627 436 4687 'inter
460 4645 552 4708 opera
574 4625 693 4689 Aletrini
717 4634 878 4688 recensent
902 4624 1013 4689 librum
1037 4605 1193 4690 unorna‘de
1219 4623 1448 4706 Orthographie.
1490 4620 1592 4685 Latuit
1614 4640 1687 4684 rero

356 4732 413 4795 hoc
432 4737 581 4817 scriptum
599 4753 705 4798 omnes
724 4737 815 4798 etiam
835 4732 1049 4798 solertissimos
1069 4733 1320 4798 bibliothecarum
1339 4741 1476 4795 veterum
1501 4739 1688 4794 scrutatores

356 4842 393 4905 ad
416 4841 473 4904 hoc
497 4862 593 4925 usque
619 4854 755 4928 tempns3
779 4863 836 4906 nec
860 4862 937 4924 quae
961 4843 1042 4904 illius
1067 4845 1175 4927 forma,
1195 4842 1354 4907 methodus
1374 4849 1426 4904 aut
1445 4837 1578 4904 conditio
1598 4849 1688 4923 esset,
