3610 5482
599 325 649 382 on
670 277 967 386 carucatarum
1384 329 1449 415 ,23

107 444 129 484 p.
142 430 199 474 2238
212 430 241 472 1².
279 461 284 469 .
481 468 486 476 ,
1284 481 1285 484 ¹

107 515 294 600 nusquamy
314 514 416 579 littera
436 513 622 598 praecedens
642 513 762 578 exiliter
781 509 972 599 enuntietur,
994 525 1028 579 ut
1045 515 1163 599 hypnos
1183 516 1310 601 hymnos
1329 515 1450 600 hyacin-

109 626 192 690 thos:
214 627 256 688 ita
278 627 353 688 satie
374 644 431 709 per
453 644 486 688 se
508 627 637 706 positam
659 627 874 707 aspirationem
896 626 943 687 aui
965 623 1133 710 declarare,
1152 629 1211 690 nisi
1232 629 1338 710 opicus
1362 627 1450 710 legat.

109 733 223 817 quihus
236 736 373 817 primum
389 733 462 798 illud
478 732 708 816 respondemus,
727 746 753 796 fl
768 742 798 794 ct
813 751 881 796 esee
896 733 1073 806 litteramct
1087 734 1166 818 apud
1181 729 1313 798 Graecis
1328 755 1450 818 quoque

111 846 220 928 luisse,
244 843 517 926 qood-significant
532 842 633 924 Attici,
657 842 707 922 qui
733 840 922 924 principibus
945 841 1069 929 titteris,
1091 864 1107 906 a
1132 843 1243 927 quibus
1268 863 1374 908 eorum
1398 863 1451 906 no·

81 954 191 1016 smine
216 953 378 1036 incipiunt,
402 967 547 1014 numeros
566 957 706 1012 nountes
726 948 782 1012 hac
802 967 924 1032 quoquc
944 953 975 1013 in
995 949 1101 1014 eadem
1119 953 1338 1034 significatione
1359 931 1449 1016 utm-

112 1069 175 1124 tur.
215 1079 285 1123 nam
305 1063 447 1144 quotiens
465 1078 561 1123 uuum
580 1055 801 1135 notantfloitu
820 1056 950 1122 litteram
969 1070 1096 1140 ponunt,
1120 1064 1263 1143 quoniam
1283 1061 1362 1145 apud
1382 1060 1450 1124 illos

108 1189 168 1252 pro
187 1169 250 1252 μία
270 1178 300 1232 et
319 1170 355 1232 lc
374 1166 496 1253 dicitur,
515 1166 607 1232 ΔΥΟ
626 1167 668 1246 Δ,
694 1165 785 1232 ΤΡΙΑ
804 1164 844 1231 Τ;
869 1169 913 1230 sic
933 1176 963 1229 et
984 1164 1179 1251 ΗΕΚΑΤΟΝ,
1200 1168 1230 1232 id
1251 1178 1449 1248 calcantem,

112 1277 138 1342 Η
165 1277 267 1340 littera
291 1285 405 1339 notam.
444 1275 553 1338 deinde
577 1276 658 1357 quod
684 1278 715 1338 in
739 1277 845 1337 ordine
870 1273 1042 1337 litterarum
1067 1274 1147 1338 ncilla
1172 1285 1242 1339 nota
1266 1276 1324 1341 sihi
1348 1277 1448 1342 locum

110 1384 260 1468 vindicet,
289 1403 359 1448 cum
382 1385 403 1447 h
427 1394 532 1447 octavo
556 1384 624 1447 loco
653 1386 751 1466 posita
776 1385 824 1446 sit.
872 1385 1012 1463 sequitur
1040 1382 1120 1464 quod
1150 1403 1233 1447 more
1263 1386 1448 1469 reliquarum

72 1511 96 1548 ιι
110 1493 285 1557 litterarum
304 1492 325 1555 h
344 1486 465 1576 quoque
487 1502 601 1556 mutato
620 1493 727 1556 ordine
747 1491 820 1554 alias
838 1499 929 1573 atque
949 1489 1022 1554 alias
1044 1493 1154 1556 elliciat
1173 1503 1348 1578 potestates,
1368 1495 1449 1578 quod

110 1611 202 1665 notae
222 1621 283 1664 non
303 1601 410 1668 valent.
447 1612 478 1665 et
502 1605 593 1667 sicuti
612 1621 645 1664 aa
665 1611 695 1666 et
714 1621 746 1664 sa
766 1599 853 1664 aliam
874 1619 978 1664 rocem
997 1610 1028 1665 et
1047 1602 1135 1665 aliam
1155 1603 1292 1668 alliciunt
1315 1612 1446 1687 potesta·

110 1721 174 1775 tem
194 1711 281 1774 etad
302 1718 333 1774 et
351 1711 398 1796 da,
422 1713 462 1774 ita
482 1720 513 1775 ct
531 1711 570 1774 ha
588 1721 620 1775 et
639 1711 685 1776 ah.
721 1719 881 1794 praetcrea
900 1711 980 1792 quod
1002 1710 1113 1776 litteris
1132 1712 1322 1796 principibus
1340 1713 1447 1778 dictio·

111 1839 186 1884 num
213 1820 330 1902 singula
353 1822 475 1884 nomina
499 1830 552 1885 aut
575 1819 666 1904 rerha
694 1819 985 1905 conprehendimus,
1009 1830 1044 1885 ut
1067 1839 1137 1884 cum
1161 1821 1322 1886 scribimus
1346 1835 1392 1885 nr
1417 1831 1448 1886 et

110 1949 177 1992 reru
205 1926 358 2012 publicam
387 1933 614 2009 siqnificcmeu,
642 1933 683 1995 ita
712 1939 743 1994 et
767 1946 792 1994 Η
820 1949 876 2014 per
905 1949 952 2014 se,
980 1949 1061 1994 cum
1078 1929 1134 1993 hac
1162 1929 1227 2014 lege
1257 1941 1287 1994 et
1315 1931 1371 1994 hac
1399 1931 1448 1996 dle
1534 2007 1538 2015 ,
1623 1953 1627 1962 ·

75 2052 98 2091 ¹⁵
112 2039 320 2121 significamus
340 2047 371 2102 ct
389 2037 495 2102 horam
515 2043 635 2103 tertiam
655 2039 830 2102 heredesve.
868 2047 1005 2102 exuemo
1025 2039 1105 2122 quod
1126 2041 1284 2122 proprium
1303 2048 1351 2103 est
1369 2040 1448 2104 litte·

112 2166 217 2210 rarum
243 2145 354 2230 [quod]
379 2151 607 2232 propinquitate
634 2151 743 2211 sociari
767 2156 799 2211 et
821 2151 951 2211 invicem
980 2148 1160 2231 succedere,
1189 2157 1221 2210 ut
1246 2167 1316 2211 cum
1339 2148 1449 2212 Fusios

7 2255 8 2278 l
112 2257 223 2320 Furios
246 2256 377 2320 dicimus
401 2267 432 2320 ct
456 2256 581 2321 seddam
604 2256 722 2320 sellam:
745 2258 788 2319 ita
807 2273 877 2318 cum
900 2255 922 2318 h
945 2256 1081 2320 eiusdem
1105 2259 1145 2320 sit
1168 2254 1334 2334 facultatis,
1362 2259 1448 2321 nimi·
1554 2243 1558 2300 7

7 2387 8 2406 ι
112 2385 184 2429 rum
208 2365 285 2429 hacc
310 2384 431 2448 quoque
455 2365 556 2430 littera
580 2375 636 2449 est,
659 2364 740 2448 quod
765 2382 834 2427 cum
857 2364 871 2424 l
891 2367 1020 2427 invicem
1040 2362 1110 2446 [ita]
1136 2375 1278 2449 mutatur,
1302 2375 1449 2447 utquam

114 2493 170 2538 nos
195 2473 295 2538 labam
319 2474 450 2539 dicimus
474 2477 591 2558 antiqui
615 2472 723 2537 habam
747 2473 891 2562 dixerunt
915 2482 945 2537 et
969 2473 1050 2555 quod
1070 2494 1125 2538 nos
1148 2473 1296 2538 hordeum
1320 2473 1448 2538 dicimus

185 2640 220 2690 to
238 2631 357 2701 Fuaioa,
377 2631 496 2688 reddam
511 2650 542 2704 p.
562 2637 608 2700 13,
627 2637 663 2688 13
739 2637 772 2688 ta
792 2630 890 2687 labam
904 2649 936 2701 p.
955 2636 1000 2700 11,
1019 2635 1045 2686 al.
1064 2635 1110 2700 13,
1129 2637 1149 2687 8

210 2786 386 2849 lurconum
403 2794 423 2847 y
441 2776 527 2833 litera
544 2777 717 2848 praecedens
737 2775 851 2834 exiliter
869 2775 1033 2832 enuntietur
1051 2796 1073 2833 ω
1095 2794 1233 2848 nunquam
1253 2777 1351 2833 littera
1368 2794 1450 2849 praa·

111 2859 216 2917 codena
236 2877 271 2916 ex
289 2859 300 2916 i
318 2859 418 2916 littero
436 2859 602 2915 enuncietur
620 2857 648 2913 Β
666 2875 807 2928 nusquam
826 2857 837 2913 i
856 2857 955 2913 littera
974 2858 1145 2928 praecedens
1164 2875 1199 2915 ax
1217 2857 1239 2913 ii
1260 2857 1359 2914 littera
1377 2877 1449 2915 nuu-

113 2943 202 2999 tietnr
221 2941 252 2996 P
333 2939 506 3012 hyacinthos
525 2939 554 2995 P
568 2939 725 2996 hiacinctos
743 2939 772 2993 Β
791 2936 963 3009 hyacinthon
982 2959 1004 2992 ω
1097 2947 1113 2997 h
1132 2940 1227 3012 ponite
1245 2939 1449 3012 ospimtionem

111 3024 155 3079 eui
173 3022 336 3093 declararet
349 3021 435 3077 BPa
509 3028 526 3075 t
545 3019 687 3092 principes
706 3018 868 3075 litterarum
887 3037 906 3078 o
924 3021 1027 3095 quibua
1047 3037 1144 3078 earnm
1162 3020 1280 3078 nomina
1293 3021 1392 3077 ΒΡω.
1412 3023 1448 3092 cf.

112 3105 253 3161 Priecium
273 3105 307 3160 de
324 3105 371 3174 fip.
386 3120 462 3158 num.
473 3121 505 3174 p.
520 3109 585 3165 406.
606 3107 624 3159 7
642 3117 701 3157 nna
718 3119 769 3174 per
788 3101 800 3156 l
820 3101 953 3160 scribitur
973 3100 1092 3173 antiquo
1111 3120 1189 3158 more
1209 3102 1379 3174 Atticorum,
1399 3102 1450 3175 qui

111 3185 244 3242 nolebant
261 3183 450 3257 principalem
467 3185 593 3243 hominia
611 3185 723 3241 numeri
741 3184 870 3240 litteram
889 3202 996 3254 ponere
1015 3188 1045 3241 et
1064 3183 1224 3256 significare
1243 3202 1393 3243 numerum

111 3274 128 3322 t>
146 3283 282 3323 numeror
295 3265 323 3320 Β
342 3267 467 3323 numeria
482 3267 534 3323 Po
599 3271 717 3323 utantur
730 3265 816 3321 BPu
881 3275 897 3322 6
918 3267 1020 3323 notant
1037 3267 1171 3337 ipotta
1189 3264 1317 3322 litteram
1336 3270 1447 3338 ponunt

111 3347 249 3418 quoniam
264 3347 342 3418 apud
360 3346 427 3404 illoc
441 3351 580 3419 ma(coer.
591 3349 660 3419 mia)
677 3391 683 3404 .
698 3365 770 3406 o...
788 3353 793 3419 Ι
810 3351 840 3404 et
853 3351 894 3417 (ct
907 3348 1007 3414 otnB,
1021 3349 1053 3402 in
1067 3348 1152 3403 initio
1166 3362 1261 3402 cerm
1275 3349 1341 3404 add.
1356 3349 1382 3414 b,
1400 3349 1448 3404 aed

111 3431 205 3500 deleto,
216 3436 250 3485 ut
263 3431 426 3496 videtum
439 3431 495 3498 fine
504 3431 695 3500 praecedentia
710 3447 805 3486 cerem
819 3433 859 3497 et)
874 3445 899 3485 a.
915 3427 1026 3484 dicitur.
1042 3427 1100 3499 dyo
1116 3433 1174 3484 ΔΛ.
1190 3427 1247 3485 tria
1263 3432 1294 3484 Τ.
1310 3428 1351 3483 sic
1366 3431 1396 3484 et
1411 3431 1449 3484 H.

112 3513 218 3568 aiaton
237 3512 268 3567 id
286 3515 330 3569 eet
351 3515 466 3568 centum
484 3512 505 3567 h
522 3511 651 3568 litteram
664 3513 772 3566 ¹notant
789 3510 818 3565 Β
836 3513 939 3566 notant
957 3507 1005 3564 hlo
1020 3512 1082 3564 eta
1100 3507 1229 3564 litteram
1247 3512 1360 3580 ponunt
1377 3527 1447 3581 qno·

7 3621 12 3634 ·
111 3591 190 3648 niam
213 3593 291 3664 apud
313 3593 380 3649 illoa
403 3594 500 3648 moeta
522 3591 627 3650 dicitur
651 3595 704 3649 tvo
729 3595 747 3647 δ
768 3593 827 3648 tria
851 3595 878 3646 Γ
898 3589 939 3646 iic
959 3593 988 3646 et
1006 3589 1033 3644 Η
1052 3589 1159 3646 elraton
1177 3588 1208 3644 id
1233 3593 1276 3645 eat
1296 3591 1448 3646 centumh

111 3673 211 3730 littera
235 3677 336 3730 notant
359 3673 388 3728 P
406 3677 509 3730 notant
531 3680 565 3744 ιιι·
587 3677 618 3730 ct
639 3694 659 3728 α
683 3673 797 3730 literam
821 3674 943 3744 ponunt:
969 3671 1104 3741 quoniam
1129 3671 1206 3742 opud
1229 3671 1296 3728 illue
1319 3679 1356 3742 μῑ
1375 3677 1404 3729 et
1429 3693 1448 3728 α

112 3755 232 3826 dicitur,
247 3751 302 3812 trio
317 3759 335 3811 d
348 3755 405 3812 tria
419 3758 438 3824 ι,
460 3753 501 3811 aic
516 3758 546 3810 el
566 3749 682 3824 incede,
701 3753 731 3810 id
746 3756 803 3824 eal,
822 3756 937 3809 ceolum
951 3750 971 3805 h
986 3750 1070 3806 utem
1084 3753 1186 3806 nolant
1200 3773 1235 3807 tu:
1256 3753 1291 3821 cs.
1306 3753 1447 3810 R‘t'oct'att.

112 3838 129 3891 l.
149 3855 174 3894 c.
275 3843 292 3894 Β
312 3841 380 3894 uota
398 3838 494 3894 locum
513 3836 568 3894 eibi
587 3835 715 3892 uindicet
733 3857 755 3911 ep
866 3841 883 3889 9
903 3833 922 3888 h
942 3837 1008 3902 post
1026 3849 1091 3887 cum
1110 3848 1161 3889 om.
1181 3833 1218 3900 B,
1237 3835 1303 3889 odd.
1323 3835 1375 3889 Pu

113 3918 244 3990 requitur
261 3935 369 3975 morem
389 3919 564 3990 reliquarum
584 3917 744 3985 literarum,
764 3930 839 3986 quae
854 3916 966 3969 mutato
981 3911 1080 3967 ordine
1099 3913 1170 3968 aliae
1189 3918 1277 3984 atque
1296 3915 1368 3972 aliae
1388 3917 1447 3972 elli·

113 4002 192 4057 dant
208 4001 368 4071 potestaten
386 3999 537 4074 Recedite
620 4005 653 4056 10
672 3998 834 4055 litterarum
853 4009 927 4064 quae
945 3995 1057 4049 mntnto
1075 3993 1138 4050 BP
1152 3993 1316 4052 litterarum
1334 4015 1352 4052 ιι
1371 4015 1446 4067 quae

113 4083 225 4138 mutato
244 4087 270 4136 et
287 4081 320 4135 in
337 4097 424 4152 marp.
444 4079 556 4136 ‘deerat
573 4078 703 4136 verbum'
724 4097 746 4134 o
835 4075 963 4134 efficiant
979 4073 1065 4129 BPo
1159 4082 1191 4131 11
1213 4079 1242 4132 et
1261 4077 1346 4134 aienti
1364 4095 1397 4133 aa
1415 4081 1446 4134 et

113 4179 145 4220 ra
163 4163 253 4220 aham
271 4180 372 4222 uocem
390 4164 442 4220 Pu
463 4167 492 4220 et
510 4161 601 4220 secuti
619 4179 651 4218 aa
670 4165 700 4218 ct
718 4159 857 4217 raetiam
875 4161 972 4215 autem
991 4175 1090 4215 nocem
1108 4161 1137 4215 Β
1243 4155 1368 4214 eiflchnt
1385 4159 1443 4214 Βω

114 4246 222 4304 efficiat
240 4245 270 4301 P
358 4252 391 4302 12
410 4245 502 4302 ita'et
519 4245 559 4300 ha
577 4247 606 4301 et
623 4245 661 4301 nh
681 4244 767 4301 Pita
786 4245 816 4300 et
833 4241 872 4298 ha
890 4244 928 4300 ah
946 4242 974 4298 Β
992 4242 1036 4300 ita
1053 4244 1092 4300 ha
1111 4245 1140 4299 et
1158 4240 1197 4296 ah
1215 4259 1237 4293 ω
1329 4239 1447 4314 litteris]

113 4327 160 4385 liti
179 4328 209 4382 P
315 4333 348 4382 13
373 4328 403 4382 et
426 4321 518 4398 remp.¹
540 4325 583 4382 ita
602 4327 669 4383 eth
693 4343 744 4398 per
763 4341 792 4382 ue
812 4341 876 4381 cnm
895 4324 950 4380 hac
970 4323 1033 4396 lege
1053 4323 1105 4378 Ρω
1125 4324 1154 4378 et
1173 4339 1233 4378 rem
1251 4337 1297 4392 po.
1317 4319 1359 4376 ito
1378 4321 1447 4377 eth

115 4409 216 4467 rccdm
239 4410 295 4465 hac
316 4406 381 4480 lege
403 4407 433 4462 Β
526 4411 560 4462 16
583 4409 617 4462 ut
635 4406 712 4478 cum]
737 4405 862 4462 Etcum
886 4407 914 4462 Β
1006 4403 1100 4461 iuecoa
1124 4401 1213 4471 lurica
1232 4401 1318 4458 ΒΡω
1341 4401 1448 4462 Pnacoa

115 4509 221 4566 Furroe
239 4508 389 4563 Potachiua
467 4520 472 4530 ·
502 4511 535 4562 18
558 4505 629 4560 haec
648 4519 760 4575 quoqne
779 4503 863 4560 litera
882 4525 903 4558 ω
924 4504 994 4560 haec
1013 4519 1129 4590 quoque
1144 4489 1190 4558 int
1208 4503 1306 4560 littera
1324 4502 1447 4618 thacc

115 4633 247 4706 quodque
262 4633 362 4691 littera
376 4633 405 4689 P
466 4649 531 4689 com
550 4631 569 4686 h
587 4629 711 4686 inuicem
729 4628 771 4684 iia
789 4631 918 4686 mutatur
935 4631 970 4686 ut
988 4646 1073 4700 quam
1088 4647 1139 4684 noa
1155 4627 1184 4683 P
1199 4646 1263 4689 coru
1283 4631 1303 4686 h
1322 4629 1446 4690 inuicem

114 4717 153 4786 (in
166 4731 304 4788 raperer.
319 4716 347 4785 h)
366 4714 409 4772 ita
422 4716 550 4770 mutatur
565 4714 598 4767 ut
616 4727 679 4766 cum
695 4727 746 4766 noe
759 4711 797 4781 Β,
816 4729 881 4767 cum
899 4712 920 4767 h
939 4711 1062 4768 inuicem
1081 4709 1123 4766 ita
1137 4712 1265 4766 mutatum
1283 4711 1297 4766 ι
1313 4715 1445 4783 utquam

113 4814 164 4853 noe
181 4803 208 4854 et
226 4797 326 4852 deinde
345 4795 471 4852 dixerint
490 4825 524 4835 -
544 4789 753 4849 nominaverint
777 4813 799 4850 o
874 4798 907 4854 19
928 4791 1004 4862 quod
1024 4789 1162 4847 hordeum
1181 4788 1302 4852 dicimur
1321 4791 1348 4851 Β
1368 4793 1445 4863 qnod

115 4879 250 4956 hordeum
270 4877 449 4948 appellamur
468 4875 520 4932 Po
