3564 5482
350 315 417 386 468
821 359 827 373 ·
852 319 1033 378 elevatam
1051 319 1175 380 nissen

348 435 370 473 p.
385 421 433 464 225.
447 421 487 463 119
502 419 529 464 Ia.

348 505 408 569 Cle.
433 525 488 590 pro
508 506 618 570 Roscio
637 511 680 587 (p.
701 509 791 572 Reae.
811 510 877 572 Am.
896 509 1031 586 amo)
1055 511 1157 572 inter
1180 509 1278 572 ieras
1302 515 1420 575 satius
1442 519 1502 574 est
1525 517 1682 574 aetatem

348 614 512 698 degere.

438 722 589 788 Deauetus
622 724 684 810 his,
716 725 803 809 Terg.
832 729 904 790 Aen.
935 724 971 788 v1
999 727 1091 803 (815)
1124 735 1160 791 et
1192 729 1260 791 lam
1293 727 1445 792 desueta
1478 729 1683 812 triumphis

348 851 522 915 aprntna.

312 989 321 1005 .
438 941 632 1029 dimittitis,
656 943 743 1027 Verp.
761 946 835 1010 Aen.
854 944 897 1008 111
915 946 985 1022 (51)
1010 963 1089 1008 enm
1112 948 1180 1009 iam
1204 945 1400 1009 diffideret
1423 948 1550 1030 armis,
1573 946 1683 1010 Cicero
1709 959 1721 1000 ⁵

346 1069 403 1134 pro
441 1050 580 1116 Cluentia
613 1071 631 1112 a
666 1053 900 1120 dlilidentam
936 1054 1049 1118 rebus
1088 1057 1166 1118 suia
1202 1103 1212 1138 ‚
1250 1053 1309 1117 Sal.
1346 1053 1430 1117 Catii.
1469 1056 1570 1134 (3l,3)
1611 1055 1685 1119 albi

347 1163 566 1244 patriaeque
591 1161 768 1226 diiiidere
794 1213 801 1226 .

438 1268 571 1334 Defende
595 1269 676 1334 illam
700 1290 765 1334 rern
793 1291 848 1354 pro
873 1270 910 1334 ab
934 1270 984 1335 illa
1008 1290 1056 1352 re,
1084 1270 1171 1353 Verg.
1195 1273 1268 1334 Aen.
1292 1269 1319 1332 X
1342 1271 1441 1346 (995)
1465 1271 1574 1355 hunc,
1604 1292 1683 1349 orn,

347 1380 504 1444 defende
533 1381 695 1445 itrrerem
720 1429 727 1444 .
751 1380 880 1446 delendo
904 1380 941 1443 ab
964 1379 1014 1443 illa
1038 1399 1085 1462 re,
1111 1383 1191 1444 idem
1214 1380 1282 1444 bne.
1306 1379 1394 1457 (7,6)
1419 1378 1502 1442 dnm
1530 1387 1683 1445 teneras
1737 1396 1745 1411 ·

347 1489 545 1553 delendae
569 1489 709 1572 frigere
734 1500 872 1573 myrtos
896 1539 903 1554 .
1696 1504 1719 1544 1⁰

438 1597 612 1662 Discrucior
636 1597 726 1662 huius
750 1603 811 1678 rei,
835 1597 904 1663 Ter.
927 1597 1010 1662 adet.
1034 1599 1102 1674 (Ν
1122 1600 1188 1676 4,1)
1212 1598 1422 1662 diaerneinr
1445 1601 1563 1663 animi

437 1707 554 1771 lluhius
577 1706 668 1771 huius
691 1711 753 1785 rei,
778 1707 888 1771 Salust.
912 1707 982 1771 hiat
1005 1707 1047 1770 lli
1069 1706 1203 1770 dubius
1228 1707 1414 1784 consiliii

438 1814 543 1890 Deeldi
566 1815 603 1879 de
627 1815 675 1878 illa
700 1833 743 1900 re,
768 1815 837 1879 Ter.
860 1815 954 1880 Heau.
979 1817 1035 1891 (II
1052 1815 1122 1892 3,9)
1146 1824 1280 1897 quanta
1302 1815 1345 1880 de
1368 1835 1433 1900 spe
1455 1817 1588 1880 decidi.

439 1925 563 2007 Deperit
585 1928 726 2008 amicam,
747 1924 817 1988 Ter.
842 1923 935 1989 Heau.
959 1925 1034 1999 (ΙΙΙ
1052 1925 1142 2003 m)
1167 1924 1284 1988 Clinia
1308 1925 1399 1990 hane
1424 1930 1454 1990 si
1478 1927 1635 2010 deperit.

438 2033 482 2106 lle
514 2033 615 2098 subite
648 2053 717 2098 ennr
749 2035 988 2117 praepositione,
1020 2032 1089 2097 Ter.
1113 2033 1206 2097 Heau.
1240 2035 1308 2108 (Ν
1336 2033 1405 2112 2,(1)
1438 2034 1558 2099 bainna
1593 2037 1682 2099 milri
1695 2047 1718 2088 1⁶

208 2130 211 2136 ¹
347 2153 489 2207 tantum
514 2151 679 2226 ereptum
703 2151 773 2206 tam
797 2142 838 2205 de
863 2141 986 2205 subito
1011 2160 1052 2204 ax
1076 2141 1247 2206 iaueibus
1272 2191 1279 2204 .

438 2251 480 2314 De
512 2261 653 2335 repente,
686 2250 754 2314 Ter.
780 2249 869 2332 Heey.
898 2250 965 2325 (IV
990 2251 1055 2333 1,.3)
1087 2252 1273 2332 corripuit
1295 2251 1337 2314 de
1362 2259 1516 2336 repente
1540 2255 1680 2316 tacitns

348 2381 428 2426 sese
452 2362 493 2424 ad
517 2356 632 2424 illlam
657 2409 664 2423 .

437 2469 529 2533 linxit
551 2489 598 2553 se,
621 2470 690 2533 Ter.
714 2467 804 2551 Heey.
830 2469 897 2543 (Ν
915 2468 984 2544 1,7)

493 2598 582 2643 uxor
605 2577 668 2642 nbi
691 2597 744 2641 rne
769 2576 810 2639 ad
834 2576 950 2639 illlam
974 2578 1027 2639 ire
1051 2577 1184 2660 sensit,
1207 2595 1244 2640 se
1268 2576 1375 2640 duait
1398 2577 1496 2640 laras
1520 2625 1527 2638 .
1692 2591 1717 2631 ω

438 2687 571 2769 Diligens
590 2687 682 2750 huius
700 2687 759 2770 rei,
783 2684 843 2748 Cic.
858 2703 915 2768 pro
930 2684 1069 2748 Cornelio
1089 2683 1116 2747 11
1136 2703 1239 2767 qrrarn
1263 2684 1465 2767 diligentes
1488 2685 1679 2750 libertatis

347 2815 411 2860 vos
434 2803 603 2880 oporteat
626 2814 707 2858 ease
731 2843 738 2856 .
1472 2809 1475 2814 ·

438 2903 601 2988 Duntaxat,
629 2903 658 2967 id
687 2912 735 2967 est
762 2911 879 2967 tanturn
906 2901 995 2966 modo
1025 2902 1070 2966 rel
1094 2901 1153 2965 hoc
1181 2901 1260 2987 solo,
1288 2902 1349 2966 Cic.
1373 2922 1428 2985 pra
1452 2902 1542 2966 Corn.
1566 2902 1594 2965 ss
1618 2906 1680 2984 qni

349 3015 546 3077 commodis
569 3011 601 3076 P.
626 3012 660 3108 li.
684 3012 808 3093 lingna
831 3012 1017 3075 dumtaxat
1040 3031 1079 3074 ae
1104 3011 1293 3075 voluntate
1317 3013 1515 3076 consuluit.

439 3122 594 3187 Demade
618 3121 690 3205 hoe,
713 3121 774 3184 Cic.
798 3140 854 3204 pro
878 3120 945 3184 Cor.
969 3119 982 3182 1
1006 3120 1101 3184 demi
1124 3121 1265 3184 medius
1289 3120 1403 3186 lidius
1426 3120 1468 3184 de
1491 3121 1548 3184 his
1572 3134 1717 3184 orna-²⁵

348 3232 482 3294 mentis
505 3230 736 3312 aliquantum
759 3230 876 3294 malina
902 3280 908 3292 .

439 3337 498 3402 Das
530 3338 588 3402 hoe
622 3341 735 3423 lacere,
768 3338 855 3421 Verg.
884 3338 999 3412 Aeni
1033 3338 1108 3414 (79)
1141 3348 1179 3402 tu
1212 3339 1275 3401 das
1308 3339 1429 3422 epulis
1461 3340 1677 3405 accumbere

211 3425 215 3428 ’
348 3447 467 3511 dianna
501 3457 532 3510 et
564 3447 587 3504 V
620 3447 716 3525 (689)
750 3447 792 3511 da
830 3448 1006 3511 ilamnaam
1043 3446 1197 3543 evendere
1235 3447 1347 3511 classi
1380 3457 1411 3511 et
1442 3447 1498 3510 Xll
1526 3448 1602 3524 (97)
1638 3451 1679 3512 da

349 3567 519 3621 sternere
544 3574 679 3639 carpus
704 3559 868 3620 semiviri
892 3555 1076 3638 Phrygis.

439 3666 481 3729 ile
515 3666 563 3728 die
597 3669 676 3729 sient
708 3685 745 3728 ex
778 3676 929 3748 tempore,
962 3664 1032 3728 Ter.
1056 3664 1138 3728 Adel.
1167 3667 1215 3742 (V
1235 3667 1302 3743 9,8)
1325 3669 1511 3750 'apparare
1544 3668 1586 3730 de
1620 3669 1716 3730 dieto

349 3777 570 3857 convivium,
594 3774 655 3837 Cic.
679 3774 786 3857 Philip.
812 3773 991 3850 11(34,87)
1020 3790 1089 3835 nnn
1119 3773 1235 3836 solum
1262 3774 1304 3838 de
1333 3776 1389 3838 die
1415 3775 1476 3838 sed
1505 3777 1678 3838 etiamad

349 3883 442 3946 diem
466 3885 620 3946 virere.

442 4058 534 4115 noea
560 4059 711 4116 Paetum
758 4057 975 4132 pertinenti.
1064 4055 1244 4115 annana
1330 4057 1486 4116 enatando
1509 4059 1547 4116 aa
1565 4057 1618 4115 nra
1636 4041 1678 4132 ω]

348 4139 470 4197 deiende
488 4139 525 4196 ab
544 4140 596 4198 ilia
614 4157 644 4196 ra
708 4141 785 4197 idem
804 4157 856 4196 een.
918 4141 1084 4197 ursiana.
1151 4145 1184 4195 11
1203 4139 1245 4198 rei
1263 4155 1315 4196 era.
1372 4145 1405 4195 te
1425 4139 1519 4215 Hean]
1539 4141 1597 4197 han
1615 4142 1679 4198 item

349 4228 385 4280 14
404 4230 430 4280 ei
447 4228 484 4281 15
546 4230 579 4280 17
600 4222 748 4295 corripuit]
768 4223 894 4294 peripuii
959 4229 992 4279 19
1012 4221 1132 4278 aniaae
1150 4221 1213 4278 Ter.
1277 4221 1396 4286 aaxm
1415 4221 1455 4277 XI
1523 4227 1558 4276 29
1578 4239 1680 4294 eorpna

349 4307 474 4362 sternere
493 4322 563 4362 corr.
583 4307 709 4363 sternere
727 4321 830 4375 eorpus

441 4475 457 4525 6
476 4468 623 4537 imam,
640 4487 697 4541 pua
715 4466 868 4539 eneaaplaem
881 4469 1019 4524 arntimaia
1032 4484 1088 4539 pro
1103 4467 1231 4524 Olmie
1245 4471 1333 4534 2363
1352 4464 1401 4536 qni
1419 4463 1474 4521 eibi
1492 4463 1550 4521 elia
1567 4465 1680 4523 ratione

351 4549 495 4607 diffideret
512 4551 630 4620 recidit,
652 4551 787 4608 indicavi.
805 4550 934 4620 aequiter
958 4550 1111 4630 exemplata
1128 4552 1266 4607 aram-s
1284 4551 1318 4606 de
1340 4547 1456 4619 imperio
1476 4545 1594 4616 Pompe·
1611 4553 1680 4617 923

349 4631 581 4703 diffidentemque
599 4633 683 4689 rebus
702 4631 759 4690 ania
835 4636 869 4686 15
887 4629 986 4687 bolam
1004 4631 1076 4689 mihi
1093 4633 1206 4688 tanim
1225 4633 1354 4703 ereptum
1373 4627 1451 4699 apud
1468 4625 1629 4684 Terentium
1647 4647 1681 4711 en

350 4714 458 4770 duetus
481 4715 623 4771 adtenta
645 4714 733 4770 edidit
754 4712 913 4778 Basileia.
941 4713 1039 4769 bolum
1067 4715 1179 4770 tantum
1203 4712 1275 4769 mihi
1297 4711 1426 4782 ereptum
1449 4709 1551 4780 adspui
1574 4709 1681 4767 codices

354 4797 478 4852 Terentii
553 4800 585 4851 17
604 4793 746 4867 proripuit
764 4791 836 4850 Md
854 4793 897 4850 ies
915 4792 1054 4864 corripuit
1074 4795 1219 4851 Terentius
1292 4800 1327 4848 et
1344 4791 1376 4847 P.
1396 4789 1441 4864 R]
1460 4790 1572 4862 panitta
1593 4788 1622 4846 G

351 4883 386 4933 15
405 4877 441 4933 da
460 4877 505 4933 his
523 4876 672 4934 tormentis
692 4876 730 4931 M
801 4881 834 4930 31
855 4874 892 4930 ad
911 4873 1001 4952 diem]
1020 4874 1049 4931 in
1069 4875 1144 4933 diem
1165 4875 1258 4932 Cicero
