3564 5482
545 302 546 305 ’
569 293 640 351 ARS
660 293 911 353 autumantes
1365 297 1432 364 403

92 407 117 447 ρ.
131 395 168 437 aa.
183 395 211 437 aa
225 394 256 436 m.

94 483 186 544 istam
209 484 305 545 istanc
329 479 410 544 istud
435 490 467 546 ct
489 483 582 566 istuc,
606 502 623 545 o
647 485 704 547 iste
729 486 786 548 ista
809 483 892 547 istud
916 485 1012 567 istuc,
1034 483 1072 547 ab
1096 487 1154 549 isto
1179 496 1209 550 et
1233 485 1270 550 ab
1294 483 1431 550 istocab

26 597 30 608 “
88 592 154 653 'ista
180 589 217 654 ab
240 593 315 654 istac
340 588 376 654 ab
400 592 459 654 isto
483 591 520 652 ab
544 593 636 656 istoc:
663 593 702 676 pl.
727 577 824 658 οὗτοι
851 585 987 656 τούτων
1016 587 1072 656 καὶ
1096 579 1195 659 αὗται
1219 587 1433 660 τούτωνκαὶ

93 695 202 762 ταῦτα
231 689 363 762 τούτων
392 700 443 762 isti
470 701 546 762 istae
575 701 632 763 isia
660 709 692 764 ci
719 701 772 764 rei.
802 691 905 777 αὐτὸς
927 691 1035 764 αὐτοῦ
1057 696 1113 766 καί
1137 695 1223 787 αὐτή
1248 695 1353 787 αὐτῆς
1374 698 1433 768 καὶ

94 798 181 872 αὐτὸ
205 797 312 872 αὐτοῦ
336 809 401 891 ipse
425 803 489 891 ipsa
514 811 614 891 ipsum
637 819 668 872 et
691 810 761 874 roi:
791 810 828 892 pi
853 801 952 873 αὐτοὶ
976 801 1090 875 αὐτῶν
1113 807 1170 876 καλ
1194 803 1294 877 αὐταὶ
1318 803 1432 878 αὐτῶν

67 911 154 980 ικαὶ
180 906 264 980 αὐτὰ
288 905 403 980 αὐτῶν
428 917 487 999 ipsi
510 919 592 1000 ipsae
617 920 682 1001 ipsa
705 929 736 982 et
759 919 937 1002 rel.·ipsum
962 939 1056 1002 quare
1081 939 1141 984 non
1165 922 1268 1006 ipsud,
1296 931 1331 985 ut
1360 921 1431 987 illud

95 1034 129 1089 et
156 1021 261 1090 istud?
294 1028 435 1108 quoniam
468 1034 585 1088 veteres
614 1030 831 1092 nominativum
862 1028 1063 1092 masculinum
1091 1049 1151 1094 uon
1184 1033 1250 1114 ipsc
1284 1028 1435 1114 dicebaut,

96 1135 152 1199 sed
177 1137 275 1219 ipsus,
299 1134 380 1218 quod
405 1137 494 1199 etiam
514 1137 546 1199 in
565 1137 730 1200 comoediis
749 1138 903 1202 veteribus
923 1141 1103 1204 invenimus.
1150 1135 1279 1216 ἐκεῖνος
1299 1135 1434 1204 ἐκείνου

94 1239 154 1309 καί
179 1238 289 1327 ἐκείνη
314 1240 444 1328 ἐκείνης
466 1240 523 1309 καὶ
547 1243 658 1312 ἐκεῖνο
683 1242 817 1311 ἐκείνου
841 1247 890 1312 iile
915 1247 964 1311 iiia
988 1249 1061 1312 titud
1080 1248 1152 1312 illuc
1171 1247 1209 1311 ab
1227 1248 1296 1312 illoc
1315 1259 1347 1313 ct
1365 1247 1434 1312 ret:

96 1354 136 1438 pl.
161 1350 286 1419 ἐκεῖνοι
310 1350 451 1418 ἐκείνων
475 1350 531 1419 καὶ
555 1351 682 1420 ἐκεῖναι
707 1353 848 1421 ἐκείνων
871 1351 928 1422 καλ
953 1354 1064 1422 ἐκεῖνα
1089 1355 1238 1423 ἐκείνων.

56 1478 82 1517 1⁰
192 1465 340 1528 infinitiva
362 1458 414 1541 τὶς
436 1453 459 1548 ἢ
483 1457 582 1542 ποιὸς
604 1456 698 1542 τινὸς
721 1456 742 1549 ἢ
766 1464 869 1532 ποιοῦ
892 1461 948 1530 καὶ
971 1462 1022 1544 τὶς
1040 1457 1061 1550 ἢ
1080 1457 1162 1531 notri
1180 1457 1275 1542 τινὸς
1293 1454 1314 1550 ἦ
1334 1463 1434 1542 ποιᾶς

96 1567 153 1638 nai
178 1567 211 1638 ci
235 1561 255 1656 ἢ
279 1565 380 1637 ποιὸν
404 1565 498 1649 τινὸς
521 1563 541 1658 ἢ
565 1571 668 1638 ποιοῦ
693 1569 762 1656 [καὶ
787 1565 824 1652 ὃς
847 1569 904 1639 καὶ
926 1575 966 1640 αἳ
984 1571 1041 1640 καὶ
1065 1565 1087 1640 ἃ
1110 1569 1167 1640 καὶ
1189 1568 1293 1658 ποσοί]
1315 1578 1383 1658 quis
1402 1586 1433 1639 et

97 1685 154 1766 qui
183 1701 259 1766 quac
289 1682 385 1765 quod:
414 1682 454 1765 pi.
482 1674 572 1758 τινές
601 1671 745 1766 ἣικοιοδ
772 1683 879 1748 τινοῖν
906 1675 928 1766 ἢ
956 1681 1067 1749 ποιῶν
1095 1679 1152 1748 καὶ
1179 1677 1271 1759 τινὲς
1293 1672 1314 1766 ἢ
1338 1679 1434 1748 ποιαί

96 1791 206 1860 τινῶν
228 1784 250 1878 ἢ
274 1791 383 1859 ποιῶν
406 1789 463 1858 καὶ
487 1785 564 1856 τινὰ
587 1782 609 1877 ἢ
633 1785 714 1857 ποιὰ
737 1792 843 1859 τινῶν
867 1784 888 1877 ἢ
912 1792 1022 1858 ποιῶν
1046 1795 1099 1877 qui
1123 1813 1200 1876 quae
1225 1812 1301 1875 quae
1325 1803 1357 1857 et
1379 1792 1433 1856 rei.

97 1904 153 1967 sed
183 1911 302 2004 veteres
333 1905 549 1966 nominativum
578 1903 725 1986 pluralem
755 1907 823 1986 quis
856 1903 999 1968 dixerunt
1030 1903 1165 1986 reguiam
1200 1905 1306 1966 secuti.
1354 1903 1433 1966 ιιοιλε

56 2022 83 2065 1⁵
98 2015 192 2078 ctiam
215 2013 332 2078 dativus
357 2015 467 2076 mansit
490 2015 521 2074 in
546 2013 781 2078 consuetudine:
810 2031 879 2076 narn
908 2013 1036 2076 dicimus
1067 2013 1178 2096 quibus
1206 2032 1262 2096 pro
1291 2014 1376 2096 quis,
1404 2021 1435 2075 et

99 2121 172 2206 [pro
192 2122 316 2206 quibus]
342 2125 411 2205 quis
430 2140 491 2185 non
512 2140 676 2204 numquam
696 2122 834 2187 dicimus.
871 2120 1002 2197 τίςτιοτε
1021 2112 1042 2205 ἢ
1062 2115 1241 2198 κοιίςιτοτε
1259 2112 1434 2196 τινόςαοτε

97 2223 119 2314 ἢ
143 2225 328 2296 ποιούωοτε
352 2225 408 2294 καὶ
431 2230 564 2308 τίςειοτε
587 2221 609 2314 ἢ
629 2225 792 2296 ποιοίκοτε
811 2223 987 2307 τινόςκοτε
1006 2219 1027 2314 ἢ
1046 2224 1226 2308 ποιίςτοτε
1245 2223 1301 2294 καὶ
1320 2228 1434 2294 τίκοτε

97 2331 119 2424 ἢ
154 2334 338 2406 ποιόυτοτε
370 2333 545 2417 τινόςεεοτε
577 2329 599 2422 ἢ
632 2332 833 2420 notorium,
871 2335 1008 2416 ἕκαστος
1047 2331 1168 2422 ἕκοίστη
1203 2335 1345 2404 ἕκαστον
1377 2333 1434 2402 καὶ

100 2441 262 2534 ἑκιίτερον
286 2452 415 2533 quisquc
440 2469 578 2534 quaeque
603 2449 759 2532 quoique:
782 2449 820 2532 pi.
835 2441 877 2513 τὰ
893 2442 930 2514 tt
946 2439 1105 2532 ἑλληνικδι
1120 2446 1183 2512 τοῦ
1197 2445 1434 2531 πληθυντικοῦ

56 2564 86 2608 '²⁰
100 2557 224 2642 ταῦτα,
251 2553 422 2634 τινίςοτοτε
445 2549 468 2642 ἢ
491 2558 665 2624 τοιοίποτε
695 2552 882 2623 τιυοίντοτε
911 2547 933 2640 ἢ
961 2551 1152 2622 τοιοίνκοτε
1180 2553 1236 2622 καὶ
1263 2554 1433 2634 τινέςτοτε

100 2660 120 2753 ἢ
145 2667 321 2733 αοιαίτοτε
344 2661 531 2733 conuiuatum
553 2657 575 2750 ἢ
600 2660 792 2732 κοιοέντοτε
815 2661 871 2731 καὶ
894 2660 1052 2732 τινάτοτε
1078 2657 1099 2750 ἢ
1122 2659 1284 2732 τοιάτοτε
1313 2658 1433 2730 τινων-

22 2851 27 2860 ,
98 2797 181 2842 ποτε
203 2768 227 2860 ἢ
250 2769 456 2859 ποιοίιαιοτε,
481 2773 616 2842 ἕκαστοι
640 2773 775 2841 ἕκασται
799 2771 922 2841 ἕκαστα
946 2780 1058 2859 quique
1083 2795 1222 2860 quaeque
1242 2795 1378 2859 quaeque
1404 2785 1435 2840 et

99 2889 154 2952 rei
175 2877 435 2972 δστιςδήατοτε
414 2907 436 2970 η
457 2877 700 2970 ὁποιοςδήτιοτε
719 2876 979 2970 τινοςδήιτοτε”
959 2907 980 2968 η
999 2879 1228 2968 ποιουδήτοτε
1245 2879 1303 2948 καὶ
1322 2877 1434 2966 τιςδή·

98 3016 180 3062 ποτε
218 2987 240 3080 ἢ
276 2989 484 3079 ποιαδὴτοτε
525 2983 806 3078 τινοςδήοτοτε
785 3016 807 3076 q
849 2987 1074 3076 τοιαςδήκοτε
1115 2989 1172 3057 καὶ
1213 2985 1370 3076 τιδήαοτε
1411 3016 1432 3076 η

58 3113 85 3154 ²⁵
100 3098 331 3187 ποιονδήποτε
376 3093 658 3188 τινοςδητοτε
638 3125 659 3187 η
701 3096 930 3186 τοιουδήιτοτε
978 3105 1177 3186 quiscumque
1225 3121 1434 3186 quaecumque

100 3217 329 3300 quodcumque:
361 3215 400 3298 pl.
423 3206 641 3297 τινεςδήιτοτε
663 3201 684 3296 ἢ
708 3208 928 3296 τοιυιδήττοτε
951 3205 1184 3295 τινωνδήποτε
1215 3201 1234 3294 ἢ
1263 3205 1433 3295 ποιωνδή-

99 3345 181 3390 τοτε
205 3318 262 3388 καὶ
285 3317 501 3406 τινεςδήετοτε
524 3313 545 3405 ἢ
569 3316 791 3406 τοιαιδήκοτε
814 3313 1046 3404 τινωνδήατοτε
1068 3311 1090 3403 ἢ
1114 3312 1351 3403 notavi-vinoso
1377 3315 1435 3383 uoti

99 3427 304 3518 τιναδήτιοτε
342 3422 363 3516 ἢ
400 3425 609 3516 ποιαδήτοτε
646 3423 878 3514 τινωνδήττοτε
915 3419 938 3512 ἢ
975 3423 1211 3512 ποιωνδήτοτε
1250 3432 1433 3511 quicumque

101 3561 311 3626 quaecumque
336 3543 554 3625 quoecumque.
601 3532 703 3616 ἄλλος
722 3532 829 3603 ἄλλον
848 3533 903 3602 καὶ
923 3531 1007 3620 ἄλλη
1027 3531 1131 3621 ἄλλης
1149 3533 1205 3600 καλ
1225 3531 1308 3600 ἄλλο
1327 3529 1435 3601 ἄλλον

61 3659 86 3698 ³⁰
102 3653 179 3716 alius
204 3650 260 3714 alia
283 3650 378 3714 aliud:
407 3651 445 3732 [ιΙ.
471 3645 476 3731 Ι
501 3641 599 3714 ἄλλοι
628 3641 742 3712 ἄλλων
770 3643 826 3711 καὶ
854 3639 953 3710 ἄλλαι
981 3638 1095 3711 ἄλλων
1123 3640 1179 3709 καὶ
1209 3637 1296 3710 ἄλλα
1319 3638 1433 3710 ἄλλων

102 3761 152 3824 alii
176 3760 250 3824 aiiac
275 3759 339 3822 alia.
387 3755 499 3840 ἕτερος
523 3753 641 3840 ἑτέρου
664 3752 720 3821 καί
745 3752 841 3838 ἑτέρα
864 3751 979 3836 ἑτέρας
1002 3751 1057 3818 καὶ
1082 3751 1198 3836 ἕτερον
1223 3749 1340 3838 ἑτέρου
1359 3754 1436 3817 alter

102 3870 197 3933 altera
230 3867 373 3931 aiterum:
406 3865 445 3948 pl.
479 3859 586 3947 ἕτεροι
618 3860 674 3929 καλ
708 3861 816 3947 ἕτεραι
844 3859 900 3928 καὶ
931 3861 1026 3947 ἔτερα
1056 3858 1180 3947 ἑτέρων
1209 3863 1295 3928 alteri
1323 3863 1434 3926 alterae

102 3979 206 4043 altera.
258 3967 438 4058 οὐδέτερος
467 3964 651 4058 οὐδετέρου
683 3968 739 4036 καὶ
768 3964 932 4060 οὐδετέρα
962 3965 1141 4055 οὐδετέρας
1169 3966 1225 4035 καὶ
1254 3962 1435 4054 οὐδέτερον

102 4079 289 4168 οὐδετέρου
312 4095 421 4147 neuter
445 4093 552 4146 netvtra
577 4093 719 4145 neutrum
744 4084 896 4144 neutrius:
921 4081 959 4163 pi.
984 4072 1155 4162 οὐδέτεροι
1178 4077 1234 4144 καὶ
1259 4073 1435 4163 οὐδέτεραι

101 4191 159 4261 καί
184 4185 347 4277 οὐδέτερα
372 4185 564 4274 οὐδετέρων
583 4193 684 4254 neutri
705 4200 830 4254 neutrae
850 4200 967 4254 neutra.
1007 4186 1144 4266 ἕκαστος
1158 4183 1278 4272 έκοίστη
1294 4185 1435 4255 ἕκαστον

196 4407 290 4464 Codex
308 4403 508 4477 Souqoiiencis.
548 4410 561 4458 1
584 4419 600 4459 ο
620 4403 674 4458 isto
694 4405 724 4458 ia
742 4403 794 4458 iud
813 4403 883 4460 istos
902 4403 940 4460 ab
958 4402 1020 4460 istis
1038 4405 1120 4473 (corr.
1140 4401 1198 4472 isti)
1218 4403 1249 4457 ei
1267 4401 1304 4458 ab
1322 4403 1379 4458 ists
1396 4402 1433 4458 ab

103 4492 160 4548 ists
179 4491 216 4546 ab
235 4488 307 4545 istoc
325 4487 363 4543 ab
381 4487 437 4542 isio
455 4485 494 4541 ab
512 4485 584 4541 istoc
657 4489 674 4540 8
694 4483 725 4538 ei
746 4482 796 4538 rel.
822 4502 936 4540 εαιινον
959 4501 1030 4540 corr.
1050 4515 1083 4525 -
1105 4503 1132 4540 οι
1205 4489 1361 4540 ituream
1380 4483 1433 4556 pir.

102 4571 247 4629 infinitius
307 4575 341 4625 15
351 4585 403 4640 pro
414 4565 488 4641 quis]
497 4583 549 4639 pro
559 4567 619 4623 cuis
681 4573 713 4622 19
725 4561 875 4640 ἑκάτερον]
887 4583 1006 4636 ωιατερο
1067 4559 1434 4639 λλούδέτεροιμνδετερου

200 4788 232 4837 11
253 4779 302 4835 καλ
322 4771 354 4842 ὅς
376 4807 412 4819 -
435 4771 511 4832 ποσοί
526 4791 577 4832 om.
594 4773 631 4830 M
649 4816 655 4830 .
675 4775 793 4831 relativo
809 4776 978 4846 pronomina
997 4769 1029 4838 δς
1050 4767 1066 4845 ἢ
1086 4767 1101 4829 ὃ
1122 4771 1149 4830 o'i
1169 4772 1199 4830 oi
1217 4767 1238 4830 ί
1257 4775 1436 4848 adsumpsisse

105 4863 218 4918 cicietur
234 4861 434 4932 ρτωιιιιιαλίαιιε
