3610 5482
599 327 648 384 nu
670 293 965 386 onauoonneum
1309 409 1315 421 ,
1398 327 1446 393 ,ιι

106 439 128 478 n
144 429 209 472 aare.
223 430 252 470 ao
266 429 291 470 ι.
412 450 415 458 ·

106 533 166 596 qne
192 523 316 596 semper·
340 515 502 576 immutari.
540 517 614 578 item
638 519 778 598 antiquos
802 519 844 578 att
867 534 923 596 per
946 533 963 576 e
987 525 1019 577 et
1041 517 1052 576 i
1075 515 1280 599 scribendum,
1303 519 1447 598 quoniam

106 625 261 704 significet
285 631 364 686 aute.
403 623 483 704 quod
509 623 583 686 mibi
606 625 750 706 lrigidum
769 634 800 685 et
823 625 962 703 ineptum
986 621 1115 706 videtur,
1139 633 1169 686 et
1189 625 1283 686 multo
1308 625 1446 705 frigidius

104 731 197 814 illud,
221 731 304 812 quod
329 725 395 794 ‘itti’
415 749 536 813 quoque
557 731 635 814 apud
656 731 790 794 illumin
815 739 943 812 utraque
969 729 1080 812 syllaba
1104 749 1159 814 per
1184 751 1200 794 e
1223 734 1284 796 eti
1308 731 1446 794 scribun-

106 853 167 921 tur,
193 840 276 922 qnod
297 843 438 904 riuosnm
458 851 513 902 est.
546 843 578 902 in
590 841 756 921 'superiore
777 840 858 901 enlm
878 841 1000 902 nomine
1020 852 1067 904 est
1086 841 1193 904 saltem
1212 840 1312 922 aliqua
1331 841 1445 902 mentio

79 959 122 1010 te
147 947 270 1010 litterae
295 951 327 1010 in
351 944 571 1032 ἐιυμολογίᾳ,
595 947 645 1009 bic
669 947 758 1010 nulla.

200 1055 281 1119 Saue
305 1055 400 1119 basim
425 1065 456 1119 ct
479 1055 589 1138 pelvim
612 1075 668 1137 per
691 1058 727 1133 il
748 1056 927 1140 scribamus,
951 1061 1093 1139 quoniam
1116 1068 1148 1121 et
1172 1057 1304 1122 basicnla
1328 1067 1360 1122 et
1382 1057 1444 1139 pel-

105 1163 205 1226 vicula
230 1163 386 1245 scribitur,
409 1175 440 1226 et
463 1162 591 1226 ablativo
615 1181 687 1226 casu
712 1167 722 1226 l
746 1165 907 1247 finiuntur,
931 1165 968 1228 ab
992 1165 1048 1228 bac
1073 1165 1137 1228 basi
1162 1163 1192 1228 it
1215 1166 1252 1227 ab
1277 1166 1333 1228 bac
1356 1163 1444 1247 pelvi.

198 1271 349 1335 Alimenta
373 1291 495 1353 quoque
515 1291 570 1354 per
589 1274 601 1335 l
619 1271 786 1354 elegantius
806 1274 985 1357 scribemus,
1009 1293 1099 1356 quam
1124 1273 1276 1337 alumenta
1298 1293 1354 1355 per
1378 1293 1406 1335 ιι.

16 1416 17 1436 ι
107 1439 118 1459 ,
198 1379 351 1453 Quasdam
382 1398 452 1443 vero
481 1383 663 1462 scriptiones
693 1384 826 1462 antiquis
854 1382 1076 1465 relinquamus,
1104 1391 1137 1445 ut
1166 1385 1197 1444 in
1221 1401 1258 1445 eo
1288 1380 1368 1464 quod
1397 1390 1444 1444 est

70 1465 173 1584 1⁰{uu
212 1487 257 1551 illi
280 1491 360 1552 enim
384 1507 440 1571 per
463 1507 543 1571 quor
565 1487 747 1572 scribebant,
772 1501 806 1553 ut
830 1509 921 1572 supra
945 1491 1020 1554 dixi:
1044 1509 1113 1554 nam
1137 1500 1168 1554 ct
1191 1494 1290 1571 ipsum
1315 1491 1366 1552 cui
1388 1507 1444 1570 per

102 1600 189 1680 quoi,
212 1616 274 1678 quo
298 1601 442 1679 pinguius
466 1606 598 1680 sonaret,
620 1600 809 1660 scribebant.
846 1617 902 1662 nos
926 1602 1062 1662 contenti
1085 1617 1191 1662 sumus
1215 1619 1271 1681 per
1290 1617 1346 1662 cur
1369 1599 1442 1660 scri·

101 1703 188 1786 bere,
203 1713 240 1766 nt
254 1703 441 1784 plenitudine
458 1721 579 1786 quoque
593 1705 739 1768 sufficiat:
753 1723 822 1768 nam
837 1714 885 1768 cst
895 1686 965 1768 tou,
980 1701 1045 1768 rei'.
1073 1709 1167 1770 mium
1182 1715 1213 1770 et
1232 1708 1442 1770 commtrcium

102 1831 231 1894 quoque
254 1831 310 1894 per
333 1815 345 1874 l
368 1813 500 1893 antiquis
524 1811 744 1895 relinquamus,
773 1812 852 1894 apud
882 1831 958 1895 quos
988 1832 1084 1895 aeque
1109 1822 1139 1876 et
1161 1813 1326 1878 blircurius
1353 1816 1442 1896 peri

101 1920 275 2003 dicebatur,
299 1919 379 2002 quod
404 1920 608 1983 mirandarum
633 1939 737 1984 reram
762 1931 844 1984 esset
866 1924 1017 2006 inventor,
1041 1933 1074 1984 ut
1093 1919 1187 1984 Varro
1208 1923 1290 1986 dicit
1328 1923 1442 1986 nostris

67 2033 165 2091 uiam
194 2027 321 2090 auribus
345 2027 444 2110 placet
466 2047 522 2110 per
545 2049 578 2112 c,
605 2040 640 2092 ut
663 2037 693 2091 et
717 2028 887 2091 Mercurius
911 2038 942 2092 et
964 2033 1145 2094 commercia
1174 2031 1322 2094 dicantur.
1368 2033 1442 2092 item

101 2141 173 2200 miis
197 2157 254 2220 per
277 2139 303 2220 i,
326 2155 387 2199 non
411 2139 486 2198 meis
509 2154 565 2217 per
589 2155 621 2219 e,
648 2147 682 2199 ut
704 2136 868 2199 Terentius

240 2255 277 2306 at
294 2246 390 2308 enim
409 2247 503 2306 istoc
524 2243 614 2306 nibil
634 2253 691 2306 est
710 2247 837 2326 magis,
854 2243 957 2328 Syre,
974 2249 1055 2310 miis
1074 2251 1217 2329 nuptiis
1237 2247 1441 2312 adversim.

196 2353 334 2416 tontum
360 2365 391 2415 et
413 2356 520 2416 seiunx
550 2355 615 2415 sinc
640 2371 660 2416 n
685 2351 773 2434 [non]
800 2363 888 2434 putat
910 2353 1001 2417 Nisus
1031 2374 1098 2419 esse
1127 2356 1337 2437 scribendum,
1366 2374 1440 2438 quo·

100 2465 185 2526 niam
209 2464 350 2543 genetivo
373 2481 446 2526 casu
471 2463 581 2525 iaciant
604 2463 742 2543 coniugis
767 2471 798 2524 et
821 2463 943 2544 seiugis.
986 2463 1060 2527 mibi
1083 2463 1202 2528 videtur
1225 2483 1286 2526 nou
1311 2462 1439 2526 evenen-

195 2647 289 2704 Godee
309 2645 463 2702 Parrhasii
500 2644 672 2718 tquonium
692 2643 835 2716 significat
854 2645 966 2716 antiqui
985 2645 1063 2716 qnod
1154 2654 1241 2720 iper
1260 2663 1276 2704 e
1295 2649 1325 2702 at
1343 2647 1353 2701 i
1372 2647 1438 2702 scri·

99 2747 207 2802 umaur
220 2745 298 2816 quon
316 2746 354 2802 sn
371 2744 465 2801 ussum
485 2745 515 2801 aa
529 2742 677 2815 ruptore
731 2743 917 2800 courum
933 2729 1086 2816 triptota«
1101 2745 1148 2801 aaa
1163 2747 1243 2802 nnn
1299 2745 1438 2820 sonim]

95 2823 229 2887 i'uuaim
303 2826 443 2900 basioula]
462 2827 590 2884 nanicula
663 2829 679 2878 t
699 2821 843 2897 scribitur]
864 2823 1006 2880 scribatur
1079 2826 1158 2883 casui
1176 2826 1311 2884 liniantur
1329 2827 1366 2883 ab
1384 2829 1439 2884 huc

100 2908 164 2964 nuri
258 2916 290 2964 11
311 2913 426 2964 mearet
444 2907 572 2964 contenti
591 2923 687 2962 sumus
707 2921 757 2976 per
777 2922 830 2974 qur
849 2906 971 2962 scribere
989 2909 1023 2962 nt
1040 2907 1220 2980 plenitudino
1239 2925 1296 2980 quc
1316 2908 1439 2966 snifioiat

99 3007 167 3045 narn
193 3007 267 3060 quae
289 2989 411 3046 nimium
429 2992 460 3046 et
482 2988 684 3045 commercium
772 2991 806 3041 18
825 2985 971 3043 marcirias
996 3003 1048 3058 per
1066 2986 1076 3041 i
1096 2986 1266 3044 dicebantur
1354 2997 1389 3046 lt
1407 2991 1440 3046 nt

67 3109 71 3114 -
101 3070 204 3144 Varro]
225 3075 256 3127 et
272 3087 357 3127 norro
432 3075 465 3126 lt
485 3069 601 3126 auribus
620 3068 671 3124 sed
688 3085 741 3140 per
760 3084 775 3123 e
795 3067 826 3122 et
843 3069 877 3122 ut
895 3067 1050 3124 mercurius
1126 3075 1158 3124 tt
1178 3068 1271 3141 magis
1290 3087 1341 3126 om.
1358 3069 1388 3138 C,
1407 3072 1440 3126 in

99 3169 189 3223 mg.
208 3152 310 3208 udde

194 3324 208 3371 1
228 3317 348 3385 sortasse
366 3315 501 3388 qnoniam
520 3313 663 3387 significet
682 3329 730 3369 eos
750 3309 800 3382 qni
819 3311 885 3367 autc
904 3310 1019 3367 fuorunt
1097 3318 1114 3368 3
1134 3312 1195 3369 illei
1215 3329 1327 3384 quoqne
1345 3311 1374 3368 R

99 3414 151 3469 per
171 3414 188 3454 e
208 3399 239 3453 et
256 3397 267 3452 i
286 3396 461 3465 scribantur,
481 3395 557 3467 qnod
576 3392 739 3450 uitricum:
759 3393 790 3448 in
808 3392 953 3463 superiore
973 3393 1049 3448 enim
1068 3391 1183 3450 nomine
1203 3400 1246 3451 est
1265 3395 1366 3452 saltem
1385 3396 1438 3453 ali·

100 3496 158 3550 qna
176 3479 285 3536 mentio
304 3494 320 3534 e
338 3477 466 3546 litterae,
485 3476 662 3548 etymologia
679 3474 760 3530 nulla
778 3490 854 3530 sane.
879 3473 972 3528 basim
990 3470 1019 3526 R
1092 3479 1110 3527 4
1129 3473 1205 3543 quod
1224 3473 1359 3531 viticmm
1379 3477 1436 3549 est]

100 3579 139 3616 on
154 3562 255 3632 patiam
273 3557 350 3631 quod
369 3558 438 3614 lucit
457 3556 563 3613 usum?
655 3561 671 3611 6
697 3554 790 3610 basim
807 3560 833 3610 et
850 3555 949 3610 ἆιιιιιιι
972 3553 1101 3610 ιιιίιιιιι
1119 3561 1144 3610 ιι
1166 3553 1230 3610 basi
1248 3573 1283 3612 en
1308 3557 1437 3627 principe

99 3643 223 3698 eddim
245 3640 350 3711 recepi,
372 3655 541 3710 mmmmm
564 3637 641 3692 baad
662 3639 719 3693 scio
738 3653 778 3692 oo
799 3638 894 3706 potius
917 3635 1019 3690 tussim
1046 3635 1185 3692 turricula
1203 3635 1278 3692 tussi
1295 3639 1437 3708 scripserit

99 3723 217 3794 lom
290 3720 434 3792 peluicula
457 3719 611 3786 scribatur,
636 3720 666 3774 et
683 3717 812 3774 ablatiuo
832 3733 900 3772 casn
919 3714 1054 3770 liniantur
1072 3713 1101 3769 R
1194 3722 1227 3772 10
1252 3734 1337 3788 supra
1363 3718 1435 3792 dixi]

95 3819 126 3873 p.
146 3808 229 3868 71,2
315 3807 347 3856 11
368 3816 425 3871 qno
444 3799 578 3870 pinguius
598 3801 725 3867 sonaret,
744 3796 873 3853 contenti
891 3811 988 3850 sumus
1006 3811 1058 3865 per
1077 3795 1122 3852 cni
1141 3796 1277 3866 scribere,
1296 3801 1329 3856 ut
1346 3799 1437 3870 pleni·
1470 3826 1474 3833 ·

98 3883 199 3939 tudine
219 3881 288 3954 quoi
306 3881 437 3939 sufficiat.
475 3880 607 3950 Namque
629 3877 749 3934 nimium
773 3879 802 3934 et
826 3877 1026 3934 commercium
1046 3877 1074 3934 tt
1185 3885 1218 3934 12
1244 3895 1310 3936 nam
1330 3887 1373 3936 eat
1391 3881 1437 3936 cni

99 3963 138 4020 rei
163 3965 267 4034 empti
291 3963 351 4018 coll.
371 3979 403 4033 p.
419 3967 464 4030 71,
483 3965 501 4016 3
521 3965 565 4016 est
583 3960 659 4016 enim
680 3959 738 4015 ‘cui
757 3958 821 4026 rei',
841 3959 919 4029 quod
942 3959 1084 4032 significat
1104 3961 1152 4017 ‘cb
1172 3975 1261 4031 quam
1280 3961 1361 4018 rem’.

98 4044 190 4100 mium
209 4045 333 4100 restituit
352 4043 549 4110 emunctam,
569 4038 764 4098 commircium
783 4044 809 4094 et
827 4039 925 4095 ἀιίπιιι
944 4039 1094 4096 Mircurius
1115 4041 1222 4097 Iustius
1310 4049 1343 4098 13
1364 4042 1435 4098 Mer·

99 4123 187 4180 cirine
210 4140 262 4195 per
280 4123 291 4180 i
315 4123 476 4192 dimbatur,
502 4123 579 4194 quod
602 4120 797 4178 mirandarum
816 4127 892 4176 esset
910 4140 1005 4180 rerum
1031 4124 1170 4180 inuentnr.
1204 4125 1234 4179 et
1253 4122 1343 4178 Varro
1365 4123 1436 4180 dicit

99 4206 205 4262 uostris
231 4207 290 4262 inm
313 4203 430 4262 auribus
454 4203 564 4260 scilicet
585 4219 637 4275 per
660 4219 688 4272 e,
712 4206 743 4258 et
765 4205 799 4257 nt
817 4201 972 4260 Mercurius
992 4204 1020 4258 R
1131 4209 1165 4258 14
1191 4207 1224 4258 ut
1243 4203 1333 4259 Varro
1352 4203 1436 4260 dicit:

98 4289 205 4344 noetria
224 4288 284 4344 iam
303 4285 419 4344 auribus
439 4301 520 4342 secut
543 4285 652 4357 placet,
676 4285 786 4342 scilicet
809 4301 861 4356 per
880 4303 910 4355 o,
934 4289 966 4343 ut
989 4289 1018 4344 et
1037 4283 1192 4342 Mercurius
1213 4287 1242 4340 et
1266 4287 1436 4341 commercia

98 4369 231 4426 (limatur
249 4367 419 4426 Ritacbeiius
436 4373 540 4440 qaum.
562 4365 643 4423 Varr.
661 4385 690 4438 p.
710 4375 749 4425 29
825 4375 859 4425 16
879 4367 1042 4439 Terentius]
1061 4368 1152 4422 iuuet.
1172 4365 1229 4420 tim.
1251 4365 1337 4420 IIII
1354 4369 1381 4432 3,
1395 4362 1433 4423 '21

100 4459 133 4508 ts
152 4451 285 4508 Coniunx
299 4481 335 4492 -
349 4455 394 4520 ts,
409 4457 425 4506 3
439 4448 554 4521 plenior
571 4447 670 4504 veniat
691 4448 783 4504 Velina
798 4449 914 4520 Lmtqua
928 4451 1006 4520 opud
1022 4447 1145 4504 Cassiod.
1159 4463 1188 4516 p.
1204 4451 1285 4503 2287
1340 4448 1401 4506 sine
1416 4467 1435 4505 n

99 4537 181 4605 putet
195 4532 225 4589 R
242 4535 276 4588 in
293 4533 466 4603 corrigendis
484 4537 509 4586 ιι
527 4531 612 4586 editio
628 4529 789 4586 Commeb'm'
822 4589 833 4600 ,
864 4535 897 4584 is
914 4528 1004 4584 isciut
1017 4528 1045 4582 R
1118 4525 1190 4582 mihi
1209 4531 1306 4585 autem
1320 4528 1436 4587 ridetur

98 4633 155 4672 non
174 4613 355 4672 evellendam
374 4613 476 4670 exinde
496 4614 575 4669 banc
588 4611 727 4681 litteram,
751 4627 808 4682 qua
834 4627 920 4668 sonus
940 4609 1143 4666 enuntiationis
1162 4609 1339 4680 exprimitur.
1368 4627 1434 4667 nem

100 4694 231 4764 quumvis
250 4697 359 4751 onena
376 4709 434 4751 non
453 4711 514 4751 esse
534 4692 707 4750 onerandam
726 4690 911 4765 supervacuis
937 4689 1041 4746 litteris
1064 4691 1234 4760 dictionem,
1258 4708 1313 4764 ego
1336 4697 1434 4749 tamen

101 4791 155 4830 uon
173 4775 365 4832 fraudandum
383 4793 483 4832 sonum
502 4773 634 4830 existimo
654 4773 711 4830 suia
734 4773 854 4841 litteris,
878 4772 982 4841 quibus
1004 4770 1117 4844 integer
1141 4775 1171 4828 et
1193 4773 1296 4844 plenus
1315 4775 1433 4830 nuribus

100 4855 248 4912 intimatur
266 4862 396 4927 uccerpto
416 4856 589 4912 cassiodorii
