3564 5482
392 328 459 394 446
894 324 1074 384 turmam
1093 323 1216 382 nsssn

394 517 556 580 Frontonis
576 515 705 596 quodam
724 513 817 599 libro,
841 517 893 597 qul
912 515 1049 577 continet
1068 512 1203 596 exempla
1223 513 1436 578 elocutionum.
1484 516 1582 590 Quem
1602 512 1719 596 quidem

319 655 322 670 ·
393 625 520 708 librum,
543 643 614 687 crim
637 623 678 688 lo.
703 623 877 688 Zamnscius
901 631 1020 706 noster,
1044 623 1219 688 adolescens
1242 623 1495 708 litteratissimus,
1523 643 1560 688 ex
1585 623 1667 687 ltalia
1691 625 1719 684 in

393 733 549 798 Poloniam
573 732 609 796 ad
634 751 681 796 me
707 735 854 816 misisset,
883 735 1026 816 quoniam
1050 742 1137 796 antea
1161 750 1283 816 quoque
1307 751 1344 796 ex
1368 751 1405 796 eo
1429 733 1573 816 Sigonius
1597 732 1718 814 quadra·

394 845 476 924 ginta
506 842 569 905 ieru
604 840 659 902 alia
692 841 859 922 fragmenta
892 840 1050 922 elicuerat,
1083 843 1175 924 inque
1208 859 1294 904 suam
1326 843 1528 925 posteriorem
1561 841 1718 905 editionem

394 949 604 1034 transtuleram
627 949 696 1014 dedi
720 953 839 1033 etipse
864 967 1001 1034 operam,
1026 956 1059 1012 nt
1083 949 1153 1013 inde
1176 953 1266 1014 etiam
1291 959 1322 1014 st
1340 950 1411 1015 huic
1431 961 1553 1014 nostrae
1573 970 1719 1015 commen·

395 1058 509 1123 dationi
532 1061 665 1122 accessio
690 1058 833 1122 nonnulla
857 1062 993 1140 quaesite
1016 1077 1083 1122 esse
1108 1054 1293 1123 videretur’:
1317 1060 1357 1122 cl.
1381 1060 1467 1122 irus.
1491 1079 1519 1142 p.
1544 1057 1621 1124 226.

486 1167 623 1251 Denique
648 1187 685 1232 ex
708 1167 766 1230 boc
790 1185 902 1251 genere
926 1167 1066 1230 codicum
1090 1168 1148 1230 istit
1170 1170 1197 1230 is
1221 1186 1282 1250 quo
1306 1167 1513 1232 Lndoricus
1537 1169 1666 1232 Carrio
1693 1171 1720 1230 in

396 1277 528 1341 editione
553 1275 687 1340 Saliustii
710 1279 922 1359 Antverpiensi
945 1295 970 1338 a.
999 1273 1084 1338 1579
1109 1295 1184 1341 usus
1207 1287 1268 1361 est,
1291 1295 1473 1360 quamquam
1495 1281 1523 1342 is
1548 1297 1610 1342 unu
1633 1277 1721 1340 Fron·

398 1397 512 1470 touem,
546 1385 599 1450 sed
624 1388 805 1450 tirstsiannm
830 1385 976 1469 llessurn,
1009 1404 1100 1468 quern
1133 1386 1221 1468 dicit,
1253 1394 1408 1450 auctorem
1438 1385 1506 1449 libri
1536 1387 1721 1469 appellarit.

396 1497 453 1559 lroc
479 1499 598 1559 nomine
624 1497 705 1559 enim
729 1497 849 1577 saepius
873 1513 943 1559 cunr
967 1497 1213 1558 commemorarit
1236 1497 1325 1578 eique
1349 1498 1466 1578 primus
1490 1515 1525 1558 ea
1543 1513 1622 1576 quae
1640 1505 1722 1557 antea

399 1606 552 1669 Frontone
581 1615 704 1668 auctore
733 1614 855 1687 recepta
884 1614 970 1667 erant
994 1603 1170 1686 vindicavit,
1199 1607 1231 1666 in
1256 1603 1325 1667 Sall.
1350 1604 1454 1686 fragm.
1478 1605 1548 1667 bist
1572 1603 1585 1666 l
1609 1601 1630 1666 9
1654 1624 1682 1686 p.
1704 1600 1721 1664 6

399 1714 446 1778 ed.
474 1713 545 1778 llnv.
577 1724 701 1778 armato
732 1723 863 1777 montem
895 1732 1021 1776 sacrum
1053 1723 1147 1792 estque
1175 1715 1358 1776 Auentinum
1391 1717 1516 1790 insedit,
1549 1708 1723 1776 ‘Arusianus

400 1824 488 1887 bless.
516 1821 616 1886 libello
649 1821 686 1884 de
720 1821 925 1886 elocutionum
954 1821 1113 1905 exemplis,
1146 1841 1237 1905 quem
1270 1823 1392 1905 qnidam
1421 1825 1523 1904 inepte
1556 1824 1670 1904 pariter
1696 1833 1723 1882 et

400 1935 566 1997 inscienter
585 1932 653 1996 Cor.
672 1930 820 1995 Frontoni
840 1930 990 2015 tribuunt,
1015 1931 1088 1995 baec
1109 1930 1289 1996 Sallustiana
1312 1926 1415 1994 citat':
1440 1931 1479 1994 ci.
1497 1933 1584 1995 arras.
1603 1951 1633 2014 p.
1653 1927 1722 1992 236.

401 2045 500 2124 ipsum
524 2041 659 2105 codicem
684 2039 885 2104 Elnonensem
909 2040 1004 2104 luisse
1028 2040 1102 2104 dicit
1125 2044 1155 2104 in
1181 2042 1284 2124 iragm.
1303 2040 1370 2104 bist
1392 2039 1405 2102 l
1425 2037 1516 2124 8512.
1536 2037 1721 2104 soecuu.

400 2161 637 2214 maturaverunt
669 2153 841 2213 exercitum
873 2151 1108 2228 Dyrrlrocltium
1145 2170 1270 2228 cepere,
1308 2145 1486 2213 ‘rimsianus
1524 2150 1630 2212 ecdem
1667 2167 1721 2230 quo

401 2262 558 2342 superiora
577 2258 669 2322 libro:
693 2261 777 2337 uoco
796 2267 826 2324 tc
845 2261 975 2322 mosum.
1013 2260 1247 2340 Dyrrhachium
1266 2267 1367 2322 autem
1382 2262 1471 2342 posui
1485 2277 1541 2342 pro
1555 2261 1722 2338 brachium,

329 2411 333 2420 ·
401 2369 481 2452 quod
505 2370 547 2432 lta
570 2370 601 2430 in
625 2366 702 2431 libro
726 2366 891 2432 Elnonensi
915 2364 1027 2432 esset':
1051 2369 1089 2432 cl.
1113 2369 1200 2432 brus.
1223 2388 1252 2450 p.
1276 2365 1352 2432 218.

492 2477 599 2542 Omnia
632 2486 733 2540 autem
766 2495 843 2558 quac
877 2495 913 2540 ex
947 2476 994 2538 his
1026 2475 1113 2539 libris
1145 2475 1216 2539 olim
1250 2473 1286 2538 ab
1324 2473 1492 2538 editoribus
1527 2473 1661 2537 Sallustii
1696 2483 1723 2534 et

402 2588 557 2651 Ciceronis
581 2584 696 2668 prolata
720 2596 792 2648 sum
815 2603 883 2647 cum
908 2585 978 2648 llaii
1001 2583 1157 2648 codicibus
1181 2583 1268 2666 plane
1289 2587 1505 2649 consentiunt.
1520 2603 1554 2646 ac
1570 2602 1608 2646 ne
1624 2581 1722 2646 Carrio

402 2695 525 2778 quidem
549 2698 579 2758 in
604 2693 769 2758 Elnonensi
794 2697 933 2757 arusiani
961 2693 1079 2776 codice,
1112 2711 1204 2776 quem
1236 2695 1323 2778 dicit,
1355 2693 1443 2775 plura
1475 2691 1606 2777 legebat,
1640 2711 1722 2774 quam

403 2825 479 2887 qnae
504 2807 534 2867 in
559 2806 710 2885 excerptis
734 2803 909 2886 Frontonis,
938 2802 1048 2885 quibus
1073 2802 1183 2884 reliqui
1213 2804 1259 2866 usi
1288 2813 1387 2886 erant,
1416 2805 1529 2885 scripta
1558 2811 1643 2884 sunt,
1675 2799 1721 2864 sed

403 2913 539 2996 exempla
559 2912 693 2976 Sallustii
716 2915 747 2974 in
771 2912 829 2975 illis
853 2930 942 2994 saepe
967 2911 1123 2975 decurtata
1143 2911 1249 2975 eodem
1270 2911 1357 2974 inodo
1376 2913 1518 2994 reperiris
1533 2959 1540 2976 .
1555 2915 1721 2974 coniectura
1743 2926 1747 2934 ·

309 3018 312 3026 ’
403 3028 554 3086 inventam
578 3022 739 3086 lectionem
763 3042 779 3084 e
804 3022 907 3085 codice
931 3040 987 3085 suo
1011 3020 1136 3103 protulit
1160 3023 1191 3084 in
1220 3022 1325 3102 iragm.
1350 3021 1418 3084 lrist.
1443 3020 1454 3082 l
1479 3019 1523 3083 24
1551 3020 1632 3102 apud
1655 3023 1720 3082 ,iru-

403 3136 521 3196 sianum
545 3152 573 3216 p.
597 3128 678 3214 233,
698 3150 819 3210 auarus
843 3135 938 3208 illius,
963 3132 1025 3193 Sul.
1050 3132 1118 3193 bist.
1144 3133 1162 3194 I
1183 3140 1214 3194 et
1236 3134 1359 3194 clemeri
1380 3148 1486 3193 eorum
1512 3130 1651 3193 Metellus
1670 3147 1722 3207 per

403 3249 525 3308 litteras
545 3261 680 3323 pucros,
704 3239 755 3302 ubi
779 3259 834 3322 pro
859 3251 888 3304 et
911 3245 1046 3316 numeri,
1076 3239 1156 3322 qnod
1185 3242 1216 3302 in
1240 3239 1325 3302 libris
1350 3257 1439 3302 laianu
1463 3241 1586 3320 scriptis
1610 3238 1722 3320 legitur,

405 3356 527 3416 itineris
550 3353 671 3432 scripsit
690 3350 744 3412 hac
765 3349 864 3412 addita
882 3347 1074 3411 adnotatione
1094 3368 1122 3430 p.
1142 3347 1186 3411 40
1206 3349 1252 3411 ed.
1271 3346 1352 3429 llas,
1376 3343 1429 3410 ‘ita
1448 3349 1479 3410 in
1499 3365 1566 3410 meo
1581 3348 1722 3410 Arusiano

405 3474 460 3546 est,
475 3460 554 3543 qarod
570 3459 607 3521 ab
626 3459 692 3522 aliis
712 3459 770 3541 legi
789 3458 888 3520 siden:
913 3467 943 3521 ct
960 3461 1097 3520 rnuneris
1115 3475 1244 3520 eorum.
1264 3455 1348 3520 male.
1386 3455 1503 3519 llessus
1518 3459 1548 3519 iu
1563 3455 1722 3520 locutione:

402 3589 525 3657 pausus
548 3563 646 3632 illius'
670 3615 677 3632 .
702 3579 839 3630 ceterum
871 3575 941 3649 post
968 3566 1143 3628 Carrioncm
1178 3585 1236 3628 sion
1266 3566 1386 3628 invenio
1415 3583 1431 3627 a
1460 3575 1612 3646 utinquam
1640 3565 1720 3627 Elno·

406 3699 530 3744 oensem
555 3681 695 3741 drusiani
718 3678 853 3740 codicem
878 3684 1146 3738 commemoratum
1170 3693 1251 3756 esse,
1276 3691 1374 3756 neque
1398 3675 1478 3736 iuter
1501 3672 1622 3736 codices
1641 3673 1722 3735 Elno·

406 3809 515 3853 nenses
539 3791 591 3871 (μή
615 3806 696 3850 nunc
719 3793 885 3869 supersunt
908 3788 974 3847 eius
998 3785 1142 3846 memoria
1166 3793 1254 3846 extat.

495 3897 591 3960 Nimis
615 3894 702 3978 longa
726 3893 929 3976 disputatione
954 3911 1030 3975 opus
1054 3893 1111 3955 luit
1134 3892 1171 3954 ad
1200 3894 1333 3955 rationes
1362 3909 1468 3953 eorum
1496 3891 1650 3975 codicum,
1676 3892 1723 3971 qni

404 4007 501 4070 adbuc
536 4009 566 4068 in
600 4004 676 4067 libro
710 4005 850 4066 irrisioni
882 4005 1021 4083 usurpati
1054 4009 1139 4083 sunt,
1173 3999 1376 4084 explicandas,
1409 4019 1590 4083 quamquam
1624 4018 1721 4064 eorum

355 4097 358 4115 ²
404 4118 539 4178 omnium
573 4110 686 4176 nullam
718 4111 877 4176 utilitatem
910 4129 977 4174 esse
1012 4129 1048 4172 es
1081 4109 1128 4171 his
1161 4111 1234 4190 ipsis
1268 4127 1344 4191 qnae
1378 4109 1439 4172 dixi
1472 4121 1596 4192 apparet
1626 4159 1632 4172 .
1661 4125 1721 4172 nana

404 4227 579 4306 incorrupta
604 4225 715 4285 veteris
740 4223 907 4301 scripturae
933 4219 1007 4280 tides
1030 4237 1066 4281 ex
1092 4219 1155 4280 solo
1175 4217 1326 4282 Parrhasii
1346 4217 1463 4301 codice,
1487 4237 1578 4301 quern
1596 4221 1721 4300 priorem

316 4325 320 4334 ¹
404 4333 480 4413 dixi,
504 4333 711 4414 cognoscitur3
739 4329 855 4410 reliqua
878 4327 1062 4411 apographa,
1091 4325 1275 4408 ubicumque
1305 4326 1341 4389 ab
1370 4325 1420 4390 illo
1449 4326 1646 4409 dissentiunt,
1677 4333 1721 4386 aut

405 4459 510 4505 errore
535 4438 733 4502 scribentium
758 4438 917 4521 depravata
941 4446 993 4500 atat
1016 4439 1200 4499 coniecturis
1230 4435 1372 4500 italorum
1403 4446 1433 4497 ct
1456 4434 1649 4516 batavorum,
1676 4435 1722 4514 qui

405 4549 532 4613 multum
557 4566 666 4631 operae
691 4547 762 4610 olim
786 4550 816 4610 in
841 4547 898 4608 boc
922 4545 999 4608 libro
1029 4545 1265 4630 collocaverunt,
1294 4553 1406 4608 mutata
1435 4552 1506 4606 strnt
1530 4593 1537 4606 .
1562 4547 1663 4625 itaque
1690 4541 1720 4602 ad

406 4661 581 4723 memoriam
600 4657 757 4720 Bobiensis
782 4657 895 4752 codicis
918 4655 1136 4718 restituendam
1155 4655 1235 4718 bunc
1256 4672 1348 4718 arnum
1368 4653 1477 4715 ducem
1496 4661 1621 4716 secutus
1640 4669 1720 4714 sum.

405 4766 581 4849 compendio
610 4769 700 4828 etiarn
730 4767 909 4847 scripturae,
945 4762 1055 4843 quibus
1087 4766 1206 4825 nomina
1240 4765 1423 4845 scriptorum
1458 4771 1489 4824 et
1520 4760 1679 4842 librorum,
1707 4777 1720 4818 e

406 4875 516 4958 quibus
549 4874 684 4958 exempla
723 4875 927 4937 elocutionum
964 4875 1057 4954 petita
1094 4881 1179 4953 sunt,
1216 4872 1381 4952 significata
1414 4878 1515 4952 erant,
1552 4889 1589 4932 ex
1627 4867 1719 4932 codice
