3602 5482
598 305 669 388 nes
689 279 940 364 oecumenica
1372 305 1438 372 369

98 517 127 580 p.
152 493 273 578 nupt
292 492 400 560 scribit
423 493 512 578 haec,
535 502 609 558 etant
631 503 662 560 et
685 499 768 560 elice
791 499 956 562 verborum
978 515 1034 562 seu
1058 503 1312 578 conlupntionnrn
1335 501 1437 562 obser

99 611 241 670 notiones
265 607 421 680 diversae,
444 623 523 682 quos
546 608 702 684 completis
726 610 837 672 ordine
857 609 1003 687 pertidus
1026 615 1096 672 ecto
1119 612 1271 673 orationis
1294 611 1440 689 deinceps

99 719 309 794 adiungemus
328 693 340 778 ⁶.
359 712 397 776 de
421 714 687 778 coniunctionibus
711 733 781 778 oum
805 722 888 779 certa
913 713 1076 777 uerborum
1100 715 1244 796 qualitate
1268 719 1440 780 coniunctis

99 845 129 909 p.
139 821 184 887 47
201 823 307 886 eadem
321 822 465 905 leguntur
479 831 511 886 et
524 822 604 905 apud
615 823 785 888 Chat-isium
794 845 823 908 p.
834 821 953 907 226,11
967 832 998 887 et
1012 823 1091 907 apud
1102 823 1277 888 Diomedem
1287 845 1315 908 p.
1327 821 1439 911 392,1;

99 934 138 997 de
151 950 210 997 trau
221 941 252 996 et
264 933 482 1015 significatione
496 935 754 1014 praepositionum
764 953 793 1016 p.
803 930 890 998 ten
899 935 1148 996 coniunctionum
1159 952 1187 1016 p.
1198 929 1243 997 50
1252 934 1330 1016 apud
1342 934 1438 998 solum

100 1042 279 1107 Diomedem
292 1060 321 1125 p.
336 1039 510 1126 411,14n
522 1038 621 1126 4tt,1
638 1091 645 1106 .
661 1045 692 1105 lu
711 1043 758 1106 lais
777 1042 856 1126 apud
875 1041 1054 1106 Dositheum
1074 1043 1173 1107 addita
1196 1052 1268 1106 sunt
1290 1042 1379 1128 haec,
1402 1043 1439 1106 de

101 1153 318 1215 coniunctione
332 1155 362 1216 si
373 1171 403 1234 p.
417 1148 462 1215 48
482 1159 626 1234 quattuor
644 1151 781 1235 exempla
800 1171 837 1216 ex
856 1151 972 1235 Hecyra
989 1151 1140 1236 Terentii,
1164 1151 1201 1215 de
1226 1154 1439 1217 coniunctione

101 1278 291 1340 quemquern
313 1281 343 1343 p.
361 1257 406 1324 49
426 1278 522 1324 mum
541 1259 713 1344 exemplum
732 1259 888 1326 Ciceronis
907 1281 945 1326 ex
962 1265 1061 1346 prima
1081 1264 1218 1326 oratioue
1237 1263 1268 1324 in
1281 1259 1439 1325 Catiliuam

101 1371 248 1454 petitum,
272 1369 309 1432 de
333 1371 547 1434 coniunctione
571 1389 611 1434 rae
633 1389 662 1452 p.
682 1365 726 1434 50
745 1371 818 1434 item
838 1389 933 1434 uuum
952 1370 1123 1453 exemplum
1144 1369 1277 1434 Sallustii
1300 1388 1338 1434 ex
1360 1369 1440 1434 bello

102 1479 294 1564 Catilinarlo,
318 1497 395 1562 qnae
417 1478 555 1562 exempla
579 1478 616 1542 ab
636 1479 703 1542 aliis
721 1482 925 1562 grammaticis
944 1482 1035 1544 citata
1054 1499 1115 1544 non
1135 1482 1245 1544 inveni.
1282 1488 1440 1562 praeterea

103 1587 141 1652 de
165 1589 392 1672 praepositione
416 1607 445 1670 p.
463 1584 508 1651 42
533 1587 728 1652 memorabile
752 1598 800 1652 est
822 1607 933 1653 nomen
953 1589 1126 1654 Sacerdotis
1146 1592 1177 1652 in
1197 1588 1336 1671 exemplo
1354 1607 1440 1671 prae·

104 1698 267 1780 positionis
295 1699 525 1782 adscriptum,
554 1699 599 1762 od
621 1699 823 1762 Sacerdotem
846 1745 853 1762 .
878 1698 1009 1780 denique
1038 1699 1074 1762 da
1104 1700 1315 1762 interiectione
1343 1718 1372 1781 p.
1396 1693 1440 1762 53

103 1824 201 1890 pauca
230 1825 268 1869 ex
297 1817 361 1871 arte
386 1807 494 1872 Donati
522 1806 676 1889 adscrIpto
706 1810 828 1870 nomine
857 1810 1045 1891 grammatici
1073 1807 1172 1872 addita
1202 1817 1366 1872 sunt.e1
1393 1807 1440 1870 his

104 1926 208 1979 autem
238 1933 315 1997 quae
348 1914 410 1980 dixi
441 1915 501 1979 hoc
533 1933 681 2000 apparere
715 1914 797 2000 uolo,
829 1914 1008 1980 Ilositheum
1040 1936 1140 2000 neque
1169 1937 1206 1981 ex
1236 1917 1365 1981 Charisii
1395 1916 1441 1980 uel

104 2023 261 2088 Diomedis
284 2023 372 2088 libris
395 2043 494 2108 neque
519 2045 556 2090 ex
580 2024 781 2089 Bobiensibus
806 2027 958 2107 excerptis
982 2045 1117 2109 eaquae
1142 2046 1212 2090 cum
1242 2026 1290 2089 his
1315 2045 1439 2090 consen·

105 2137 188 2198 tiunt
210 2135 368 2218 petivisse,
391 2134 445 2198 sed
469 2154 504 2198 ea
528 2137 629 2198 omnia
652 2153 729 2216 quae
752 2137 869 2218 pariter
892 2135 971 2218 apud
1003 2135 1058 2199 laos
1086 2138 1298 2218 grammaticos
1327 2136 1439 2217 scripta

105 2252 180 2308 suot
204 2262 241 2306 ex
265 2243 434 2324 antiquiore
458 2245 541 2307 Ionte
567 2243 673 2309 hausta
698 2264 774 2308 esse.
821 2263 890 2308 nam
910 2264 947 2308 ne
967 2244 1127 2308 Bobiensia
1146 2244 1268 2328 quidem
1288 2253 1439 2329 excerpta,

105 2372 184 2436 quae
210 2351 281 2416 olim
310 2347 358 2416 ‘ex
383 2361 448 2416 arte
472 2353 601 2418 Charisii
630 2349 785 2437 excerpta'
813 2356 970 2437 inscripsi,
999 2375 1036 2418 ex
1064 2354 1112 2418 lais
1140 2356 1328 2437 grammatici
1356 2353 1441 2418 libris
1553 2370 1557 2376 ·

105 2482 185 2546 qnos
209 2480 291 2526 nunc
319 2460 465 2527 habemus
494 2467 601 2549 petita,
634 2463 687 2527 sed
716 2482 752 2528 ex
780 2466 951 2546 antiquiore
981 2466 1104 2547 origine
1127 2463 1216 2528 ducta
1246 2470 1332 2546 sont,
1360 2464 1439 2546 quod

106 2591 177 2637 cum
211 2571 282 2635 olim
312 2570 463 2636 Christius
496 2572 602 2637 Phitot
632 2593 656 2636 r.
686 2571 780 2636 XVIII
813 2592 841 2655 p.
873 2569 938 2637 136
967 2591 1031 2656 sqq.
1064 2582 1204 2638 accurata
1236 2571 1441 2654 disputatione

106 2681 339 2763 demonstravit,
373 2689 437 2746 tum
464 2681 599 2744 Ilosithei
632 2681 711 2744 libro
740 2690 914 2764 comparato
945 2685 1033 2745 etiam
1064 2683 1179 2746 certius
1207 2681 1403 2744 confirmatur
1434 2729 1441 2744 .

106 2791 216 2856 habult
240 2799 341 2855 autem
365 2790 529 2855 Ilositheus
553 2808 623 2854 enm
646 2789 772 2872 librom,
796 2809 887 2872 quem
910 2800 980 2874 post
999 2790 1193 2854 Sacerdotem
1213 2793 1441 2873 grammaticum

107 2903 258 2983 scriptum
282 2907 350 2963 ess'e
374 2920 412 2964 ex
437 2903 557 2964 nomme
582 2902 648 2964 elus
673 2909 719 2963 ter
743 2902 775 2964 ln
799 2900 936 2982 exemplo
959 2903 1059 2984 posito
1078 2903 1285 2984 cognoscitur,
1309 2902 1340 2963 in
1365 2901 1442 2963 lianc

107 3011 237 3074 lormam
260 3008 431 3093 redactum,
460 3027 549 3092 quam
578 3017 684 3073 auctor
712 3019 940 3094 excerptorum,
973 3029 1103 3092 quorum
1135 3029 1206 3092 pars
1238 3013 1270 3072 lu
1299 3009 1443 3073 Bobiensi

108 3119 214 3182 codice
238 3120 350 3201 scripta
375 3127 434 3195 est,
458 3119 614 3200 usurpavit
637 3166 645 3180 .
669 3120 733 3200 lpse
756 3128 878 3201 praeter
901 3137 1039 3201 graecam
1063 3122 1359 3203 interpretationem,
1384 3139 1442 3201 qua
1538 3112 1545 3124 '

108 3248 144 3292 ea
168 3247 247 3312 quae
262 3235 466 3311 excerpserat
480 3229 586 3311 auxit,
611 3226 684 3290 uiltiI
708 3238 760 3291 aut
783 3246 878 3310 pauca
902 3229 1022 3292 videtur
1046 3228 1206 3292 addidisse.
1412 3295 1414 3298 .

200 3336 305 3401 Restat
331 3345 364 3400 ut
387 3336 424 3399 de
448 3337 486 3399 iis
509 3336 640 3421 dIcatur,
665 3355 741 3419 quae
766 3346 835 3420 post
858 3339 1083 3420 grammaticam
1102 3347 1212 3423 artem,
1237 3357 1297 3420 quo
1321 3338 1387 3400 Ioco
1411 3345 1442 3401 et

109 3452 141 3512 in
166 3445 354 3529 Sangallensi
383 3454 414 3509 et
442 3448 473 3509 iu
497 3446 669 3510 Monacensi
694 3447 798 3510 codice
823 3449 935 3530 scripta
965 3459 1053 3525 suut,
1083 3447 1194 3510 edidi.
1219 3467 1255 3510 ex
1279 3447 1326 3509 lais
1350 3449 1442 3529 igitur

109 3556 250 3620 idIomata
281 3554 456 3638 verborum,
490 3574 565 3636 quae
599 3558 787 3638 grammatici
815 3555 917 3620 dicere
946 3567 1185 3639 consueverunt,
1213 3557 1343 3619 eundem
1372 3576 1441 3620 con·

110 3683 236 3730 sensum
260 3681 330 3726 cum
349 3663 486 3727 CharIsio
509 3675 540 3729 et
559 3663 717 3748 Diomede,
741 3683 831 3747 quem
852 3665 940 3728 modo
959 3669 989 3730 in
1010 3669 1073 3749 ipsa
1093 3677 1158 3729 arte
1178 3665 1443 3750 deprehendimus,

109 3772 289 3858 praebent.
315 3783 486 3856 sequuntur
513 3776 595 3836 varia
623 3775 759 3857 exempla
792 3775 1013 3860 elocutionum,
1046 3795 1177 3858 (quornm
1212 3779 1338 3838 maxima
1371 3794 1442 3858 pars

108 3904 166 3968 per
190 3881 329 3946 ordinem
352 3882 523 3947 litterarum
547 3883 691 3966 disposita
715 3886 746 3948 iu
765 3883 961 3968 Neapolitano
986 3885 1090 3949 codice
1114 3894 1182 3968 post
1202 3885 1329 3948 Charisii
1349 3883 1442 3946 Ilbros

110 3979 225 4075 scfipta
249 3999 309 4074 est3
333 3990 442 4054 deinde
466 3991 526 4056 duo
551 3993 790 4056 commentarioli
814 3993 851 4057 de
875 4012 985 4076 genere
1010 4003 1183 4076 poematum
1206 4003 1237 4057 et
1261 3994 1298 4057 de
1318 3993 1441 4056 distino-

111 4105 194 4168 tione
223 4119 295 4164 cum
323 4099 475 4164 illomedIs
504 4100 581 4178 libro
611 4106 700 4166 tertio
728 4122 756 4185 p.
781 4100 848 4168 482
877 4111 908 4166 et
935 4102 1069 4166 secundo
1098 4123 1127 4186 p.
1150 4100 1217 4166 437
1246 4105 1287 4167 ita
1314 4121 1441 4165 consen·

111 4217 238 4294 tientes,
262 4220 297 4274 ut
318 4219 440 4294 praeter
464 4221 613 4277 mutatum
637 4216 758 4296 saepIns
781 4212 943 4277 verborum
963 4213 1100 4276 ordinem
1119 4211 1194 4275 niIail
1218 4211 1351 4275 additum
1371 4197 1442 4274 sit.

110 4332 268 4406 postremo
302 4319 368 4382 loco
401 4319 516 4383 indIoes
550 4320 711 4408 verborum
745 4320 906 4385 latinorum
939 4331 971 4385 et
1003 4340 1181 4405 graecorum
1219 4322 1326 4402 scripti
1363 4329 1442 4402 stunt,

111 4441 203 4515 atque
238 4448 274 4492 ex
308 4428 355 4492 his
389 4449 510 4512 quoque
547 4429 641 4494 multa
675 4431 764 4492 simili
797 4431 902 4494 ordiue
937 4431 1081 4514 disposita
1113 4433 1144 4493 in
1178 4430 1281 4493 codice
1315 4428 1442 4491 Charisii

111 4541 256 4623 leguntur
272 4587 279 4602 .
294 4541 431 4620 quamvls
445 4547 548 4603 autem
565 4540 598 4600 in
616 4538 663 4601 his
683 4538 823 4602 omulbus
841 4539 977 4622 partibus
996 4558 1072 4621 quas
1091 4540 1152 4602 dixi
1171 4537 1245 4601 nihil
1264 4541 1443 4616 inveniatur,

112 4649 194 4734 quod
210 4630 243 4712 ei
263 4651 316 4731 qui
335 4649 560 4730 grammatIcam
579 4655 675 4710 artem
694 4651 864 4730 composuit
884 4647 976 4711 tribui
995 4656 1140 4732 nequeat,
1162 4657 1276 4730 tamen,
1301 4649 1440 4728 quoniam

104 4763 165 4823 'eae
190 4776 290 4841 neque
315 4775 385 4820 cum
408 4755 459 4819 illo
483 4756 561 4819 libro
585 4756 866 4838 cohaerentesque
886 4759 966 4820 inter
986 4776 1019 4820 se
1039 4766 1123 4820 certo
1143 4756 1248 4819 ordine
1267 4765 1298 4818 et
1317 4755 1442 4819 consilio

113 4869 294 4933 coniunctae
323 4875 408 4949 sunt,
436 4865 596 4928 admodum
626 4863 751 4928 dublum
780 4873 841 4948 est,
869 4883 942 4928 num
972 4864 1069 4928 eidem
1097 4867 1215 4929 auctori
1243 4863 1442 4929 debeantur.
