3590 5486
601 318 651 375 DE
672 317 969 377 ORTHOGRAPHIA
1384 317 1452 384 265

114 433 138 472 p.
152 421 214 463 urs,
229 421 257 464 ro
270 421 296 464 ι».

204 508 376 569 irmarium
412 507 498 569 iocus
529 505 581 570 nbi
614 525 876 590 quarumcumque
907 507 1019 570 artium
1049 509 1252 571 iustrumenta
1286 516 1452 593 pronuruur,

114 617 380 679 armamentarium
406 613 458 677 ubi
483 622 600 678 tantum
624 615 683 678 teia
707 632 872 680 armorum.
1387 628 1394 635 ·

191 721 330 798 ¹ticcedit
352 740 409 805 per
431 741 448 784 e
473 720 510 784 ab
534 721 730 807 ambtdando,
753 724 864 788 accidit
886 743 943 807 per
966 725 977 786 i
999 723 1037 786 ab
1060 733 1182 787 eventu.

205 828 371 914 belzebub,
394 849 455 894 non
479 827 616 893 belzebul
641 841 693 894 aut
717 830 872 895 belzobnd.
910 830 1018 916 Belial,
1041 850 1103 894 non
1126 831 1233 895 Beiiar.

77 959 89 999 ι
205 937 300 1021 Byrsa
324 957 445 1023 graece,
468 938 560 1001 latine
585 941 711 1002 corium.
1480 1017 1486 1026 ⁶

205 1045 307 1110 lleiius
334 1046 532 1112 bellissimus:
565 1051 803 1131 comparativum
831 1067 892 1112 non
921 1047 1025 1132 babet,
1058 1048 1110 1112 sed
1140 1068 1196 1131 pro
1225 1067 1261 1111 eo
1290 1049 1450 1112 dicendum

114 1156 210 1236 magis
234 1154 332 1220 bellus
355 1167 386 1220 et
410 1175 427 1218 e
451 1159 604 1220 contrario
628 1159 730 1221 miuus
754 1156 865 1240 bellus,
887 1158 918 1221 id
943 1167 990 1221 est
1013 1159 1115 1220 minus
1138 1156 1274 1240 pulcher.

39 1263 41 1266 ’
204 1263 319 1327 Bucina
339 1273 386 1328 est
405 1283 465 1346 qua
479 1267 599 1346 signnm
619 1264 671 1329 dat
689 1265 858 1348 bucinum,
877 1265 1008 1329 bucinus
1026 1267 1093 1348 ipse
1108 1284 1201 1329 canor
1215 1284 1253 1329 ex
1272 1265 1450 1330 beneditus.

115 1372 224 1436 bucina
243 1372 403 1455 pastoralis
422 1381 470 1454 est
489 1384 520 1438 et
539 1392 637 1437 cornu
656 1393 785 1439 recurvo
804 1375 852 1458 iit,
876 1373 956 1438 unde
976 1385 1008 1438 et
1026 1375 1171 1438 ceratinia
1189 1393 1298 1456 graece
1318 1384 1451 1439 uocatur.

79 1503 101 1540 ιι
115 1480 186 1544 tuba
210 1491 313 1546 antem
337 1482 374 1545 de
399 1500 469 1545 aere
494 1482 541 1546 vei
564 1493 690 1565 argento
715 1483 847 1548 eiiicitur
871 1493 902 1546 et
924 1482 1177 1546 sollemnitatibus
1202 1493 1373 1567 concrepat

206 1589 380 1673 Baptismus
404 1579 550 1674 baptismi
568 1611 680 1675 genere
705 1591 872 1655 masculino
896 1601 927 1656 at
954 1590 1102 1674 baptisma
1129 1589 1318 1675 baptismatis
1342 1602 1452 1656 neutro

115 1709 145 1762 et
168 1698 355 1782 baptismum
374 1699 380 1780 Ι
400 1699 543 1783 baptismi
566 1713 662 1784 aeque
687 1711 807 1765 neutro.

205 1807 333 1872 &mam
349 1807 503 1894 bominis,
528 1808 637 1873 barbas
661 1811 813 1892 pecudum
836 1808 928 1872 dices.

205 1915 310 1978 liuxns
333 1915 425 1980 arbor
449 1921 522 2001 erit,
546 1917 660 1982 buxum
684 1921 810 1982 materia
834 1921 907 2001 ipsa.
1267 1995 1269 2000 ,

79 2045 102 2084 u
191 2021 352 2088 ,balneum
380 2033 500 2088 veteres
529 2026 672 2090 dixerunt
700 2029 764 2090 sive
792 2025 959 2090 balineum:
989 2027 1063 2090 nibil
1091 2029 1174 2091 enim
1197 2029 1313 2111 diiiert,
1343 2028 1396 2090 sed
1420 2031 1451 2090 in

113 2133 256 2216 privetis3
285 2137 317 2196 in
345 2132 477 2215 publicis
506 2145 607 2200 autern
634 2137 772 2199 seminini
801 2137 937 2218 generis,
966 2145 997 2198 et
1025 2136 1149 2216 uiridem
1173 2154 1301 2198 numero
1331 2153 1452 2217 semper

112 2241 224 2324 plurali
247 2242 427 2324 frequenter
450 2242 582 2308 balneas.

204 2349 326 2434 Balvae,
350 2351 380 2414 id
404 2361 451 2414 est
476 2351 594 2438 thyrea,
618 2373 674 2437 per
697 2352 718 2415 b
741 2355 895 2436 incipiant

204 2458 366 2524 baratrum
394 2461 589 2543 singulariter
617 2471 733 2526 uotum
764 2463 898 2526 eiiertur.
943 2463 988 2524 sic
1015 2470 1118 2524 antem
1148 2459 1295 2524 vocabant
1324 2460 1452 2542 gentiles

75 2587 100 2628 eo
113 2565 215 2630 locum
239 2567 320 2651 apud
343 2570 467 2633 interos.

206 2675 372 2743 Blanditiae
401 2686 434 2740 et
461 2677 562 2762 bigae,
590 2681 671 2742 sicut
693 2688 725 2741 et
753 2679 849 2760 trigae
877 2688 907 2741 et
935 2679 1111 2760 quadrigae,
1138 2675 1297 2759 pluraliter
1327 2685 1452 2740 tautum.

38 2781 41 2788 ’
114 2784 225 2848 sedin
250 2795 424 2850 nostrornm
448 2785 559 2850 litteris
583 2789 768 2869 scriptorum
791 2795 823 2850 et
846 2785 946 2866 bigam
970 2787 1140 2849 insanimus
1165 2794 1195 2849 et
1219 2785 1406 2868 quadrigam.

206 2892 287 2956 Cana
311 2901 342 2957 et
365 2893 471 2958 Simon
495 2892 670 2957 Cananaeus
693 2912 749 2976 per
773 2892 940 2976 simplicem
964 2913 996 2978 c,
1025 2892 1164 2958 Chanaau
1189 2903 1220 2958 et
1244 2893 1354 2957 mulier
1378 2892 1452 2956 Cha·

114 3019 229 3065 nanaea
253 3002 458 3085 adspiratione
482 3001 590 3067 addita.

76 3130 101 3170 aa
207 3109 351 3192 Cynomia
373 3129 467 3194 perp
491 3114 605 3194 scripta
624 3107 762 3176 caninam
781 3129 918 3175 muscam
937 3113 1100 3195 significae
1124 3130 1217 3194 cynos
1239 3114 1320 3174 enim
1344 3129 1452 3193 graece

114 3220 198 3281 canis
227 3219 353 3282 dicitur:
381 3221 537 3283 coenomia
564 3239 621 3303 per
644 3221 853 3304 diphthongon
877 3239 913 3283 oe
937 3239 1130 3284 communem
1153 3238 1304 3303 muscam3
1333 3237 1450 3282 coerron

114 3329 196 3390 enim
215 3344 323 3408 graece
344 3345 504 3390 commune
524 3340 585 3414 est,
608 3331 688 3394 unde
708 3329 890 3393 coenobium
909 3347 926 3390 a
943 3329 1097 3391 communi
1116 3331 1175 3391 rita
1195 3347 1306 3392 nomen
1326 3329 1453 3409 accepit.

114 3435 196 3517 quod
225 3437 258 3498 in
286 3435 382 3499 exodo
410 3446 442 3499 et
468 3439 500 3500 in
528 3437 672 3520 psalterio
700 3440 732 3499 in
759 3439 867 3520 primis
897 3437 1166 3500 translatumesse
1197 3435 1391 3519 arbitramur,
1420 3444 1454 3498 ut

114 3547 215 3607 omnis
234 3547 355 3627 generis
372 3563 476 3608 musca
496 3547 728 3630 significaretur,
747 3545 801 3608 sed
820 3544 1017 3608 similitudine
1032 3545 1098 3606 sorni
1117 3561 1172 3624 per
1183 3532 1341 3606 'incuriam
1356 3543 1453 3605 conti·

77 3674 101 3714 ao
115 3657 196 3735 gissa
221 3662 256 3716 ut
279 3655 416 3736 cynomia
440 3673 496 3736 pro
520 3654 676 3716 coenomia
700 3651 898 3716 scriberetur.

207 3760 313 3824 Coitus
342 3761 525 3844 generaliter
555 3763 653 3824 omnis
682 3763 822 3823 coeuntia
853 3763 915 3823 sire
939 3761 1059 3823 itineris
1088 3762 1150 3822 sire
1179 3761 1360 3824 concordiae
1389 3762 1452 3824 siue

114 3868 328 3934 conubiorum.

208 4051 223 4100 1
245 4061 424 4116 quarumque
445 4043 474 4098 P
527 4043 708 4102 iBelaebub
725 4062 781 4102 uon
801 4042 931 4100 belzebul
949 4047 1001 4100 aut
1018 4043 1158 4102 belzebud
1177 4043 1206 4098 P
1220 4042 1379 4101 Beelzebub
1397 4060 1454 4100 uon

113 4125 248 4187 belsebul
266 4127 318 4182 ani
336 4123 474 4183 belsebnd
493 4127 555 4196 (aui
573 4124 712 4184 belaebnd
730 4125 766 4194 L)
788 4124 857 4180 ML
930 4125 1027 4182 beliab
1046 4128 1145 4197 priore
1163 4127 1221 4182 loco
1240 4125 1270 4180 Ρ
1337 4131 1453 4195 egrae·

114 4227 181 4266 cnm
201 4207 241 4264 M
305 4206 430 4265 abebat
447 4223 519 4262 corr.
539 4205 647 4262 babent
665 4205 695 4261 P
754 4212 769 4262 't
791 4209 925 4263 econtra
946 4206 983 4262 M
1045 4210 1062 4260 8
1081 4203 1212 4276 bucinus]
1232 4203 1350 4261 bociam
1369 4204 1408 4260 M

115 4296 132 4346 a
153 4287 255 4346 beciua
270 4290 425 4360 posteriorc
443 4287 502 4344 loco
522 4287 560 4342 M
621 4285 759 4344 caratdnia
778 4286 846 4343 ML
866 4289 1038 4345 ΚΕΡΑΤΙΝΙΑ
1058 4286 1273 4354 Purpurione
1333 4288 1455 4343 uocatur

116 4386 219 4443 graece
239 4368 279 4425 M
293 4375 350 4440 geu
367 4371 487 4425 nocetur
507 4367 537 4422 P
604 4373 639 4423 10
658 4369 688 4423 ei
705 4367 737 4424 iu
756 4367 1017 4440 sollempnitatibus
1036 4368 1065 4424 P
1126 4372 1159 4421 11
1180 4367 1209 4421 et
1227 4371 1292 4422 cute
1309 4365 1456 4437 baptisma

116 4469 167 4510 cat.
189 4451 229 4508 M
311 4457 346 4507 13
371 4449 492 4506 dieimm
517 4447 556 4504 M
627 4452 670 4504 »16
692 4448 724 4504 iu
741 4452 896 4519 perimere
919 4451 977 4508 loco
1000 4465 1052 4507 our.
1078 4445 1189 4516 MPL,
1213 4449 1279 4506 cdd.
1306 4449 1456 4508 Charisius

113 4551 144 4604 p.
162 4535 249 4604 99‚4
334 4539 367 4589 1⁷
387 4531 552 4603 effluenter
570 4527 686 4585 Ιιιιὶιιοιιι
705 4546 756 4588 οιιι.
776 4530 803 4585 L
882 4538 916 4589 18
936 4531 1042 4589 Balnea
1060 4530 1091 4586 id
1110 4531 1154 4586 est
1171 4529 1272 4601 thyrea
1293 4530 1331 4586 M
1348 4531 1455 4589 Belbae

117 4613 148 4670 id
166 4619 212 4671 est
230 4616 314 4685 tyrae
335 4613 365 4668 P
381 4611 488 4670 Beluae
507 4612 536 4669 id
555 4614 599 4670 est
617 4610 695 4668 ierac
713 4609 763 4670 Le
843 4617 876 4668 19
895 4611 1051 4668 efferuntur
1069 4610 1099 4666 P
1175 4616 1209 4666 11
1228 4610 1314 4682 bigae
1333 4611 1407 4668 sicut
1425 4617 1456 4669 at

119 4711 170 4752 cac
187 4695 227 4751 M
281 4693 434 4768 pluraliter
447 4697 561 4751 tantum
577 4693 693 4750 effertur
709 4690 738 4747 P
755 4690 906 4764 pluraliter
924 4697 1038 4750 tantum
1056 4691 1247 4752 etiemuturs
1303 4699 1336 4749 13
1356 4710 1457 4766 symon

119 4775 341 4832 obauenaemP
390 4791 481 4832 canan
492 4780 522 4832 ei
535 4773 638 4831 mulier
646 4772 821 4844 aspiratione
836 4774 936 4830 addita
946 4773 1149 4830 chaneueeeP
1196 4772 1371 4832 ‘idCiuomia
1386 4776 1456 4847 peri

121 4857 159 4913 M
213 4856 351 4928 scriptum
365 4856 395 4913 P
446 4863 482 4914 16
497 4855 587 4930 canis]
602 4872 689 4913 cauca
704 4855 733 4910 P
783 4861 818 4911 19
837 4853 1009 4926 signiticaret
1022 4854 1052 4909 P
1087 4861 1138 4911 ·31
1154 4854 1252 4913 omnia
1265 4856 1456 4913 coneuntinL
