3610 5482
585 331 635 388 nn
656 330 954 392 osnnooosruu
1388 317 1431 402 oi

97 445 119 484 ιι.
133 434 197 478 281.
212 434 240 477 Β
253 434 280 476 1³.

99 527 167 582 roto
191 527 277 582 rotas
297 516 415 601 [rotat],
438 526 469 582 et
487 518 552 582 iera
571 518 651 583 ieras
670 528 702 584 et
720 520 787 584 lero
807 521 895 584 ieras.
934 523 978 583 sic
998 539 1054 584 nec
1073 521 1159 586 aliter
1178 523 1324 587 scribitur
1341 541 1435 606 amor,

99 638 130 691 et
155 617 193 691 e'r
219 628 341 690 nomine
361 627 433 690 iacit
451 629 572 710 amoris,
584 615 632 706 ,ex
652 627 744 692 verbo
763 630 882 692 amoris.
901 631 994 694 soils
1013 647 1086 711 ergo
1105 629 1265 693 cohectum
1288 632 1434 712 quaedam

98 754 157 818 per
179 755 197 798 e
221 743 252 798 et
270 737 281 797 i
299 752 362 797 non
385 733 497 798 debere
520 734 623 819 scribi,
646 736 699 799 sed
719 745 837 801 tautum
855 755 912 818 per
930 739 950 820 i,
975 755 1044 800 oum
1064 736 1144 819 apud
1163 735 1293 800 Graecos
1313 731 1446 818 qnoque

99 859 136 905 ex
154 844 251 906 veteri
265 824 315 906 illa
333 842 554 906 consuetudine
573 845 766 908 inveniantur
784 847 906 908 nomina
919 863 1002 935 'quae
1021 863 1077 927 per
1095 847 1106 908 i
1125 843 1311 928 scribuntur,
1330 861 1434 925 quam·

71 954 145 1014 svis
169 951 319 1034 producte
344 953 550 1015 enuntientur.
817 997 820 1004 .
1370 965 1374 971 ·

193 1059 358 1132 Quaeritur
382 1061 464 1136 item,
488 1059 555 1123 luhi
578 1067 610 1125 et
633 1059 749 1126 Claudii
778 1070 809 1124 et
832 1061 965 1126 Cornelii
994 1070 1097 1125 utrum
1125 1080 1180 1144 per
1208 1064 1336 1126 nnuml
1364 1079 1434 1143 pro·

93 1168 231 1231 'ductum
255 1185 293 1230 an
311 1185 367 1250 per
387 1166 447 1230 duo
466 1166 597 1232 debeant
619 1167 721 1233 scribi.
761 1176 793 1232 et
815 1171 892 1232 ratio
916 1170 1009 1250 exigit
1032 1175 1066 1232 ιιι
1088 1167 1180 1232 buius
1203 1167 1271 1231 lnhi
1294 1157 1350 1250 per
1373 1168 1432 1230 duo

98 1279 108 1338 i
133 1273 320 1359 scribamus,
349 1283 408 1338 tam
431 1274 556 1339 hercule
585 1295 675 1358 quam
703 1275 794 1340 buius
816 1274 903 1357 ,pallii
927 1283 958 1339 et
980 1275 1072 1339 butue
1099 1275 1225 1358 graphii.
1268 1293 1329 1338 non
1354 1277 1434 1338 enlm

100 1392 222 1447 tantum
239 1385 271 1446 in
291 1381 465 1447 masculinis
483 1384 542 1448 boc
562 1386 728 1468 quaeritur,
747 1383 801 1446 sed
821 1386 910 1448 etiam
930 1386 962 1448 in
982 1386 1108 1466 neutris,
1127 1383 1269 1465 quoniam
1284 1381 1314 1444 td
1331 1391 1434 1464 postu·
1493 1466 1499 1476 ι

61 1506 86 1545 1⁰
99 1492 142 1554 lat
166 1493 255 1554 ratio.
300 1510 370 1556 nam
395 1511 604 1574 quaecumque
627 1491 728 1554 dativo
751 1491 897 1574 singulari
920 1511 938 1555 o
961 1492 1061 1556 littera
1086 1493 1301 1566 terminantur,
1325 1509 1343 1553 o
1367 1491 1398 1552 iu
1422 1491 1433 1551 t

101 1607 223 1662 mutant
250 1598 442 1664 manentibus
471 1603 581 1665 ceteris
610 1601 719 1665 litteris
749 1603 850 1663 etsie
880 1603 1053 1682 genetivum
1081 1600 1209 1682 iaciunt,
1240 1605 1275 1661 ut
1304 1599 1433 1661 menime

101 1709 235 1790 maximi,
259 1707 386 1789 candido
411 1708 538 1773 candidi.
578 1711 719 1790 sicergo
743 1711 774 1770 tn
798 1707 874 1771 lulio
898 1707 973 1771 nihil
995 1707 1076 1772 aliud
1100 1725 1190 1789 quam
1213 1725 1231 1769 ο
1255 1705 1345 1769 debet
1369 1725 1434 1768 mu·

103 1818 161 1878 tari
189 1823 221 1878 et
244 1815 277 1878 iu
300 1814 399 1898 pallio,
424 1814 541 1898 [atque]
567 1826 600 1880 ut
623 1817 674 1880 liat
695 1815 813 1880 inhiet
835 1815 924 1898 pallii
969 1835 1064 1899 acque
1088 1816 1166 1879 banc
1189 1814 1315 1878 candem
1339 1818 1434 1878 cotio·

101 1941 172 1998 neoc
198 1941 320 1985 servare
344 1921 490 1986 debemus
513 1925 545 1986 in
568 1925 761 1988 nominativis
784 1923 960 2010 pluralibus,
983 1927 1102 1988 etiamsi
1125 1925 1284 2008 pauciores
1305 1921 1435 1986 babeant

63 2043 87 2084 1⁵
101 2029 234 2113 syllabas
258 2033 289 2094 in
313 2033 497 2094 nominativo
520 2029 674 2113 singulari.
721 2031 774 2094 sed
803 2033 945 2113 qnoniam
961 2035 1141 2099 ¹invenimus
1164 2041 1195 2095 et
1218 2032 1434 2094 nominativum

101 2137 253 2220 pluralem
276 2146 308 2202 et
330 2137 464 2201 dativum
489 2137 625 2202 eiusdem
648 2142 768 2202 numeri
791 2158 868 2223 esse,
891 2149 926 2202 ιιι
944 2141 956 2202 t
974 2139 1074 2203 littera
1097 2142 1277 2203 terminatus
1300 2140 1434 2202 nomina·

103 2249 183 2310 tirus
203 2241 208 2330 Ι
230 2245 389 2329 adsumpta
412 2264 427 2307 s
451 2246 540 2310 iaciat
564 2246 706 2330 dativum,
732 2246 865 2311 detracta
890 2248 993 2312 redeat
1017 2266 1125 2312 rursus
1148 2247 1185 2310 ad
1209 2249 1435 2329 nominativum,
1546 2299 1551 2307 .
1636 2277 1641 2284 ·

101 2365 136 2418 ιιι
158 2357 193 2418 ln
217 2373 254 2417 eo
280 2353 360 2436 quod
384 2363 432 2418 est
455 2356 527 2418 honi
550 2355 652 2441 bonis,
675 2353 745 2418 mali
769 2353 868 2438 mdis,
891 2354 974 2418 docti
997 2357 1104 2440 doctis,
1127 2357 1172 2420 sic
1194 2373 1304 2418 rursus
1323 2373 1339 2417 e
1363 2373 1434 2418 con·

99 2465 211 2545 trario,
235 2461 319 2526 loliis
343 2471 374 2526 et
398 2462 530 2528 Claudiis
553 2467 579 2528 si
598 2463 767 2528 detraxeris
790 2482 820 2547 s,
843 2462 1034 2546 relinquetur
1057 2463 1125 2528 lulli
1148 2462 1328 2528 'estlaudtt

62 2585 87 2626 ιι
193 2569 270 2634 illud
300 2572 390 2633 ettam
419 2569 623 2635 adnotandum
651 2574 732 2634 cirea
755 2573 767 2634 i
790 2566 920 2635 litteram
945 2581 1005 2656 cst,
1034 2572 1113 2655 quod
1138 2591 1173 2636 ea
1197 2589 1273 2654 quae
1299 2589 1355 2634 uos
1378 2589 1435 2654 per

101 2698 135 2742 ae
161 2681 279 2760 antiqui
303 2697 359 2760 per
382 2681 410 2740 ei
434 2679 689 2760 scriptitaverunt,
713 2686 747 2740 ut
764 2677 850 2742 luliai
870 2678 1011 2742 Claudiai.
1049 2680 1102 2742 sed
1126 2688 1156 2742 et
1180 2678 1301 2762 quidam
1325 2681 1356 2740 ln
1378 2677 1433 2742 hac

101 2805 225 2868 qnoque
250 2775 415 2867 scriptione
439 2785 601 2848 voluerunt
624 2803 690 2848 esse
715 2785 929 2868 differentiam,
958 2794 992 2849 nt
1014 2784 1139 2868 pluralis
1168 2785 1291 2868 quidem
1314 2788 1433 2849 numeri

101 2896 307 2958 nominativus
331 2911 420 2957 casus
444 2911 499 2975 per
522 2913 539 2954 a
563 2901 594 2956 et
617 2911 634 2956 e
659 2892 854 2976 scriberetur,
877 2895 1034 2974 genetivus
1058 2912 1129 2957 vero
1153 2893 1315 2977 singularis
1339 2913 1394 2977 per
1418 2913 1434 2958 a

101 3014 132 3067 et
156 3006 177 3084 i,
201 3002 260 3064 boc
284 3019 405 3083 qnoque
430 2983 689 3083 argumentantes,
712 2999 792 3080 quod
817 2999 975 3084 diaeresis,
1004 3003 1065 3065 sive
1090 3001 1211 3084 dialysls
1234 3001 1284 3066 uta
1307 3001 1435 3087 dicetur,

63 3123 117 3174 *aa
142 3111 328 3173 nominativo
352 3107 461 3191 plurali
485 3125 546 3170 non
565 3107 607 3190 lit,
630 3106 684 3170 sed
706 3125 743 3169 ex
768 3105 913 3189 singulari
936 3107 1068 3194 obliquo,
1091 3127 1162 3174 cum
1185 3110 1297 3174 dicitnr
1322 3105 1435 3173 ‘aulai

100 3223 135 3282 in
161 3212 301 3282 medio'
326 3226 357 3279 et

267 3324 369 3386 dives
392 3341 537 3407 equum,
563 3324 665 3386 dives
688 3325 802 3406 pictai
827 3327 942 3388 vestis
966 3335 1002 3388 et
1025 3328 1119 3409 anri,

101 3441 177 3499 item
201 3435 249 3496 rei
272 3435 402 3515 nostrai,
430 3431 591 3516 iaciendai,
619 3434 745 3514 magnai
788 3433 840 3494 sed
864 3432 938 3496 nihil
967 3432 1067 3496 obstat
1095 3452 1155 3516 quo
1179 3437 1279 3498 minus
1302 3433 1360 3496 boc
1384 3443 1437 3497 aut

153 3633 429 3694 'meantes
456 3632 1142 3706 4scribsnburqnsmnisproductaeeuuntienbnr
1179 3635 1309 3692 ‘idebest
1344 3636 1435 3693 sber·

101 3717 198 3775 culsne
245 3715 340 3792 ⁸euim
358 3731 409 3770 ons
425 3715 456 3785 Ο,
475 3718 506 3772 irc
524 3733 611 3788 morp-
627 3717 727 3774 oeiri.c
792 3713 1014 3771 interminatur
1078 3722 1112 3772 li
1131 3715 1236 3774 debeat
1297 3722 1329 3773 te
1349 3717 1435 3773 retio-

100 3815 169 3854 uem
187 3813 239 3852 osv.
308 3801 341 3852 16
360 3795 531 3853 terminetur
563 3795 912 3864 ·18rnrsuspostcviore
930 3795 988 3852 loco
1006 3812 1058 3853 ooo.
1079 3796 1115 3866 0,
1133 3797 1232 3855 addc
1278 3804 1331 3854 ·1a
1349 3797 1434 3854 relin-

101 3869 208 3949 quitur
221 3874 337 3932 ntlulie
352 3875 511 3952 eiciendis
567 3884 601 3934 ul
617 3876 853 3949 scriptitauerunt
866 3875 950 3932 lulisi
1011 3882 1045 3932 28
1061 3876 1241 3951 scriberetur]
1257 3877 1435 3936 scribebatur

139 4015 176 4066 24
195 4008 335 4067 dibereeis
349 4009 410 4068 eine
425 4009 563 4084 mppria
577 4012 629 4070 illa
643 4011 785 4069 diceretur
835 4005 876 4065 '28
895 3959 1133 4086 megnniupdnibil
1142 4013 1187 4071 ,οι
1208 4014 1258 4072 sed
1270 4030 1435 4086 superscm

176 4200 366 4271 tfovtaseni
380 4198 440 4256 tera
452 4199 527 4256 feres
537 4203 567 4258 ei
581 4201 671 4258 ierem
683 4201 758 4258 ieras
807 4197 1036 4257 tsenbsutnrR
1086 4207 1170 4274 oper
1178 4203 1286 4260 uunmi
1298 4201 1435 4274 producte

101 4284 269 4355 superduc
278 4277 420 4338 debeaiR
475 4283 616 4352 lituique,
627 4282 1116 4354 guodmclusi,eceognodsepuitur
1124 4284 1335 4353 nqueoitictvn·
1344 4289 1436 4340 ortum

101 4380 158 4420 crae
231 4364 305 4419 bauo
324 4359 445 4419 eundem
463 4377 576 4418 eernere
595 4361 730 4420 debemus
747 4361 888 4421 reb'onem
906 4365 937 4421 in
955 4363 1138 4422 uomiuab'nir
1156 4363 1328 4436 plurelibus‚
1347 4365 1435 4421 etiam

103 4443 129 4499 ai
147 4444 296 4516 pcneiores
315 4440 424 4499 babent
442 4441 570 4513 syhabss
588 4440 617 4497 R
682 4449 715 4499 lt
734 4444 852 4510 fortasse
866 4443 992 4501 eiusdem
1007 4442 1115 4500 numeri
1129 4444 1305 4515 syllabarum
1319 4461 1380 4502 esse

104 4531 139 4580 21
159 4523 395 4596 scriptitauernni
408 4522 492 4580 lolisi
507 4521 647 4580 Claudiai
667 4523 717 4580 sed
735 4523 852 4594 quidam
872 4524 901 4581 R
965 4531 1000 4581 2³
1019 4541 1071 4596 per
1084 4542 1103 4580 e
1116 4526 1175 4580 eie
1194 4523 1335 4582 scribatur
1352 4525 1381 4583 R

103 4612 141 4661 24
158 4602 294 4662 ὰὶιοεοιιίι
308 4604 370 4661 siue
385 4602 519 4675 distepais
538 4603 591 4660 ilis
604 4601 746 4660 diceretur
758 4604 795 4662 R.
825 4605 943 4678 dielvsis
957 4606 1067 4676 scripsi,
1080 4621 1248 4676 φιαιιιςιιιιιιι
1262 4606 1312 4662 boc
1325 4609 1436 4666 nomine

103 4686 138 4741 de
155 4686 275 4742 diuam
291 4702 363 4756 quoe
381 4683 464 4755 culpo
481 4685 588 4760 dicitur
603 4686 720 4756 proprie
738 4701 796 4742 ιιοιι
809 4689 856 4742 uri
869 4692 936 4744 ιιιιιι
952 4685 1129 4758 namnetici
1198 4690 1232 4742 ab
1247 4686 1336 4762 enlai]
1356 4689 1434 4761 Verp.

104 4767 175 4822 Aen
195 4765 261 4821 III
277 4769 334 4822 354
353 4764 430 4822 aulul
448 4763 542 4822 medio
616 4769 651 4822 st
670 4762 761 4838 dives]
785 4766 864 4839 Verg.
879 4769 950 4825 Am.
967 4766 1077 4823 VIIII
1089 4770 1129 4822 26
1203 4770 1238 4822 ιε
1257 4769 1308 4825 sed
1326 4769 1438 4827 scilicet

104 4845 177 4901 nibil
195 4845 292 4903 obsint
308 4845 338 4902 B
