3590 5486
339 345 404 412 188
891 345 1129 406 casalonoau
1233 313 1239 320 ’

302 481 305 490 .
335 461 357 500 p.
372 449 428 492 88⁰5
442 450 468 492 P.
974 461 985 469 ·
1039 449 1042 456 '

427 533 498 598 Bam
524 546 554 598 et
576 533 636 598 ban
660 533 787 618 syllabas
811 553 880 598 cuna
904 535 970 599 aliis
995 535 1147 600 vocalibus
1179 539 1210 600 ln
1234 541 1418 603 nominativo
1443 559 1514 603 casu
1540 556 1556 601 a
1581 537 1678 602 latino

336 661 476 708 sermone
500 643 666 709 abhorrere
690 648 899 731 cognovimus,
923 653 1049 728 excepto
1071 663 1193 710 novem:
1217 649 1365 730 signiticat
1383 657 1485 713 autem
1509 646 1677 713 indeclina-

336 751 428 816 bilem
452 772 628 838 numerum,
652 757 704 836 qui
727 773 783 838 per
802 775 821 816 v
841 735 1000 820 scribitur:
1025 759 1135 818 notatis
1160 759 1250 820 etiam
1275 757 1455 840 quibusdam
1475 757 1677 841 neutralibus,

336 881 413 944 quae
436 863 631 945 postmodum
655 862 721 925 aliis
745 845 931 927 subiciamus
953 863 1127 946 generibus.
1672 938 1674 941 .

426 969 485 1033 ilar
507 981 539 1035 et
561 969 617 1035 ber
641 969 769 1054 syllabae
795 975 971 1062 terminatae
995 993 1050 1055 per
1074 971 1093 1035 b
1119 981 1232 1037 mutam
1256 973 1439 1058 scribentur,
1464 978 1489 1039 si
1513 975 1706 1059 disyllabo-s

339 1097 407 1143 vum
432 1097 492 1142 uon
517 1080 711 1162 egrediantur
735 1099 913 1163 numerum,
939 1100 1069 1163 quorum
1093 1067 1273 1147 'naturaliter
1301 1083 1389 1167 longa
1413 1087 1535 1148 minime
1559 1085 1678 1149 carebit

337 1187 535 1274 paenultima,
563 1189 592 1252 id
621 1199 669 1253 est
699 1192 726 1253 si
749 1209 809 1254 uon
839 1191 953 1254 luerint
981 1189 1147 1272 trisyllaba,
1178 1210 1255 1274 quae
1280 1191 1447 1256 naturalem
1471 1180 1589 1276 longam
1615 1214 1676 1257 non

338 1294 493 1360 habebunt
522 1297 753 1383 paenultimam,
783 1307 818 1363 ut
847 1298 935 1361 iubar
968 1297 1045 1361 liber
1074 1299 1173 1363 imber
1203 1298 1280 1363 uber
1311 1299 1395 1364 iaber
1409 1299 1519 1383 suber
1550 1301 1677 1377 coluber

337 1403 493 1468 blulciber.
536 1410 562 1470 si
590 1409 671 1469 enlm
704 1406 857 1490 trisyllaba
888 1408 1001 1470 laverint
1037 1411 1139 1472 neutri
1167 1411 1303 1494 generis,
1331 1427 1408 1491 quae
1437 1409 1555 1492 longam
1584 1431 1675 1492 pacn-

337 1513 473 1598 ultimam
504 1514 682 1580 naturaliter
712 1515 882 1599 habebunt,
912 1534 975 1598 ‚per
1006 1537 1022 1578 v
1054 1517 1186 1580 vocalem
1208 1516 1284 1602 'loco
1316 1519 1446 1600 positam
1479 1522 1676 1581 consonantis
1693 1537 1719 1574 10

340 1631 500 1708 notentur,
524 1633 557 1686 ut
576 1623 703 1688 cadaver
726 1642 856 1708 papaver
880 1633 911 1688 et
934 1623 1052 1688 similia.
1090 1603 1157 1688 naim
1182 1625 1303 1710 pulver,
1327 1625 1399 1689 licet
1422 1628 1462 1689 sit
1485 1625 1676 1710 disyllabum,

339 1739 454 1816 tamen,
483 1735 625 1814 quoniam
653 1713 771 1816 antiqui
799 1733 950 1814 duplicem
982 1735 1197 1796 nominativum
1222 1736 1373 1796 enuntiari
1403 1725 1584 1798 rualarerunt'
1599 1729 1676 1820 (nou

338 1839 436 1903 solum
460 1843 541 1904 euim
565 1841 671 1924 pulver
694 1841 748 1906 sed
772 1845 862 1905 etiam
887 1841 985 1924 pulvis
1009 1837 1180 1926 discurrant),
1204 1839 1259 1904 bac
1283 1841 1321 1904 de
1341 1860 1430 1906 causa
1454 1861 1546 1925 perr
1568 1843 1676 1907 scribi·

337 1958 396 2012 tur.
434 1951 479 2012 vir
506 1968 603 2032 perv
632 1951 766 2016 vocalem
793 1954 853 2015 vim
884 1951 1079 2014 consonantis
1109 1949 1270 2014 habentem
1300 1949 1458 2036 scribitur,
1487 1963 1519 2015 ιιι
1553 1956 1677 2041 semivir

428 2105 532 2164 tBam
552 2109 582 2164 et
598 2107 666 2163 bum
685 2106 810 2180 syllabas
830 2105 923 2164 aad
975 2109 1130 2178 taxceplo
1145 2124 1202 2165 nuo
1217 2111 1284 2165 uoffi
1299 2107 1495 2191 Signibcstdi
1550 2114 1673 2179 tquem

334 2187 517 2258 postmodum
532 2187 598 2246 aliis
613 2189 784 2246 subiciamus
797 2187 948 2262 generibus
961 2187 990 2242 B
1009 2188 1084 2259 quod
1103 2189 1286 2260 postmodum
1306 2188 1371 2246 aliia
1390 2187 1544 2246 subicimus
1563 2191 1675 2262 generi-

334 2268 388 2326 bus
406 2267 466 2326 ΑΟ
527 2271 711 2328 8bsbebunt
728 2270 756 2327 B
775 2269 883 2327 babent
900 2269 929 2325 A
947 2268 1081 2326 habeti]
1141 2270 1269 2344 coluber]
1290 2269 1448 2329 Calabers
1524 2277 1557 2326 12
1576 2274 1677 2329 umen

335 2353 391 2420 (tm
405 2352 444 2420 A)
463 2351 574 2422 antiqui
593 2352 730 2425 quoniam
748 2349 891 2422 duplicem
907 2350 969 2406 AB
988 2353 1084 2407 tamen
1103 2349 1215 2423 antiqui
1233 2351 1378 2423 duplicem
1398 2348 1423 2405 0
1485 2349 1629 2408 enuntiari
1647 2351 1677 2406 B

335 2431 484 2490 anuntiare
499 2431 558 2488 AO
612 2437 645 2488 18
665 2433 715 2488 sed
735 2435 765 2489 et
782 2430 879 2504 puluis
894 2430 1027 2488 dixerunt
1042 2431 1102 2488 AO
1118 2432 1168 2489 sed
1188 2433 1276 2489 etism
1295 2431 1390 2504 pulcris
1409 2435 1472 2502 (om.
1487 2433 1629 2504 dixerunt)
1646 2433 1675 2490 B

728 2661 732 2669 ⁵
801 2703 1213 2760 umrvaunussuv

430 2872 501 2936 bam
526 2873 584 2935 ban
609 2871 737 2954 syllabas
756 2891 825 2936 cum
846 2872 911 2935 aliis
931 2871 1084 2936 vocalibus
1108 2875 1139 2936 in
1159 2873 1342 2936 nominativo
1363 2891 1434 2936 casu
1455 2893 1471 2936 a
1496 2871 1587 2938 latino
1612 2895 1676 2938 ser·

340 3001 429 3044 mone
449 2981 613 3045 abhorrere
633 2983 836 3063 cognovimus,
857 2991 983 3064 excepto
1003 2999 1124 3044 novem:
1146 2981 1296 3064 signisscat
1315 2991 1415 3045 autem
1428 2957 1678 3047 ¹indeclinabilem
1719 3067 1721 3070 Ι

338 3099 508 3174 numerum,
528 3092 580 3171 qui
608 3108 662 3172 per
681 3109 699 3149 v
718 3089 888 3171 digammon
909 3088 1067 3154 scribitur:
1091 3093 1202 3154 notatis
1222 3094 1311 3155 etiam
1331 3090 1512 3174 quibusdam
1531 3094 1676 3156 neutrali·

338 3197 410 3284 bus,
434 3217 511 3281 quae
535 3195 694 3280 postmodo
720 3196 786 3260 aliis
809 3197 995 3261 subiciamus
1018 3198 1190 3280 generibus.

366 3333 369 3341 ¹
430 3306 489 3370 Bar
512 3305 567 3370 ber
591 3304 718 3389 syllabae
743 3308 920 3370 terminatae
943 3325 1000 3389 per
1023 3306 1042 3368 b
1066 3317 1179 3370 mutam
1200 3306 1386 3392 scribentur,
1410 3313 1436 3371 si
1460 3309 1703 3392 disyllaborum⁵

336 3403 396 3479 non
426 3415 610 3498 egredierint
639 3433 814 3499 numerum,
850 3435 980 3497 quorum
1010 3417 1138 3479 naturali
1167 3417 1254 3499 longa
1283 3421 1405 3481 minime
1435 3419 1550 3483 carebit
1583 3439 1674 3502 paen-

337 3525 457 3608 ultima,
480 3523 510 3587 id
535 3535 582 3588 est
606 3525 632 3588 si
657 3543 716 3588 non
742 3525 855 3586 luerint
879 3523 1047 3609 trisyllaba,
1071 3545 1146 3607 quac
1168 3525 1335 3589 naturalem
1359 3527 1478 3610 longam
1499 3548 1558 3592 non
1583 3529 1673 3606 babe-

338 3633 415 3696 bunt
447 3633 676 3717 paenultimam,
708 3643 742 3697 ut
776 3632 863 3696 iubar
898 3632 995 3695 imber
1029 3632 1113 3696 iaber
1142 3633 1218 3697 uber
1247 3633 1340 3697 suber
1373 3635 1498 3699 coluber
1526 3637 1674 3702 blulciber

337 3741 415 3805 liber
439 3751 469 3804 ct
496 3760 552 3824 per
580 3742 744 3823 analogiam
774 3741 890 3806 verber.
929 3745 954 3805 si
984 3743 1064 3805 euim
1092 3742 1244 3824 trisyllaba
1273 3743 1388 3806 luerint
1411 3748 1513 3832 ¹rreutri
1543 3751 1675 3831 generis,

337 3869 414 3932 quac
438 3849 556 3933 longam
580 3851 794 3932 paenultimam
819 3851 996 3920 naturaliter
1020 3850 1188 3935 habebunt,
1216 3870 1271 3933 par
1294 3871 1311 3911 v
1336 3851 1468 3915 vocalem
1497 3853 1564 3916 loco
1594 3859 1716 3936 posi-1⁰

342 3970 401 4023 tam
422 3962 617 4022 consonantis
637 3969 790 4044 notentur,
810 3970 843 4023 ut
862 3961 989 4022 cadaver
1011 3979 1141 4042 papaver
1163 3969 1194 4022 et
1218 3959 1332 4023 similia.
1371 3979 1440 4022 nam
1456 3962 1579 4047 ptrlver,
1604 3962 1675 4028 licet

337 4079 382 4132 est
411 4067 608 4151 disyllabum,
635 4077 749 4151 tamen,
777 4071 919 4150 quoniam
951 4064 1067 4148 aintiqui
1095 4067 1246 4150 duplicem
1271 4071 1494 4154 ¹nominativum
1522 4075 1674 4136 enuntiari

336 4176 509 4240 maluerunt
537 4170 613 4262 (non
644 4177 740 4240 solum
770 4179 850 4239 enim
878 4176 985 4259 pulver
1018 4176 1070 4238 sed
1100 4179 1190 4239 etiam
1219 4177 1317 4264 pulvis
1346 4171 1518 4261 dixerunt),
1551 4178 1607 4241 bac
1635 4179 1674 4243 de

336 4303 426 4347 causa
449 4303 505 4368 per
528 4305 546 4346 v
570 4286 739 4368 digammon
763 4285 921 4369 scribitur,
951 4287 995 4348 vis
1019 4283 1148 4367 syllabae
1178 4289 1378 4370 posteritatis,
1407 4275 1494 4350 cuius
1525 4290 1673 4351 rationem

336 4413 392 4457 suo
416 4394 481 4458 loco
507 4396 755 4482 monstrabimus,
780 4399 936 4480 arripiens
953 4396 1095 4477 regulam.
1135 4399 1179 4457 vir
1203 4415 1259 4477 per
1283 4415 1300 4454 v
1324 4394 1456 4457 vocalem
1480 4397 1540 4457 vim
1565 4413 1715 4460 conso-1⁵

336 4506 436 4566 nautis
459 4503 620 4569 habentem
645 4508 805 4588 scribetur,
829 4514 863 4570 ut
886 4506 1009 4567 semivir
1033 4507 1190 4590 triumvir,
1213 4504 1284 4566 licet
1308 4505 1486 4587 composita,
1517 4523 1576 4568 non
1601 4519 1675 4571 suut

429 4657 551 4709 leam.
572 4651 612 4724 N,
631 4653 696 4708 adal.
708 4653 746 4712 P
820 4649 995 4706 ascmbatur
1014 4647 1043 4702 P
1119 4649 1305 4722 tpostmodo
1324 4649 1353 4704 P
1368 4651 1549 4722 postmodum
1569 4651 1603 4708 n*

337 4737 353 4786 8
372 4730 455 4786 inber
472 4731 547 4788 liver
567 4733 649 4790 isaer
667 4748 736 4788 over
755 4747 841 4788 suver
858 4729 975 4785 eolnvar
993 4729 1131 4787 moleiras
1149 4735 1178 4787 et
1202 4749 1253 4802 per
1272 4731 1436 4802 analogiam
1455 4749 1556 4789 verser
1574 4733 1604 4788 P

204 4844 213 4866 ι
336 4811 474 4868 trasber
492 4842 525 4853 -
553 4819 586 4868 10
605 4812 720 4884 longam
744 4829 796 4868 om.
815 4811 855 4880 N,
878 4811 943 4868 odd.
964 4810 993 4867 P
1064 4819 1096 4868 12
1118 4813 1253 4883 quoniam
1272 4829 1323 4870 om.
1344 4815 1372 4869 P
1442 4819 1476 4870 15
1501 4817 1672 4875 monstravi·

337 4913 400 4952 mus
419 4893 484 4951 NP
555 4901 587 4949 16
608 4893 676 4952 licet
698 4895 858 4966 compositu
877 4896 907 4950 et
926 4911 983 4951 uon
1003 4893 1161 4952 commolunt
1180 4893 1322 4967 simplicia
1340 4893 1369 4950 P
