3564 5482
588 341 658 400 ΑΒΕ
677 339 927 399 coadunatos
1355 339 1422 407 393

83 443 245 493 naun

83 530 180 615 redit,
206 549 223 592 a
246 529 333 594 libris
357 528 514 594 Ciceronis
537 529 726 596 intellectum
750 525 817 594 est'
865 531 1013 612 septimus
1037 548 1109 592 vero
1132 549 1221 594 casus
1246 529 1342 593 modis
1365 528 1423 592 llll

83 640 254 722 profertor.
300 640 413 722 primo,
446 657 516 702 curn
545 641 575 702 iu
604 657 734 722 persona
768 649 824 703 cet
855 643 889 702 ιἰι
920 643 988 702 loco
1021 647 1073 702 aut
1099 641 1131 702 in
1160 658 1193 703 rc
1226 639 1422 722 intellegitur,

84 747 180 812 veluti
206 743 250 810 ‘in
276 747 417 830 Scipione
443 746 582 812 militaris
606 751 701 812 virtus
727 752 850 833 enituit,
877 751 908 810 in
939 755 1040 810 monte
1064 746 1198 820 Caucaso
1229 767 1343 832 poenas
1367 747 1424 811 luit

84 856 305 940 Prometheus,
336 860 369 920 in
402 866 499 921 statua
535 856 690 921 Ciceronis
724 860 848 921 victoria
882 859 1109 920 coniuratorum
1144 852 1353 942 inscribitur3’
1392 867 1424 920 et

46 978 59 1018 ⁵
85 967 310 1048 interpretatur
329 965 396 1030 talis
416 966 511 1048 ligura
530 984 586 1048 per
605 966 754 1050 dativum,
777 960 816 1029 ἐν
833 962 880 1054 τῷ
900 963 1095 1047 Σκηπίωνι,
1120 960 1158 1029 ἐν
1176 962 1222 1054 τῷ
1243 951 1431 1054 Καυκάσῳ,
1487 1053 1489 1056 ¹

85 1070 124 1138 ἐν
148 1069 198 1160 τῷ
222 1064 414 1156 ἀνδριάντι.
452 1092 529 1157 quae
554 1073 657 1155 regula
680 1075 772 1136 etiam
790 1076 822 1137 in
842 1070 1014 1136 nominibus
1035 1074 1185 1138 secundae
1205 1069 1423 1159 declinationis,

86 1201 222 1265 quorum
246 1169 394 1247 ablativus
418 1191 449 1258 ct
472 1181 589 1246 dativus
613 1182 693 1244 idem
718 1192 778 1267 est,
808 1181 986 1246 observatur
1009 1191 1040 1244 et
1063 1186 1094 1245 in
1119 1183 1291 1248 nominibus
1315 1187 1423 1247 tertiae

86 1292 316 1377 declinationis,
344 1310 475 1374 quorum
504 1293 578 1356 itetn
606 1291 754 1356 ablativus
782 1301 813 1356 et
840 1292 958 1355 dativus
987 1291 1066 1355 idern
1091 1301 1151 1376 est,
1180 1291 1273 1356 veluti
1302 1292 1339 1356 ab
1367 1292 1424 1355 hac

86 1405 192 1466 securi
211 1404 305 1466 suari.
343 1399 493 1485 secundo,
517 1420 586 1466 cuna
605 1401 725 1465 ablativi
745 1401 876 1485 copulati
895 1403 1026 1484 genitivo
1045 1403 1287 1482 interpretantur
1305 1419 1425 1485 graeco,

50 1523 75 1562 ¹⁰
87 1511 186 1574 veluti
209 1505 354 1575 ‘ducente
377 1509 433 1572 dea
458 1508 576 1592 elapsus
601 1519 648 1574 est
671 1511 787 1574 deneas
815 1501 1007 1594 ἡγουμένης
1034 1505 1095 1592 τῆς
1122 1505 1210 1572 θεοῦ
1238 1501 1424 1586 ἐξύλισθεν

88 1616 247 1699 Αἰνείας,
271 1619 429 1683 incusante
445 1618 591 1682 Cicerone
614 1621 713 1683 rictus
732 1628 778 1683 eet
792 1617 918 1682 Catilina
936 1615 1209 1702 κατηγοροῦντος
1228 1615 1425 1702 Κικέρωνος

86 1717 222 1810 ἡττήθη
247 1725 448 1806 Κατιλίνας,
473 1726 613 1790 studente
638 1727 802 1790 Sacerdote
829 1722 833 1810 l
859 1727 1027 1791 differentia
1051 1730 1173 1791 inventa
1201 1737 1248 1790 est
1276 1718 1425 1791 σπουδά-

89 1835 208 1912 ζοντος
227 1829 453 1918 Σακέρύωτος
474 1825 496 1916 ἡ
521 1824 671 1916 διαφορά
695 1824 852 1917 ηὑρέθη.
889 1837 980 1898 tertio
995 1835 1099 1920 modo,
1122 1855 1191 1899 cunt
1206 1834 1284 1898 hanc
1299 1837 1424 1917 liguram

88 1962 246 2026 graecam,
265 1938 376 2007 dioride
395 1940 459 2007 τοῦ
478 1935 669 2024 δύνασθαι,
693 1939 890 2024 προαιρέσει
907 1940 971 2007 τού
989 1936 1176 2028 ληστεύειν,
1201 1937 1345 2029 σχήματι
1363 1941 1426 2008 τοῦ

50 2067 76 2108 ss
90 2043 329 2131 ἐπιβουλεύειν
353 2051 444 2114 latine
468 2051 634 2114 dixerimus
659 2035 730 2134 ‘spe
752 2069 857 2135 posse,
888 2051 1039 2115 voluntate
1063 2053 1276 2139 latrocinandi,
1299 2053 1426 2118 consilio

89 2193 312 2206 ψ

185 2261 279 2320 ccccc
302 2261 502 2335 Sonooileens'e.
556 2270 672 2320 icarus
695 2277 746 2321 ort.
820 2262 936 2319 aaut
926 2281 956 2320 sn
976 2262 1039 2321 loco
1058 2281 1110 2320 om.
1184 2264 1354 2322 ascribitur

89 2344 418 2499 Sdgeffionhiisoom.
476 2342 646 2416 tabletivi]
666 2342 751 2399 sblts
824 2361 908 2416 grece
984 2352 1016 2401 tt
1037 2343 1161 2404 Catilina
1178 2347 1272 2404 nicius
1291 2351 1353 2420 (ortt.
1372 2351 1426 2421 esi)

185 2609 273 2678 1ηδτ
278 2609 410 2744 4ετιιλορη
435 2606 580 2679 Septimus
599 2623 676 2664 nero
682 2609 686 2678 1
702 2624 808 2671 πτωτις
831 2623 912 2663 certo
932 2607 971 2664 M
1042 2605 1426 2670 castulonensem.

91 2689 203 2746 Cilonis.
278 2696 493 2761 λεηραφετωι
515 2709 566 2746 και
589 2689 723 2746 scribitur
750 2692 780 2745 ei
805 2688 853 2757 M,
878 2689 1044 2745 ineodbiiur
1069 2703 1126 2746 eoo.
1157 2688 1266 2748 Oloris.
1340 2693 1426 2749 cde«

89 2789 141 2840 της
160 2771 349 2843 δοτικηςροι·
366 2770 761 2842 concupiescentiam
780 2773 876 2842 (corr.-
886 2771 981 2842 ωτι)
973 2789 1004 2827 ttt
1021 2771 1147 2842 scipione
1164 2773 1169 2840 Ι
1186 2789 1218 2828 εν
1237 2793 1277 2828 τω
1296 2793 1425 2830 mescone

90 2852 120 2909 in
139 2867 263 2909 cencew
279 2855 285 2922 Ι
302 2871 334 2908 ιν
352 2871 392 2908 τω
411 2850 594 2922 nodosam
585 2869 618 2908 tn
639 2854 736 2908 τέκτονι
755 2852 793 2907 Μ
866 2857 881 2907 7
901 2869 1022 2923 quorum
1050 2851 1139 2908 etiarn
1163 2852 1307 2910 oblatione
1329 2857 1428 2927 priore

90 2936 151 2992 loco
172 2935 212 2990 Μ
288 2953 339 3002 της
356 2953 453 3002 emtus
472 2937 589 2997 κλιτεως
607 2932 711 2989 leriiee
730 2933 930 2990 declinationis
949 2934 988 2991 M
1061 2941 1093 2990 11
1114 2933 1175 2989 nict
1193 2935 1312 2992 calilina
1332 2937 1370 2992 itt

92 3015 423 3088 lahsncligurnrnM

91 3323 287 3414 νενόηται.“
333 3321 354 3414 ἡ
379 3323 418 3396 δέ
441 3324 570 3414 ἑβδόμη
593 3329 719 3406 πτῶσις
740 3322 880 3414 τρόποις
901 3327 1058 3414 τέτρασιν
1078 3327 1270 3414 deodatensi,
1294 3323 1427 3417 προέτῳ,

93 3433 180 3505 ὅταν
205 3436 243 3504 ἐν
267 3432 438 3527 προσούπῳ
462 3461 483 3522 η
467 3427 550 3503 ”do
573 3433 678 3527 τόπῳ
707 3427 728 3522 ἢ
758 3437 796 3504 ἐν
818 3431 988 3522 πράγματι
1012 3436 1149 3522 νοῆται,
1182 3428 1259 3505 οἷον
1287 3435 1352 3522 ,ἐν
1380 3440 1426 3530 τῳ

94 3538 318 3633 Σκηπίωνιο
300 3569 320 3630 η
346 3540 566 3631 στρατιωτικὴ
590 3537 691 3632 deero}
717 3544 913 3632 ἐξέλαμψεν,
945 3545 983 3612 έν
1006 3570 1052 3636 τῳ
1083 3539 1156 3632 ὄρει
1182 3572 1229 3639 τῳ
1255 3544 1427 3640 Καυκάσῳ

92 3648 217 3733 ποινάς
240 3655 351 3721 ἔτισεν
376 3651 599 3739 Προμηθεύς,
624 3652 661 3720 ἐν
684 3679 730 3744 τῳ
715 3647 930 3781 άνύριάντι
951 3649 1185 3740 Kendoovog‘
1167 3681 1189 3741 η
1212 3658 1290 3743 νίκη
1315 3681 1335 3744 η
1359 3657 1427 3724 τῶν

67 3761 309 3849 εσυνωμοτύν
332 3757 576 3849 ἐγγράφεται,“
604 3760 703 3829 reci
686 3757 906 3847 concenderat
930 3755 969 3829 cd
993 3763 1130 3830 τοιοῦτο
1154 3765 1265 3851 σχῆμα
1289 3759 1409 3831 διά
1370 3789 1429 3850 της

95 3871 236 3958 δοτικῆς
313 3863 383 3951 ,ὃς
410 3867 525 3939 κανιὸν
552 3869 609 3938 καὶ
642 3870 679 3939 έυ
707 3882 778 3950 τοῖς
807 3865 975 3958 ὀνόμασιν
1003 3871 1062 3957 τῆς
1091 3871 1251 3955 δευτέροις
1278 3876 1429 3956 κλίσεως,

95 3970 146 4048 oie
169 3977 228 4048 xci
251 3973 272 4065 ἡ
297 3973 497 4067 άφαιρετικὴ
519 3977 576 4046 καὶ
599 3973 621 4066 ἡ
646 3974 762 4064 δοτικὴ
786 3972 912 4066 ἡαύτή
932 3979 1036 4064 ἐστιν,
1058 3977 1354 4067 παραφυλάττεται
1372 3979 1429 4048 καὶ

95 4090 132 4158 ἐν
157 4099 231 4167 τοῖς
255 4083 423 4176 ὀνόμασιν
446 4089 506 4175 τῆς
528 4090 641 4175 τρίτης
663 4091 820 4170 κλίσεως,
845 4075 894 4154 oie
917 4081 1044 4175 ὁμοίως
1067 4083 1088 4175 ἡ
1110 4084 1309 4176 άπενεκτικὴ
1328 4088 1385 4157 καὶ
1408 4085 1428 4176 ἡ

16 4227 19 4232 ·
95 4194 215 4284 δοτικὴ
239 4191 260 4285 ἡ
285 4190 370 4284 κύτη
394 4196 498 4281 ἐστιν,
523 4189 599 4264 οἷον
675 4249 683 4264 .
707 4196 871 4287 δευτέρῳ,
900 4191 983 4265 ὅταν
1011 4191 1224 4265 άπενεκτικαί
1253 4203 1429 4286 συνεζευγ-

58 4309 198 4395 ιομέναι
231 4307 348 4396 γενικῇ
378 4301 631 4393 ἕρμηνεύῳυται
661 4305 834 4392 ἑλληνικῇ,
867 4297 943 4373 οἷον
1003 4309 1172 4399 .Ιτρίτῳ-
1187 4303 1318 4398 τρόπῳ,
1346 4302 1431 4375 ὅταν

95 4418 199 4486 τοῦτο
232 4411 272 4484 τὸ
310 4416 421 4503 σχῆμα
457 4410 496 4483 τὸ
535 4410 713 4500 ἕλληνικόυ
820 4413 984 4503 ῥωμαϊστὶ
1021 4423 1183 4502 εἴπωμεν,
1221 4415 1331 4484 ἐλπίδι
1368 4417 1430 4484 τοῦ

96 4522 291 4610 δύνασθαι,
334 4521 530 4611 προαιρέσει
562 4525 625 4592 τοῦ
655 4518 846 4611 ληστεύειυ,
894 4520 1038 4612 σχήματι
1079 4527 1142 4593 τοῦ
1185 4521 1430 4611 ἐπιβουλεύειν.

96 4629 263 4726 τετράτῳ,
291 4627 337 4714 ὥς
366 4633 403 4701 έν
432 4633 557 4723 ἐκείνῳ.
605 4629 747 4718 λέγομεν
775 4627 840 4717 γὰρ
873 4628 995 4722 οὕτως,
1023 4628 1197 4720 ,μηδενὸς
1224 4629 1339 4720 φόβου
1361 4635 1431 4702 τῶν

96 4764 316 4772 ——-—--——-—-

191 4819 273 4870 2ενι
291 4832 435 4882 nonensem
508 4805 748 4886 ilerdensem.
821 4810 964 4886 λέτισεν]
984 4831 1089 4870 errrore
1162 4820 1385 4884 5ενιγραφεται

99 4895 253 4958 Βελέσεως
271 4910 324 4949 ottt.
399 4915 448 4949 και
467 4896 567 4968 docem
641 4900 746 4950 θυταν
766 4913 948 4966 απενεκτικη.
968 4915 1000 4950 αι
1076 4900 1109 4950 10
1129 4914 1335 4968 ερμηνευοντιιι

154 5003 417 5038 numerarium
436 5004 479 5039 vn.
1178 4993 1213 5044 ‘2ss
