3616 5482
599 333 649 390 Dii
668 332 966 392 OBTHOGRAPEIA
1389 328 1452 394 145

68 471 81 493 ,
111 449 137 488 p.
150 435 245 479 msa.

113 517 243 605 ‘quom',
262 519 399 584 moderni
420 514 514 584 ‘cum'
532 521 625 585 scribi
643 523 759 586 rectius
773 524 984 603 aestimarunt,
1004 527 1035 583 et
1054 531 1155 584 cetera
1170 539 1247 604 quae
1262 519 1366 583 subtili
1385 505 1458 601 qu„
1536 554 1540 563 ·

111 629 196 712 dem,
225 627 278 692 sed
308 631 479 692 necessaria
508 630 702 694 distinctione
731 639 895 694 narrantur
925 647 986 694 oon
1016 629 1161 694 velociter
1188 633 1370 713 transcurri,
1399 628 1451 692 sed

115 737 242 800 solhcita
267 738 378 798 mentis
402 739 570 800 intentione
594 740 734 822 tractavi,
765 746 800 801 ut
823 755 900 818 quae
925 738 1034 819 incipis
1058 735 1134 834 bena
1158 735 1277 800 discere
1301 736 1338 799 ad
1362 737 1452 799 inem

111 846 310 928 perfectiouis
333 846 481 908 iuoiieusa
504 842 616 906 debeas
638 847 886 927 pronuntiatione
910 843 1091 927 perducere.
1127 863 1195 908 nam
1220 845 1246 907 si
1271 843 1357 906 robis
1376 842 1454 906 adsit

71 969 84 1011 a
114 952 253 1036 capiendi
285 951 485 1036 desiderium,
513 970 590 1034 quae
613 953 699 1034 prius
723 972 779 1035 per
802 972 917 1016 moram
941 955 1117 1036 quaesistis,
1141 956 1281 1035 protinus
1304 952 1453 1015 inoffensa

112 1061 273 1125 velocitate
297 1062 523 1125 transcurretis.
560 1059 726 1140 gloriosum
749 1063 888 1145 proiecto
912 1061 1046 1125 studium
1070 1070 1101 1124 et
1123 1060 1264 1124 humanis
1285 1080 1319 1122 ao
1343 1060 1453 1123 divinis

114 1169 239 1254 litteris,
264 1178 298 1234 ut
320 1169 450 1253 ridetur,
473 1168 715 1248 accommodum,
739 1171 821 1253 quod
844 1170 928 1253 loqui
951 1169 1062 1233 debeas
1086 1176 1295 1252 competenter
1318 1167 1453 1232 scribere

87 1287 144 1340 -et
168 1297 246 1360 quae
271 1281 384 1360 scripta
408 1286 481 1340 sunt
509 1278 575 1340 sino
595 1260 710 1360 'aliqua‘
730 1282 845 1343 erroris
873 1279 1079 1361 amblguitato
1096 1279 1245 1362 prolerre.
1286 1296 1344 1341 rox
1372 1277 1452 1339 enirn

115 1385 273 1449 articulata
302 1405 319 1448 a
351 1384 514 1468 pecoribus
543 1403 599 1448 uos
628 1396 813 1470 sequestrat,
842 1386 995 1451 scribendi
1026 1406 1096 1450 roro
1125 1389 1203 1450 ratio
1234 1386 1270 1450 ab
1303 1388 1454 1469 huperitis

77 1512 101 1553 ro
116 1494 221 1558 diuidit
239 1504 272 1557 ot
290 1493 434 1556 contusis.
468 1495 510 1588 ita
528 1494 699 1575 perlectum
719 1494 872 1558 homiuem
891 1494 952 1558 duo
971 1495 1029 1558 sibi
1049 1498 1106 1559 ista
1125 1495 1279 1559 vindicant
1297 1513 1331 1558 ac
1350 1495 1452 1557 deien-

115 1603 199 1667 duut
239 1620 308 1666 nam
337 1619 407 1665 cum
435 1599 493 1663 sibl
526 1600 596 1664 talia
625 1605 711 1684 quasi
740 1602 800 1666 duo
828 1602 942 1666 lumina
966 1606 1175 1689 consentiunt,
1203 1613 1333 1686 utraque
1362 1610 1453 1677 recta,

116 1721 245 1792 ubsque
269 1710 380 1773 decora
404 1716 491 1790 sunt,
522 1728 592 1772 cum
616 1727 688 1772 vero
712 1728 729 1773 a
752 1729 785 1774 se
810 1710 983 1794 discrepare
1008 1714 1180 1796 coeperint,
1203 1714 1309 1776 vitium
1333 1708 1453 1774 strabae

115 1818 268 1882 foeditatis
292 1821 463 1884 incurrunt.
524 1834 531 1847 ·
561 1857 565 1863 ·

205 1927 274 1991 Erit
297 1931 398 2010 itaque
422 1929 613 2010 propositum
638 1937 777 1991 nostrum
801 1947 877 2011 quae
902 1937 1111 2011 competenter
1135 1928 1298 1992 modernae
1327 1944 1454 1990 consue·
1522 1974 1523 1977 ,

79 2054 103 2094 ra
118 2037 215 2100 tudini
243 2035 281 2098 ab
309 2039 443 2119 antiquis
471 2035 581 2098 tradita
611 2045 683 2098 suut
711 2039 797 2118 quasi
829 2040 861 2100 in
885 2056 974 2101 uuam
999 2055 1143 2101 coronam
1167 2037 1306 2120 redigere
1331 2046 1362 2099 et
1385 2037 1455 2098 usui

118 2144 317 2208 celeberrimo
342 2145 497 2227 deputare.
526 2142 576 2206 illa
600 2161 672 2206 tero
697 2162 774 2224 quae
798 2147 971 2227 antiquitati
999 2147 1092 2226 magis
1121 2147 1306 2208 conveniunt
1334 2145 1456 2227 expedit

118 2257 183 2316 siue
207 2253 395 2317 dubitatione
419 2252 607 2334 relinquere,
632 2270 670 2315 ne
694 2251 779 2315 labor
803 2253 978 2316 adsumatur
1001 2255 1202 2337 incongruus,
1226 2255 1279 2336 qui
1301 2254 1456 2336 praesenti

118 2361 239 2426 saeculo
267 2362 387 2426 ridetur
414 2361 539 2425 inutilis.
578 2361 617 2422 sit
641 2378 713 2442 ergo
737 2363 769 2423 iu
797 2365 895 2442 primo
924 2360 1002 2423 libro
1033 2363 1258 2425 institutionum
1282 2370 1455 2425 nostrarum
1568 2389 1571 2394 ·

67 2547 75 2566 ἢ
119 2470 206 2534 titulo
230 2471 322 2534 tertio
347 2470 479 2556 decimo,
503 2487 594 2551 quem
619 2468 655 2530 sd
681 2467 804 2532 modum
827 2469 886 2551 legi
910 2467 1018 2531 debeat
1042 2467 1181 2532 caelestis
1201 2471 1379 2553 auctoritas,
1403 2468 1455 2532 ubi

80 2595 107 2636 so
120 2578 261 2642 idiomata
284 2578 360 2662 legis
383 2578 501 2642 diriuae
521 2577 675 2662 communi
695 2579 765 2640 usui
788 2579 987 2660 repugnantia
1007 2595 1068 2640 nou
1091 2577 1287 2659 permisimus
1306 2577 1455 2660 dissipari.

119 2686 167 2749 hic
186 2697 303 2772 autem,
327 2689 359 2751 in
382 2687 460 2751 libro
480 2687 597 2751 scilicet
616 2685 862 2769 orthographiae,
886 2683 1012 2748 hberius
1033 2693 1063 2748 et
1085 2685 1269 2767 generahtor
1288 2693 1456 2769 appetatur,

120 2811 210 2876 quem
235 2795 271 2857 ad
295 2797 418 2860 modum
442 2815 478 2860 ex
502 2793 617 2876 regulis
641 2797 752 2856 artium
774 2792 975 2855 humanarum
995 2791 1074 2855 salra
1095 2795 1276 2856 auctoritate
1300 2796 1456 2857 seniorum

120 2912 229 2966 cuneta
257 2903 348 2968 lectio
376 2904 486 2968 decora
513 2905 605 2967 ulmis
633 2911 664 2966 et
692 2910 829 2965 correcta
862 2899 1014 2965 reddatur.
1057 2903 1152 2982 siquis
1181 2910 1281 2965 autem
1316 2912 1456 2966 auctores

121 3009 342 3094 orthographos
371 3014 402 3075 iu
431 3019 516 3075 textu
537 3011 603 3074 ¹suo
633 3010 733 3092 legere
763 3011 892 3073 fortasse
921 3008 1064 3093 voluerit,
1093 3013 1292 3092 transcriptos
1323 3013 1457 3074 inveniet

84 3135 198 3201 aequos
223 3137 293 3204 ego,
317 3129 446 3201 quantos
470 3121 557 3202 potui
582 3119 734 3202 reperire,
757 3119 942 3180 monasterio
967 3133 1035 3179 meo
1063 3127 1236 3200 praestante
1260 3117 1381 3181 domino
1406 3119 1456 3181 de·

121 3227 246 3312 reliqui,
264 3237 298 3290 ut
317 3228 406 3292 latius
425 3229 505 3292 dicta
524 3226 655 3310 probare
675 3229 799 3310 possitis
818 3229 848 3291 in
869 3225 1045 3290 auctoribus
1066 3229 1143 3310 suis,
1163 3245 1240 3310 quos
1258 3246 1312 3290 nos
1331 3236 1457 3310 propter

122 3336 275 3400 fastidium
298 3344 433 3401 restrum
457 3335 648 3400 dellorandos
673 3354 740 3398 esse
764 3337 944 3422 putavimus.
1335 3323 1340 3334 ’

157 3457 166 3476 “
212 3444 287 3508 illud
312 3447 402 3507 etiam
421 3462 475 3507 ros
494 3463 677 3528 magnopere
696 3443 813 3506 credidi
832 3443 1082 3527 commonendos,
1106 3452 1141 3506 ut
1159 3443 1369 3507 distinctiones
1389 3463 1457 3506 sen·

122 3571 211 3616 suum
228 3552 366 3616 -sollIcita
394 3564 496 3617 mente
524 3555 702 3636 perquirere
732 3571 766 3614 ac
795 3569 908 3633 ponere
938 3550 1086 3635 debeatis,
1119 3554 1185 3614 sine
1215 3551 1326 3632 quihus
1357 3572 1457 3634 neque

85 3659 224 3742 sategere
248 3663 409 3743 quicquam
433 3668 648 3743 competenter,
666 3678 766 3740 neque
790 3659 965 3741 intellegere
993 3658 1211 3751 praevalemus.
1253 3663 1332 3722 scire
1356 3668 1458 3723 auteur

123 3767 270 3832 debemus
289 3768 438 3832 Donatum
457 3767 664 3850 artigraphum
688 3767 725 3830 de
749 3769 895 3850 posituris
919 3770 960 3830 ita
984 3777 1146 3850 tractasse,
1170 3775 1205 3830 ut
1226 3786 1288 3854 non
1312 3767 1355 3830 ibi
1378 3769 1458 3831 ordi·

125 3895 195 3940 nem
218 3875 272 3939 sed
295 3879 425 3941 virtutes
449 3895 554 3940 earum
576 3879 678 3959 potius
702 3878 872 3958 exprimere
898 3875 1042 3940 rideatur.
1081 3894 1150 3938 naut
1180 3877 1206 3938 si
1230 3876 1458 3939 distinctionum

125 3986 237 4046 seriem
265 4002 321 4066 per
348 3984 460 4066 gradus
488 3986 625 4066 cognitos
654 3991 849 4067 sequeretur,
885 3987 983 4066 primo
1018 3982 1152 4066 plenam,
1185 3982 1294 4047 deinde
1330 3985 1458 4048 mediam

125 4109 316 4174 nequaquam
348 4109 462 4175 ponere
494 4094 658 4174 potuisset,
691 4109 747 4153 uec
780 4091 850 4154 inde
879 4095 975 4174 tnagis
1007 4095 1170 4175 inciperet,
1203 4090 1255 4156 ubi
1287 4093 1459 4175 praedictae

197 4326 292 4378 inon
310 4318 714 4388 orn.ABOs,odd.Oarrt'o
778 4319 956 4376 asebnia
1018 4319 1427 4380 menseumhaim
1485 4323 1509 4361 θ

125 4402 361 4461 itrsnscurreia's
377 4403 490 4471 Carrio,
509 4400 701 4457 transcurriiis
721 4399 835 4460 asoa
896 4401 1021 4474 iquod]
1042 4401 1112 4472 quid
1127 4400 1150 4456 0
1167 4417 1239 4470 quae
1257 4403 1286 4458 Α
1347 4419 1461 4476 compe·

126 4482 429 4542 marciacensem
478 4489 512 4538 to
522 4481 644 4538 sibiista
653 4481 681 4537 B
695 4481 887 4539 ictericiae
936 4489 967 4539 11
980 4482 1034 4539 sibi
1044 4481 1115 4538 talis
1125 4481 1207 4552 qussi
1217 4481 1273 4539 duo
1284 4482 1392 4541 lumina
1400 4484 1461 4540 AB

128 4561 941 4636 sibitslisquoeauntduoluminaPur.ssibiduoisiuG
978 4561 1209 4635 rectalreotaeB
1251 4564 1461 4638 iiexreguiis]

129 4649 159 4701 et
171 4645 279 4717 regulis
292 4644 353 4702 AO
419 4649 455 4701 se
470 4643 586 4716 possitis
601 4637 733 4716 (possetis
748 4649 776 4710 sl
791 4647 820 4702 in
835 4646 999 4704 auctoribus
1015 4643 1073 4701 suis
1089 4641 1156 4714 (ruis
1170 4659 1222 4700 om,
1236 4643 1273 4712 B,
1288 4645 1353 4702 odd.
1369 4646 1396 4715 b)
1410 4646 1461 4706 Βς

127 4727 202 4798 posit
225 4727 255 4783 in
278 4725 394 4783 curibus
418 4726 476 4782 suis
495 4726 524 4780 A
547 4725 638 4797 possis
661 4725 692 4782 in
710 4727 826 4784 auribus
851 4726 953 4784 suisti
1022 4725 1086 4798 nos]
1105 4741 1164 4780 non
1181 4724 1233 4783 Be
1307 4732 1342 4783 28
1361 4726 1460 4799 eiiam]

131 4860 231 4918 ecco
284 4867 319 4919 29
338 4878 372 4918 ao
385 4859 505 4935 ponere]
525 4819 703 4933 abonponere
716 4860 751 4917 B,
800 4868 836 4918 st
854 4861 988 4918 neeinde
1001 4861 1093 4933 magis
1106 4859 1134 4916 A
1154 4859 1257 4917 deindo
1272 4861 1365 4934 magis
1383 4859 1462 4919 Boc

183 4970 343 5003 assumor
355 4972 443 5022 nsum
455 4972 500 5004 rra.
1210 4959 1257 5008 10.
