3602 5482
600 445 606 452 ι
687 310 887 424 munuum
1388 363 1454 431 sur

112 483 136 522 p.
153 471 166 513 l
181 471 212 515 Ε.
1497 515 1498 520 ,

113 556 275 639 Siquidem
304 575 320 618 a
348 554 437 619 uobis
470 564 596 638 propter
619 573 729 636 graeca
758 557 880 618 nomina
901 547 907 634 Ι
927 552 1104 635 adsumptae
1129 564 1214 638 suut,
1244 562 1279 618 ul
1313 562 1388 638 puta
1420 561 1455 617 ut

112 666 248 750 hymnus
271 674 303 728 et
326 664 476 747 zephyrus
500 713 508 727 .
531 682 609 746 quae
633 666 660 728 si
683 663 861 746 adsumptae
886 680 947 726 nou
970 671 1087 746 essent,
1117 663 1240 726 himuus
1271 673 1303 726 et
1330 663 1455 726 dieiirus

113 775 320 837 diceremus.
346 791 476 856 quarum
499 791 516 853 y
540 771 763 840 inlersooales
786 771 947 854 babemus,
970 789 986 833 z
1010 788 1081 833 uero
1105 763 1323 856 intcr'mutas,
1342 781 1383 855 yet
1408 781 1456 834 est

113 880 258 964 duplex.
284 880 465 956 Quomodo
495 875 629 962 duplex?
666 879 743 954 Ouia
772 879 839 944 loco
868 880 997 944 duarum
1021 884 1259 944 consonantium
1287 881 1368 964 apud
1398 899 1455 943 nos

69 1003 83 1047 s
112 991 254 1072 frangitur·
274 1039 281 1053 .
301 1009 358 1054 uec
381 989 469 1054 aliter
493 997 633 1052 constare
658 992 749 1053 metri
771 991 850 1054 ratio
873 998 976 1072 potest
994 987 1045 1051 illo
1067 967 1173 1072 versu,
1197 988 1250 1052 ubi
1269 997 1317 1052 est
1335 987 1453 1052 blezen·

112 1102 192 1184 tius,
220 1098 371 1181 siquidem
395 1117 443 1162 me
467 1097 569 1161 breuis
593 1097 704 1180 syllaba
728 1108 789 1180 est,
817 1115 924 1161 rerum
949 1099 1099 1180 excipitur
1123 1115 1140 1160 a
1164 1095 1277 1180 duplici
1300 1098 1401 1162 littera
1424 1084 1454 1176 i,

112 1225 194 1290 quae
218 1209 245 1269 si
268 1207 427 1289 adsumpta
452 1225 513 1270 non
538 1216 632 1289 esset,
655 1225 712 1288 per
736 1225 750 1269 ο
775 1215 806 1268 et
828 1205 849 1268 d
872 1204 1060 1268 llesdeutius
1084 1205 1282 1269 scriberetur.
1553 1283 1554 1286 λ

208 1315 288 1390 Quot
316 1314 426 1380 litteris
454 1317 661 1378 extremitates
690 1315 853 1378 latinorum
882 1314 1040 1376 nominum
1069 1310 1240 1376 finiuntur?
1283 1313 1453 1397 Tredecinr,
1476 1327 1549 1370 utus

112 1424 145 1488 id
170 1435 219 1488 est
243 1423 397 1488 vocalibus
416 1427 568 1506 quinque,
591 1421 822 1486 semivocalibus
846 1441 913 1506 sex,
937 1426 1034 1485 mntc's·
1052 1424 1175 1485 dnobus
1199 1469 1206 1484 .
1236 1425 1342 1497 Quare
1364 1427 1452 1486 semi·

70 1548 97 1588 ιο
113 1533 274 1616 aneclitus
306 1550 376 1610 sex,
415 1549 486 1594 cum
519 1541 637 1614 septem
670 1526 770 1594 siuti·
800 1530 876 1604 Quia
910 1531 1025 1595 uullrrm
1063 1549 1175 1594 nomen
1212 1531 1339 1596 latinum
1377 1535 1408 1595 in
1442 1533 1456 1594 l

112 1642 247 1705 litteram
280 1643 350 1704 exli.
402 1640 486 1714 Quae
520 1658 592 1721 ergo
626 1635 719 1704 sunt?
766 1641 1040 1704 deiculm
1065 1659 1085 1702 n
1109 1659 1125 1702 r
1149 1659 1164 1703 s
1189 1660 1207 1703 x
1231 1651 1293 1705 et
1343 1640 1452 1704 barum

112 1748 265 1832 exempla,
303 1746 404 1812 tabula
440 1748 553 1812 monile
591 1748 671 1830 frugi
704 1751 781 1812 ratio
815 1766 895 1830 genu
930 1747 989 1812 mel
1024 1767 1181 1812 scamnum
1215 1749 1328 1813 llumen
1361 1749 1453 1813 arbor

112 1857 172 1920 ilos
195 1876 255 1920 uox
279 1857 354 1920 allec
379 1867 479 1940 caput

631 2085 691 2154 Du
717 2085 933 2155 SYLLABIS

71 2253 97 2293 rs
183 2229 304 2320 Syllaba
333 2236 405 2319 quid
434 2232 502 2298 est?
546 2233 658 2298 Littera
687 2235 798 2298 vocalis
826 2235 874 2298 rel
897 2235 1072 2298 litterarum
1102 2237 1200 2298 coitus
1233 2255 1289 2318 per
1317 2236 1447 2319 aliquam
1471 2250 1545 2301 uult

111 2345 248 2409 vocalem
274 2344 522 2427 comprehensus.
561 2342 678 2425 Syllaba
708 2342 788 2405 trude
817 2340 919 2407 dicta?
953 2334 1033 2408 Ἀπὸ
1064 2341 1124 2426 τῆς
1148 2337 1379 2428 συλλήψεως.
1404 2358 1451 2409 οοι
1530 2369 1537 2382 ·

112 2456 195 2517 enim
227 2453 338 2536 syllaba
367 2446 536 2535 σύλληψις
569 2450 716 2534 quaedam
746 2449 930 2534 litterarum,
963 2453 993 2516 id
1029 2463 1076 2516 est
1109 2456 1268 2536 conceptio
1301 2463 1333 2517 et
1366 2457 1451 2536 quasi

111 2563 286 2644 adsumptio
310 2607 317 2624 .
343 2560 477 2635 Qualitas
501 2558 682 2642 syllabarum
707 2561 738 2621 iu
763 2567 838 2640 quot
861 2561 979 2641 species
1003 2559 1171 2624 diuiditur?
1209 2561 1242 2624 ln
1267 2561 1343 2624 duras
1366 2583 1375 2625 a
1399 2571 1451 2625 aut

111 2674 194 2734 euim
219 2670 328 2734 breves
352 2678 424 2733 sunt
447 2678 500 2733 aut
522 2668 628 2750 longae
653 2715 660 2729 .
684 2666 797 2729 Breues
821 2685 898 2748 quae
923 2685 973 2730 res
1002 2665 1117 2732 elficit?
1155 2669 1302 2752 Correpta
1331 2671 1450 2734 vocalis.

70 2795 98 2834 20
113 2779 193 2852 erid
224 2776 350 2862 longas?
396 2777 548 2842 Producta
580 2763 699 2840 vocali's.
746 2775 781 2838 ln
814 2774 898 2838 bren
932 2775 1044 2858 syllaba
1079 2787 1215 2858 tempora
1250 2789 1324 2859 qrrot
1358 2775 1451 2842 sunt?

112 2887 212 2951 Vnum
251 2937 258 2952 .
296 2888 374 2962 Quot
414 2889 445 2950 in
483 2881 592 2968 longa?
644 2882 709 2948 [luo
747 2931 754 2944 .
791 2881 912 2964 Longae
950 2884 1080 2967 syllabae
1118 2895 1192 2968 quot
1230 2887 1327 2950 modis
1370 2907 1450 2951 com·

111 2992 369 3078 prehenduntur?
408 2994 534 3060 Duobus
563 3041 570 3057 .
599 2987 739 3067 Quibus?
781 2989 895 3054 Natura
933 3001 986 3054 aut
1022 2995 1181 3075 positione.
1228 2992 1342 3058 Natura
1376 3005 1451 3077 quot

188 3285 203 3334 1
224 3277 367 3350 siquidem
386 3276 469 3335 uobis
489 3277 527 3333 M
598 3275 751 3347 adsumpta
774 3276 842 3331 sunt
864 3277 897 3329 ut
919 3276 992 3347 puta
1009 3279 1043 3334 ut
1065 3293 1169 3348 ymum
1189 3281 1219 3334 et
1236 3278 1376 3349 zephyrus
1395 3279 1448 3335 lut.

113 3376 189 3432 quse
210 3359 235 3417 si
253 3376 309 3417 nou
328 3357 480 3431 adsumpta
506 3357 614 3416 fuerint
637 3375 738 3429 ymnus
762 3357 793 3412 et
817 3354 948 3412 dieiirum
973 3357 1132 3418 diceremus
1154 3362 1191 3416 M
1207 3359 1362 3430 adsumpta
1384 3361 1450 3414 sunt

112 3443 185 3512 puta
208 3443 242 3496 ut
264 3440 387 3512 hymnus
414 3443 448 3496 ut
472 3439 621 3510 zephyrus.
654 3439 707 3494 lut.
742 3453 815 3509 quae
841 3437 865 3492 si
889 3437 1041 3510 adsumpta
1064 3457 1122 3498 uon
1148 3443 1224 3497 esset
1242 3441 1324 3512 (corr.
1344 3441 1449 3509 essent)

113 3523 238 3593 hymnus
257 3527 287 3580 et
304 3522 351 3580 die
366 3566 373 3580 .
388 3522 495 3594 phyma
515 3518 674 3576 dicaremus
687 3518 716 3574 Β
732 3559 739 3572 .
754 3518 912 3590 diepbirus,
930 3534 987 3589 pro
1004 3538 1059 3592 pcc
1078 3521 1235 3595 sdepherus
1253 3524 1390 3593 scriptum
1407 3529 1447 3578 est

113 3605 194 3675 apud
223 3603 412 3672 Victorinum,
440 3603 618 3659 tribuendum
641 3603 753 3658 uidetur
779 3601 973 3671 prommota'co,
1001 3603 1052 3672 qui
1077 3604 1107 3659 di
1136 3604 1237 3660 litteris
1258 3621 1312 3674 per
1335 3605 1449 3661 sibilum

109 3683 235 3757 psalmas
257 3700 355 3740 sonmo
373 3702 388 3739 a
406 3684 515 3739 litterae
537 3684 659 3754 exp-rimi
681 3682 782 3748 uoluit,
810 3697 978 3753 qsscmpuam
1001 3689 1097 3752 postea
1120 3685 1153 3740 s'n
1175 3701 1201 3742 n.
1221 3683 1393 3752 Mezentius,
1417 3690 1450 3740 nt

112 3771 250 3822 naiman
269 3766 392 3836 duplicis
411 3765 518 3820 litterae
537 3764 699 3832 ostenderet,
722 3763 797 3818 idem
821 3762 933 3818 dnobus
956 3767 1176 3821 consonantibus
1194 3765 1226 3820 sd
1246 3783 1314 3822 neus
1332 3771 1379 3822 est.
1413 3769 1448 3835 cs.
1497 3833 1503 3844 Ι

113 3852 296 3903 mucciunt
314 3845 494 3902 Einsidlenac
512 3847 546 3901 s'n
563 3845 652 3903 Don.
672 3844 768 3901 anecd.
787 3841 893 3898 Halesi.
914 3843 955 3901 ed.
974 3843 1078 3915 Hcpen
1099 3864 1132 3918 p.
1151 3851 1212 3904 225
1231 3865 1246 3902 a
1265 3864 1318 3918 pro
1338 3846 1449 3904 duobus

113 3947 127 3984 a
147 3928 195 3984 rel
213 3945 265 4000 pro
285 3927 466 4000 adponitur,
488 3943 561 3998 quoe
581 3930 648 3982 aute
667 3925 728 3982 eius
748 3925 973 3995 assumptionem
997 3923 1039 3980 itu
1062 3925 1273 3994 scribebantur,
1298 3931 1332 3984 ut
1355 3943 1450 3983 mmo.

113 4007 251 4066 dicebaut
272 4026 325 4081 pro
343 4025 424 4064 mm
447 4011 477 4064 et
495 4007 666 4065 Messeutius
690 4005 737 4063 rel
756 4005 918 4062 Medentim
943 4006 972 4075 (l.
991 4005 1177 4076 Mesdeutius)
1202 4011 1253 4064 aut
1275 4007 1448 4066 Medieutius

112 4108 167 4162 pro
185 4088 351 4146 Mezentius.
425 4096 441 4145 3
461 4088 494 4162 y]
512 4089 524 4145 i
544 4089 582 4145 M
654 4091 683 4144 et
701 4086 758 4161 est]
778 4090 811 4144 ut
830 4090 875 4144 est
891 4087 966 4143 ΒΜ
1037 4087 1141 4158 aquic
1160 4087 1224 4144 loca
1241 4087 1269 4143 Β
1289 4105 1363 4158 quma
1383 4089 1447 4145 loco

115 4173 153 4228 Μ
227 4167 444 4228 ocusouuutium
464 4186 516 4228 orn.
535 4169 620 4240 ΒΜ,
645 4170 711 4227 cdd.
737 4168 764 4223 V
834 4175 851 4225 o
870 4167 956 4226 metri
979 4167 1071 4225 oratio
1094 4169 1191 4240 potest
1213 4167 1264 4224 illc
1287 4186 1372 4225 nemu
1398 4169 1449 4225 ubi

114 4257 160 4312 est
184 4251 340 4310 mezentius
362 4248 392 4305 Β
415 4253 509 4306 metro
535 4249 609 4306 ratio
637 4253 733 4322 potest
755 4251 807 4308 illc
831 4268 913 4308 uerso
937 4249 987 4307 ubi
1011 4247 1184 4306 messentius
1209 4249 1272 4303 M:
1292 4251 1327 4320 ef.
1369 4251 1448 4322 Verp.

113 4337 186 4390 Aen.
208 4333 262 4388 XI
281 4337 298 4389 7
316 4331 441 4389 Mezenti
459 4331 539 4388 ducis
559 4329 674 4386 emmas
737 4338 754 4387 6
773 4347 792 4386 ο
810 4331 919 4404 duplici
937 4331 1037 4389 littera
1056 4347 1129 4402 quse
1144 4328 1172 4384 Β
1187 4345 1205 4382 u
1223 4328 1332 4403 duplici
1351 4333 1449 4391 littera

114 4431 173 4487 qua
192 4413 232 4470 M
293 4421 309 4470 'l
329 4431 381 4487 per
399 4432 412 4470 s
431 4417 462 4469 et
480 4410 499 4467 d
518 4411 708 4469 mesoleucium
724 4413 754 4469 Β
772 4428 825 4486 per
843 4415 862 4470 d
881 4420 911 4472 et
929 4434 942 4472 s
961 4411 1141 4472 mesdeudius
1162 4412 1200 4466 Μ
1272 4421 1288 4470 8
1309 4415 1446 4472 tredecim

114 4494 263 4553 uoculibus
282 4495 409 4570 quinque
428 4493 646 4552 semiuccalibus
661 4511 711 4551 sex
725 4513 791 4551 oum
806 4499 916 4566 septem
930 4495 1030 4552 sintii
1044 4493 1182 4551 tredecim
1198 4493 1228 4550 id
1243 4496 1287 4550 est
1301 4495 1448 4552 uocalibus

113 4594 164 4634 sex
182 4594 248 4633 cum
267 4579 377 4648 septem
395 4575 453 4632 siut
467 4575 512 4632 M.
526 4577 717 4647 supplantante
730 4578 865 4646 praebuit
890 4576 916 4632 V
989 4583 1020 4633 11
1041 4575 1065 4648 t]
1086 4575 1159 4632 dM
1233 4581 1265 4631 12
1286 4576 1448 4646 exemplum

114 4659 188 4716 ΒΜ
260 4657 370 4714 muusse
390 4657 429 4714 Μ
501 4663 537 4713 lt
556 4673 612 4728 epo
631 4655 695 4712 silla
715 4673 778 4714 reos
798 4659 842 4714 ast
861 4658 936 4714 euim
956 4657 1068 4729 syllaba
1087 4656 1239 4728 sillempsis
1258 4657 1401 4727 quaedam
1420 4657 1448 4712 Β

116 4743 204 4814 apoto
228 4740 324 4797 sillium
349 4755 413 4795 seos
437 4741 482 4796 cst
505 4740 581 4796 euim
607 4738 713 4795 sillubu
735 4737 856 4795 silleusis
881 4738 1004 4810 quedem
1025 4737 1063 4792 Μ
1135 4745 1168 4802 tt
1190 4737 1272 4805 Quod
1294 4737 1324 4794 iu
1347 4737 1446 4811 longa]

116 4821 185 4895 quid
204 4822 235 4880 iu
252 4823 341 4895 longa
358 4820 386 4875 Β
460 4827 494 4875 22
515 4819 767 4890 deprehenduntur
791 4818 817 4874 V
887 4825 991 4877 notura
1010 4823 1060 4875 sut
1077 4819 1221 4892 positione
1242 4820 1280 4875 Μ
1296 4823 1402 4877 natura
1421 4823 1450 4876 et

116 4905 257 4978 positione
275 4903 305 4959 Β
1557 4909 1562 4931 ·“
