3602 5482
345 349 412 416 308
948 347 1076 406 hbliilil

344 463 367 504 p.
381 453 442 496 aare.
457 454 484 494 ιι
498 451 522 494 ι.

346 534 645 620 ‘eumprotenus
670 547 825 620 utraque
851 537 963 601 tellus
987 537 1057 600 Vna
1083 531 1212 620 ioret’3
1241 539 1381 621 protinus
1404 557 1460 621 per
1483 541 1493 602 i
1517 537 1680 620 temporale
1735 500 1738 506 ,

345 648 406 722 est,
429 637 459 700 ld
480 647 526 700 est
545 640 657 720 statim,
676 630 789 722 (Verp.
804 643 879 703 Aen.
903 631 1021 722 Vsus)
1041 631 1229 719 ‘protinus
1253 637 1394 701 deneas
1418 641 1543 720 coepit
1566 636 1682 702 celeri

346 745 491 801 certare
513 732 675 819 sagitta'.
713 736 843 802 Pudoris
867 756 923 821 per
941 757 962 800 u
982 747 1013 800 et
1031 755 1087 820 ρει
1105 755 1124 798 o
1143 735 1337 800 scribendum
1358 748 1419 822 est,
1441 737 1565 820 poderis
1589 755 1681 820 pero

346 847 378 902 ει
406 856 461 919 ρει
485 857 517 921 ε,
543 838 574 901 id
603 849 651 902 est
679 841 781 902 tunica
810 837 924 921 talaris,
957 853 1018 918 qua
1041 811 1271 900 sacerdotesffln
1294 840 1390 901 veteri
1417 838 1484 920 lege
1508 837 1682 911 utebantur.

437 937 463 1012 Q
486 936 588 1018 littera,
611 946 684 1002 tunc
708 947 791 1000 recte
820 940 953 1020 ponitur,
981 955 1051 1000 eum
1079 935 1122 1000 llll
1151 939 1252 1000 statim
1277 957 1297 1000 ιι
1325 935 1427 1001 littera
1450 947 1481 1000 et
1510 936 1567 1000 alla
1592 957 1682 1020 quae·
1708 956 1720 996 a

346 1039 420 1122 libet
448 1037 587 1121 pluresve
620 1038 738 1101 vocales
767 1041 946 1101 coniunctae
976 1037 1102 1120 inerint,
1130 1039 1171 1100 ita
1199 1045 1234 1100 ut
1261 1055 1322 1100 una
1350 1036 1460 1120 syllaba
1490 1038 1554 1102 ilat:
1582 1047 1683 1100 cetera

347 1159 402 1223 per
426 1157 443 1200 c
468 1136 653 1201 scribuntur.
694 1131 775 1219 ‘qul’
800 1135 913 1220 syllaba
935 1155 992 1220 per
1015 1157 1035 1221 q
1055 1156 1074 1201 ιι
1094 1140 1104 1201 1
1127 1136 1292 1220 εειίιιιιιιιρ
1310 1139 1336 1199 sl
1360 1137 1513 1220 dividitur,
1535 1155 1592 1222 per
1612 1157 1629 1200 o
1654 1147 1684 1200 et

347 1241 378 1302 ui
407 1236 566 1302 scribenda
596 1245 651 1300 est
698 1237 772 1310 Quit
798 1235 939 1320 verbum,
967 1237 1049 1319 quod
1077 1237 1111 1300 tlt
1133 1255 1149 1300 a
1174 1249 1254 1318 queo
1279 1239 1348 1318 quis
1372 1239 1453 1319 quit,
1475 1256 1532 1319 per
1556 1249 1582 1322 ις
1611 1236 1684 1320 quid

346 1355 515 1422 pronomen
546 1356 602 1419 per
632 1337 651 1398 d
682 1335 877 1400 scribendum
908 1345 964 1399 est
1016 1335 1111 1420 Quot,
1141 1333 1262 1418 quando
1293 1331 1448 1399 numerale
1479 1346 1541 1421 est,
1571 1355 1628 1419 per
1660 1345 1684 1418 ις

347 1438 467 1520 quanm
481 1455 659 1519 pronomen,
678 1437 767 1520 perd
786 1435 982 1500 scribendum
1002 1443 1057 1498 est
1090 1435 1229 1508 Quantus
1244 1443 1276 1500 et
1289 1445 1392 1500 tentus
1406 1454 1463 1520 per
1477 1455 1497 1500 ιι
1513 1436 1682 1519 euphoniae
1698 1455 1720 1494 ιι

348 1555 452 1601 causa:
477 1539 559 1600 venit
582 1537 663 1598 enim
687 1553 703 1598 a
728 1543 869 1618 quamtus
893 1544 924 1598 et
947 1543 1068 1598 tamtus.
1110 1534 1280 1617 Quicquam
1303 1546 1333 1601 et
1358 1537 1504 1619 quicquid
1528 1539 1559 1599 in
1585 1535 1683 1600 medio

348 1656 402 1721 per
426 1656 456 1718 n,
485 1655 545 1700 non
570 1634 667 1717 perd
697 1633 790 1698 scribi
818 1633 944 1697 debent:
971 1637 1003 1696 ln
1032 1635 1240 1715 conpositione
1264 1638 1345 1700 enlm
1373 1637 1554 1720 plerumque
1578 1637 1683 1700 dinc

348 1745 561 1818 commutetur,
580 1747 615 1798 ut
634 1737 664 1796 ln
683 1732 973 1818 praepositionibus,
992 1735 1103 1798 accedo
1123 1734 1289 1799 accumulo.
1324 1735 1454 1812 Querela
1476 1755 1532 1819 per
1551 1756 1647 1800 unum
1665 1737 1683 1813 l,

348 1839 428 1900 sicut
452 1835 573 1899 suadela
598 1833 691 1898 tutela
715 1832 838 1896 candela
862 1833 1034 1915 corruptela
1065 1833 1192 1916 loquela.
1240 1834 1367 1909 Quoties
1390 1847 1422 1899 et
1449 1837 1540 1898 toties
1564 1838 1631 1898 siue
1656 1855 1683 1919 n,

347 1937 420 2000 licet
443 1942 568 2017 veteres¹
590 1951 646 2015 ρει
669 1951 698 1996 ιι.
745 1931 901 2006 Quatenus
935 1932 1109 1998 adverbium
1138 1933 1211 2019 locl,
1238 1935 1269 1998 id
1299 1945 1346 2000 est
1376 1953 1551 2021 quousque,
1578 1955 1635 2019 per
1658 1951 1719 2017 e,1⁵

349 2039 491 2119 quatinus
525 2035 698 2098 coniunctio
727 2032 871 2116 causalis,
899 2032 929 2096 id
959 2042 1007 2096 est
1034 2043 1082 2116 ut,
1110 2053 1167 2117 ρει
1190 2037 1201 2096 1
1228 2033 1423 2099 scribendum
1452 2047 1508 2100 est.
1559 2035 1682 2110 Quaeri·

349 2149 400 2202 tur
423 2137 461 2200 de
485 2133 682 2216 inquirendo,
707 2134 847 2214 queritur
870 2132 908 2195 de
932 2132 1093 2216 plorando,
1116 2142 1263 2215 quaestus
1286 2133 1365 2198 lucri
1388 2155 1443 2220 per
1467 2135 1683 2218 diphthongon,

349 2246 476 2319 questus
495 2235 702 2316 lacrimarum,
721 2233 916 2314 queremonia
936 2251 991 2316 ρει
1006 2252 1032 2295 e.
1061 2233 1271 2316 Quorundam,
1291 2237 1371 2299 sicut
1390 2235 1567 2320 eorundem,
1585 2254 1683 2318 pern,

350 2355 412 2400 non
435 2355 491 2418 per
514 2353 554 2396 m.
600 2332 721 2407 Queror
744 2331 781 2394 de
805 2341 850 2414 te,
879 2330 947 2416 tibl,
976 2332 1014 2395 de
1038 2332 1102 2415 illo;
1131 2335 1204 2395 item
1227 2351 1408 2415 conqueror.
1455 2329 1539 2408 ‘Quo
1564 2331 1682 2398 vadisi’

349 2437 385 2499 ad
416 2454 505 2516 quern
534 2425 636 2496 locum
664 2432 826 2514 significat,
851 2427 926 2512 ‘qua
953 2428 1075 2494 vadisi’
1104 2450 1164 2514 qua
1191 2434 1239 2494 via
1267 2433 1387 2497 dicitur.
1435 2452 1495 2515 quo
1524 2433 1682 2518 aliquando
1696 2447 1719 2485 ιι

350 2553 405 2619 ριο
436 2534 488 2597 ubl
521 2533 658 2615 ponitur:
690 2531 878 2612 Augustinus
909 2525 1069 2594 ‘incenis
1102 2532 1243 2594 domurn
1278 2533 1464 2617 ramosam,
1497 2553 1566 2616 quo
1600 2534 1683 2597 honi

350 2627 544 2715 habitant',
571 2632 602 2695 id
630 2641 678 2696 εει
706 2630 759 2694 ubi
788 2629 932 2693 habitant.
980 2629 1118 2704 Quantus
1147 2649 1237 2713 quam
1266 2649 1393 2714 magnus
1421 2633 1542 2718 dicitur,
1573 2645 1683 2716 quotus

350 2737 437 2799 cuius
462 2735 582 2817 aetatis,
605 2732 686 2796 unde
710 2738 742 2795 et
765 2741 857 2812 quota
887 2729 957 2793 luna
982 2731 1108 2794 dicitnr:
1136 2732 1323 2813 Augustinus
1351 2727 1503 2812 ‘quotus
1530 2736 1683 2816 quisque
1737 2801 1738 2804 ,

349 2837 386 2898 in
407 2831 412 2916 Ι
432 2834 499 2897 hac
528 2837 601 2896 vita
630 2834 793 2895 existere
822 2839 961 2913 potest,
990 2833 1051 2912 qul
1080 2849 1150 2894 non
1178 2833 1419 2894 convincatur
1443 2851 1524 2896 esse
1555 2851 1684 2915 pecca·

351 2930 434 3018 tor’,
464 2933 494 2996 id
521 2940 567 2996 est
595 2935 626 2995 in
651 2949 709 3013 qua
734 2940 846 3014 aetate,
874 2950 935 3012 quo
959 2929 1153 2994 dierum'vel
1182 2949 1331 2994 annornm
1360 2949 1497 2995 numero.
1544 2933 1721 3008 Quotiens

350 3032 525 3099 adverbium
558 3033 679 3095 numeri
712 3049 767 3113 per
796 3049 815 3112 q
849 3031 1043 3094 scribendum
1073 3041 1134 3114 est,
1166 3048 1226 3094 non
1256 3049 1311 3113 per
1340 3050 1371 3115 c,
1398 3041 1433 3094 ut
1461 3044 1536 3115 quot
1565 3033 1686 3098 diebus:

351 3133 462 3198 cotidie
495 3131 670 3194 adverbium
704 3132 940 3194 continuationis
977 3150 1033 3213 per
1061 3150 1078 3194 c
1111 3140 1142 3195 et
1170 3151 1188 3193 o
1221 3131 1333 3195 dicitur
1366 3141 1397 3194 et
1432 3131 1592 3217 scribitur,
1626 3153 1686 3196 non

351 3253 407 3318 per
430 3251 462 3314 q,
487 3233 557 3314 quia
580 3247 642 3293 nou
665 3249 682 3292 a
707 3239 798 3312 quota
823 3230 884 3314 dle,
909 3231 962 3294 sed
987 3250 1003 3293 a
1027 3233 1195 3295 continenti
1219 3231 1268 3294 die
1293 3230 1408 3295 dietum
1433 3241 1487 3295 εει.
1535 3231 1687 3306 Quaestor

351 3355 367 3398 a
387 3331 571 3416 quaerendo,
590 3333 676 3411 quasi
695 3333 864 3412 quaesitor,
882 3349 938 3414 per
952 3349 987 3394 ae
1007 3329 1224 3413 diphthongon.
1257 3331 1450 3413 Quanquam,
1469 3333 1554 3413 prior
1574 3331 1685 3414 syllaba

352 3454 373 3498 ιι
397 3433 487 3497 ι1ε1ιει
509 3430 636 3514 1ιε1ιειε,
660 3449 721 3494 non
745 3449 784 3494 m.
1698 3442 1722 3482 ιι

442 3532 598 3613 Reliquiae
617 3547 673 3612 per
692 3547 711 3611 q
731 3529 926 3592 scribendum
945 3538 993 3591 est
1011 3537 1043 3592 et
1061 3547 1155 3592 unum
1175 3529 1198 3605 l,
1222 3530 1294 3594 licet
1314 3529 1464 3614 Vergilius
1484 3524 1575 3618 (den.
1592 3525 1685 3616 130)

352 3637 470 3718 poetica
498 3631 619 3694 licentia
646 3629 773 3692 dixisset
802 3623 1017 3711 ‘relliquiae
1046 3625 1230 3693 Danarrm'.
1276 3630 1390 3694 Radius
1418 3630 1609 3714 mascullnl‚·
1626 3650 1685 3694 non

352 3733 469 3798 radium
499 3730 608 3792 neutri.
654 3725 760 3790 Rubor
783 3727 907 3810 coloris,
935 3725 1030 3808 robur
1055 3731 1190 3804 virtutis,
1220 3728 1313 3793 robor
1336 3729 1426 3792 arbor
1450 3740 1505 3793 est
1553 3730 1686 3793 Redoleo

352 3838 550 3915 unguentum.
579 3827 707 3908 Regium
726 3826 807 3906 qnod
828 3829 907 3907 regis
928 3827 994 3911 luit,
1013 3828 1112 3909 regale
1133 3829 1213 3910 quod
1236 3847 1308 3911 rege
1324 3829 1448 3912 dignum
1468 3839 1524 3894 εει.
1554 3831 1686 3895 lloseum

352 3951 407 4016 ρει
431 3949 478 4016 se,
506 3929 657 3991 rosecium
686 3929 821 3990 mixtum.
850 3923 1003 4000 ,Ἱιειειιε
1033 3923 1106 3989 ieci’
1131 3927 1274 4012 dicimus,
1305 3948 1366 3992 non
1391 3940 1540 4012 recenter,
1565 3939 1722 3995 utentes³⁵

352 4035 474 4098 nomine
498 4046 553 4113 ριο
577 4024 728 4088 adverbio.
765 4027 935 4108 Rhythmus
958 4045 1080 4108 graece,
1104 4026 1195 4090 latine
1220 4028 1394 4092 modulatio.
1433 4029 1477 4092 lle
1502 4033 1685 4113 praepositio

353 4153 413 4197 non
442 4139 560 4194 tantum
588 4128 676 4209 plena
704 4129 902 4208 praeponitur
926 4125 1105 4207 quibusdam
1134 4129 1272 4211 partibus
1297 4131 1458 4212 orationis,
1488 4139 1521 4192 ut
1550 4139 1686 4192 removet

353 4233 477 4308 refricat
501 4229 643 4310 respirat,
667 4227 719 4288 sed
739 4227 808 4289 etd
832 4226 963 4290 litteram
983 4230 1123 4310 assumit,
1147 4237 1181 4289 ut
1206 4226 1345 4291 redolere
1367 4228 1476 4291 redire.
1515 4227 1568 4290 sed
1594 4231 1685 4291 inter·

354 4353 572 4366 .-.-.----

444 4421 461 4472 't
480 4431 532 4486 ρει
551 4431 574 4469 ε
585 4413 615 4468 et
633 4409 663 4466 ui
681 4409 832 4466 scribenda
851 4413 895 4466 est
913 4409 936 4465 S
953 4425 1005 4482 ρει
1023 4409 1070 4467 oni
1089 4410 1237 4468 scribenda
1256 4413 1301 4469 esi
1316 4430 1337 4482 p
1361 4429 1412 4483 per
1430 4411 1477 4468 oni
1502 4411 1685 4484 oniscriptnm

353 4502 396 4554 est
415 4499 454 4553 M
540 4501 574 4550 ιο
593 4495 716 4564 quantus
735 4493 765 4548 ei
783 4493 880 4548 ustus
899 4507 951 4564 ρει
969 4509 988 4548 ιι
1009 4492 1046 4548 Μ
1063 4495 1187 4563 quantus
1206 4509 1294 4564 pern
1313 4497 1455 4564 (persp)
1474 4493 1687 4566 etuntusps

410 4585 444 4634 ts
461 4576 577 4649 loquela
595 4591 646 4632 orn.
663 4575 742 4645 pls,
761 4575 825 4631 odd.
843 4573 866 4630 S
940 4580 974 4630 lo
993 4573 1141 4645 quaeritur
1160 4573 1195 4628 de
1213 4571 1383 4644 inquirendo
1404 4591 1456 4645 per
1475 4589 1508 4630 aa
1528 4573 1686 4648 diptongon

354 4659 435 4730 (dipl.
454 4675 506 4715 orn.
522 4660 556 4729 p)
575 4660 704 4728 queritur
723 4657 758 4715 de
777 4656 917 4729 plorando
935 4672 988 4727 per
1006 4672 1021 4711 ε
1036 4656 1104 4726 phi
1195 4659 1229 4712 18
1253 4659 1369 4726 quesbus
1393 4654 1577 4711 lacrimarum
1601 4674 1653 4729 per
1671 4675 1686 4714 ε

354 4741 537 4812 queremonia
556 4740 682 4812 perduc
702 4740 800 4811 epM
861 4745 894 4794 at
916 4737 1069 4793 formosam
1089 4737 1129 4792 M
1190 4743 1224 4793 28
1244 4735 1377 4810 quisque]
1398 4735 1461 4807 quis
1481 4736 1504 4793 S
1565 4743 1601 4796 114
1620 4757 1686 4814 rege

354 4823 472 4894 dignum
492 4821 514 4876 S
532 4820 593 4892 regi
613 4821 731 4894 ὥςιιιιιι
746 4819 815 4891 phi
891 4833 1004 4875 roseum
1023 4835 1075 4889 per
1093 4835 1109 4875 ε
1128 4819 1271 4875 rosecium
1290 4817 1411 4875 ιιιὶιιιιιιι
1430 4835 1555 4892 persp
1574 4837 1686 4878 maenus

355 4919 406 4974 per
425 4919 440 4958 e
459 4904 603 4958 sorentum
622 4902 745 4958 mixtum
764 4901 802 4958 M
