3610 5482
328 317 373 382 42
881 297 983 368 vnnn
1002 311 1116 368 couci
1155 283 1157 286 ’

326 515 419 570 erant.
460 505 611 568 Romanae
636 511 667 565 ct
690 499 955 584 heidelbergensis
979 495 1120 564 editionis
1144 503 1261 584 copiam
1285 500 1359 563 mihi
1384 501 1455 564 lecit
1478 499 1662 563 bibliotheca

326 613 540 694 Gottingensis.
1533 621 1539 630 '

414 720 523 810 lffostea
541 721 669 785 loannes
689 721 808 784 Salomo
828 721 1015 784 semlerus
1039 721 1239 802 incorrupta
1263 719 1417 782 editorum
1440 719 1662 802 exemplarium
1683 737 1687 744 ’

324 833 454 894 lectione
484 831 669 894 emendanda
701 828 825 893 multam
853 847 977 910 operam
1005 831 1194 910 consumpsit
1217 837 1249 891 et
1271 825 1416 909 plurimas
1441 825 1662 910 adnotationes,

325 960 400 1022 quas
424 939 585 1003 admodum
611 937 789 1001 adulescens
819 941 1051 1021 conscripserat,
1075 937 1110 1000 ad
1135 936 1259 999 Petrum
1284 933 1470 997 Bondamum
1495 939 1585 1012 misit,
1609 939 1663 1018 qui

325 1067 430 1111 earum
465 1025 709 1110 emendationum
746 1048 930 1109 mentionem
968 1046 1040 1108 lecit
1069 1062 1130 1107 rar.
1160 1044 1229 1107 lect.
1260 1063 1288 1126 p.
1323 1039 1394 1107 118.
1445 1044 1526 1124 ipsae
1558 1054 1661 1108 autern

324 1154 451 1219 Semleri
480 1153 688 1218 adnotationes
718 1173 777 1217 una
807 1172 876 1217 cum
909 1151 1038 1236 epistula
1070 1151 1106 1214 ad
1136 1151 1342 1236 Bondamum,·
1364 1161 1398 1215 ut
1427 1151 1562 1235 ridetur,
1590 1151 1659 1215 data

325 1281 407 1326 nunc
436 1265 468 1325 in
493 1261 633 1326 Leidensi
663 1243 844 1326 bibliotheca
872 1265 903 1326 in
932 1261 1035 1324 codice
1065 1258 1262 1323 Perizoniano
1287 1261 1312 1334 Q
1336 1257 1380 1323 92
1412 1255 1579 1324 serranturss
1621 1279 1659 1323 ex

223 1443 228 1450 .
325 1391 385 1453 quo
414 1371 518 1436 codice
548 1371 706 1456 epistulam
736 1371 864 1435 Semleri
889 1389 964 1433 cum
994 1387 1055 1432 nou
1078 1368 1170 1432 nullis
1193 1369 1259 1431 eius
1284 1370 1468 1431 coniecturis
1492 1368 1573 1431 edidi
1595 1369 1659 1433 ind.

324 1479 393 1543 lect
417 1479 536 1544 llalens.
561 1483 662 1544 aestiv.
687 1500 712 1543 a.
740 1477 836 1545 1877.
880 1461 1061 1562 quamquam
1090 1485 1191 1541 autem
1216 1475 1371 1539 Semlerus
1401 1475 1557 1558 complura
1580 1496 1657 1558 quae

324 1597 469 1671 corrupta
492 1593 524 1651 in
548 1587 638 1651 editis
662 1587 884 1670 exemplaribus
907 1587 1052 1669 leguntur
1063 1573 1188 1668 primus
1208 1587 1350 1667 correxit,
1373 1593 1473 1646 tamen
1494 1603 1530 1647 ex
1550 1603 1658 1667 magno

326 1715 453 1760 numero
482 1699 727 1760 coniecturarum
754 1713 865 1776 paucas
895 1696 994 1756 inveni
1023 1713 1099 1776 quae
1129 1692 1236 1774 dignae
1261 1711 1328 1755 esse
1353 1695 1497 1756 memoria
1521 1693 1658 1756 rideren-

326 1815 385 1868 tur.
416 1806 528 1886 optime
549 1823 620 1866 vero
640 1805 774 1866 omnium
794 1801 831 1865 de
852 1801 1060 1864 emendatione
1080 1802 1150 1864 libri
1169 1802 1281 1864 meruit
1296 1799 1326 1863 C.
1342 1800 1374 1864 L.
1394 1801 1659 1884 Schneiderus,

326 1915 377 1995 qui
408 1915 440 1976 in
470 1915 663 1995 grammatica
693 1912 812 1993 linguae
842 1909 951 1973 latinae
982 1910 1093 1974 multos
1127 1911 1218 1983 huius
1246 1913 1434 1991 grammatici
1464 1911 1546 1974 locos
1577 1930 1593 1973 a
1624 1931 1658 1974 se

326 2023 500 2086 emendatos
525 2021 670 2084 exhihuit.
1260 2105 1263 2110 Ι

416 2130 488 2194 hlihi
516 2133 548 2194 in
576 2149 652 2193 nora
681 2129 813 2192 editione
842 2129 879 2190 ad
904 2128 1123 2192 restituendam
1147 2128 1329 2209 scripturam
1354 2127 1467 2190 codicis
1490 2125 1658 2211 bobiensis,

326 2259 387 2322 quo
410 2243 508 2302 omnis
532 2239 622 2302 huius
646 2238 716 2300 libri
740 2236 1086 2320 memoria-continetur,
1109 2235 1204 2299 codex
1223 2234 1385 2319 Parrhasii,
1409 2237 1460 2316 qui
1481 2254 1561 2299 uunc
1581 2237 1656 2298 Nea·

325 2347 476 2430 politanus
496 2346 532 2409 tv
552 2349 576 2409 Α
599 2346 637 2410 11
660 2358 714 2430 est,
734 2351 856 2429 paratus
875 2355 948 2409 erat.
987 2364 1046 2426 quo
1066 2344 1199 2408 adhibito
1220 2345 1321 2427 mttlta,
1341 2363 1417 2426 qnae
1441 2343 1511 2406 inde
1535 2364 1551 2406 a
1575 2348 1658 2427 prin·
1686 2369 1689 2374 ¹

325 2457 391 2536 cipe
424 2451 555 2518 editione
587 2464 730 2537 'corrupta
762 2455 954 2539 ferebantur,
985 2459 1112 2518 correxi.
1157 2453 1289 2518 restabat
1320 2465 1420 2515 tamen
1452 2471 1557 2535 magna
1587 2471 1658 2535 pars

229 2555 232 2562 “
257 2559 262 2564 ’
327 2563 478 2646 vitiorum,
501 2582 588 2647 quac,
612 2565 753 2646 quoniam
778 2582 814 2624 eu
833 2563 975 2626 bobiensi
1000 2564 1103 2627 codice
1127 2565 1163 2627 ad
1188 2562 1393 2645 apographum
1412 2563 1563 2626 Parrhasii
1587 2581 1657 2645 pro·

324 2680 432 2760 pagata
460 2682 545 2750 suut,
573 2675 747 2735 coniectura
777 2671 906 2733 tollenda
935 2681 1030 2735 erant.
1054 2674 1102 2734 iu
1131 2691 1192 2752 quo
1222 2689 1291 2733 cum
1323 2675 1386 2734 veri
1410 2674 1542 2734 invent-io
1567 2689 1656 2752 saepe
1727 2695 1732 2700 ·
1799 2687 1801 2742 ς

326 2779 412 2842 valde
431 2780 574 2862 impedita
595 2791 685 2856 esset,
705 2783 770 2843 lieri
790 2799 850 2843 non
869 2783 968 2863 potuit
987 2784 1059 2862 quin
1075 2779 1167 2843 multa
1182 2783 1272 2842 etiam
1292 2798 1367 2860 quae
1388 2781 1523 2861 qtramris
1541 2779 1658 2842 incerta

326 2891 501 2950 coniectura
526 2888 571 2951 vel
595 2908 612 2950 a
635 2906 683 2950 me
707 2888 753 2950 rel
777 2889 814 2951 ab
838 2889 904 2952 aliis
934 2892 1054 2952 inrenta
1078 2898 1164 2952 erant
1188 2891 1413 2971 reciperentur,
1442 2898 1476 2951 ut
1501 2898 1568 2970 apta
1593 2907 1657 2949 vcr-

326 2995 437 3058 borum
469 3000 618 3060 seritentia
648 2998 832 3060 efficeretur.
888 3000 988 3078 itaque
1020 3007 1054 3060 nt
1084 3006 1257 3080 appareret,
1294 3014 1370 3077 quae
1404 3007 1485 3059 esset
1519 3004 1658 3077 receptae

326 3103 465 3167 lectionis
489 3109 653 3169 auctoritas
678 3104 723 3167 rel
748 3123 848 3186 aquo
873 3104 1067 3168 fundamento
1091 3105 1206 3186 reliqua
1231 3103 1301 3166 libri
1327 3103 1496 3166 emendatio
1520 3104 1658 3166 ducenda

327 3222 424 3296 esset,
452 3224 555 3295 aptum
584 3233 651 3276 esse
680 3215 778 3276 visum
806 3222 853 3275 est
882 3192 1064 3295 scripiuram
1088 3213 1278 3276 Parrhasiani
1308 3211 1420 3275 codicis
1450 3223 1616 3294 separatam
1642 3232 1658 3274 a

325 3321 441 3403 reliqua
460 3322 651 3385 adnotatione
671 3340 793 3404 ponere.
832 3321 931 3403 siquid
956 3325 986 3384 in
1010 3325 1107 3404 prima
1131 3321 1244 3384 codicis
1269 3324 1420 3402 scriptura
1443 3339 1459 3382 a
1484 3331 1657 3384 correctore
1693 3305 1700 3311 ⁸

324 3438 474 3492 mutatum
502 3429 549 3491 rel
578 3428 711 3493 additum
741 3435 818 3512 erat,
849 3429 971 3492 lectioni
999 3429 1111 3493 codicis
1141 3431 1285 3492 maiorem
1313 3429 1444 3492 litteram
1472 3429 1658 3510 Capposui3

327 3555 458 3618 eaquae
482 3540 650 3601 correctori
674 3536 824 3600 debentur
848 3540 964 3600 minore
989 3537 1088 3601 littera
1113 3558 1130 3600 c
1154 3536 1305 3618 adscripta
1328 3537 1465 3599 indicari.
1503 3540 1533 3598 in
1554 3539 1657 3618 paucis

224 3671 226 3676 ·
327 3663 403 3726 qnae
437 3649 526 3709 tertia
559 3665 649 3709 manu
682 3650 714 3708 in
746 3645 833 3709 initio
867 3647 980 3709 codicis
1018 3657 1154 3709 correcta
1193 3665 1260 3708 esse
1297 3645 1442 3711 dicuntur
1479 3647 1658 3708 asteriscum
1772 3669 1780 3680 ·

327 3757 463 3836 apposui,
480 3754 533 3817 c*.
568 3757 599 3816 in
615 3755 707 3816 altera
728 3755 928 3818 adnotationis
945 3767 1029 3838 parte
1053 3756 1213 3819 lectionem
1236 3757 1382 3838 principis
1400 3754 1541 3816 editionis
1561 3757 1658 3835 posui,

328 3873 362 3924 ut
384 3871 415 3924 et
439 3862 509 3943 quid
535 3862 642 3924 Vrsino
672 3864 703 3925 in
732 3863 940 3928 emendatione
971 3865 1132 3928 verborum
1163 3863 1357 3927 tribuendum
1386 3870 1468 3925 esset
1491 3850 1659 3945 appareret,

327 3980 359 4033 et
381 3988 441 4051 qua
463 3969 592 4032 lectione
617 3973 638 4032 ii
662 3974 714 4052 qui
738 3981 841 4053 postea
867 3971 911 4034 vel
935 3973 1025 4036 verba
1045 3975 1231 4055 grammatici
1251 3975 1419 4035 citaverunt
1438 3971 1487 4034 rel
1506 3973 1537 4033 in
1557 3991 1658 4033 emen-

316 4077 424 4141 danda
443 4077 572 4141 lectione
593 4097 716 4160 operam
736 4078 959 4143 collocaverunt
983 4085 1158 4164 usilessent
1181 4075 1415 4164 perspiceretur.
1459 4099 1552 4162 quare
1576 4083 1659 4162 prin·

294 4257 297 4262 ,
329 4189 405 4270 cipis
438 4205 561 4268 quoque
594 4185 735 4248 editionis
765 4187 998 4270 discrepantiam
1030 4193 1163 4274 exceptis
1192 4189 1315 4272 quidem
1345 4187 1505 4251 levissimis
1535 4187 1659 4269 quibus·

329 4295 396 4357 dam
421 4294 587 4376 rebus,.in
616 4293 726 4377 quibus
754 4294 915 4360 lectionem
943 4316 1032 4360 manu
1063 4300 1169 4381 scripti
1198 4298 1267 4361 libri
1296 4315 1452 4359 revocasse
1482 4295 1660 4378 sufficiehat,

330 4403 410 4465 velut
438 4405 474 4465 iis
503 4421 580 4486 quae
608 4401 761 4465 interdum
784 4406 814 4465 iu
839 4403 1034 4468 collocatione
1058 4406 1220 4470 verborum
1245 4415 1356 4468 mtrtata
1385 4413 1484 4486 eraut,
1512 4405 1661 4485 integram

329 4510 465 4573 indicari.
508 4513 612 4593 paucis
643 4511 732 4594 locis,
762 4513 793 4573 in
824 4511 934 4592 quihus
965 4531 1026 4575 non
1057 4514 1163 4578 inutile
1194 4535 1261 4578 esse
1290 4511 1447 4575 ridebatur
1476 4514 1554 4574 scire
1586 4511 1659 4593 quid
1752 4573 1755 4577 .

327 4601 455 4682 ’Vrsinus
483 4621 514 4682 in
543 4619 646 4683 codice
676 4622 823 4702 scriptum
851 4622 1028 4704 invenisset,
1061 4622 1151 4686 huius
1185 4640 1305 4704 quoque
1336 4623 1519 4702 scripturam
1550 4619 1659 4684 addidi.

329 4729 450 4809 saepius
470 4745 506 4789 ex
520 4727 615 4790 altero
630 4727 771 4791 Vaticano
796 4727 899 4790 codice
925 4728 1151 4818 emendationes
1170 4729 1353 4794 correctoris
1372 4727 1526 4811 adscripsi.
1556 4747 1659 4810 qttant·

331 4852 420 4918 quam
444 4853 481 4896 en
501 4835 550 4897 his
570 4853 689 4916 qnoque
712 4836 821 4899 multae
841 4855 909 4898 cum
929 4839 1065 4920 principe
1086 4838 1217 4900 editione
1234 4839 1440 4920 ,consentiunt
1464 4855 1562 4918 neque
1582 4856 1661 4919 opus
