3616 5482
634 357 684 416 Dld
704 351 999 416 ORTHOGRAPHIA
1415 357 1476 426 131

145 567 207 610 rem
236 547 515 628 diligentissimum,
551 548 603 627 qui
631 545 706 608 milh
736 549 825 610 etiam
854 544 990 608 eiusdem
1020 531 1153 608 aurctoris
1190 543 1231 609 De
1260 545 1481 631 orthographia

144 658 383 736 manrrscriptum
399 672 552 735 nunqnam
568 663 655 717 antea
670 653 795 731 editum,
809 653 958 737 praebuit.
983 651 1125 717 Nonnihil
1139 665 1297 736 praeterea
1314 656 1481 720 industriae

143 774 173 828 et
196 763 308 826 laboris
327 764 395 826 hnt
411 762 579 827 Fontanoni
604 765 635 826 in
655 763 763 827 eodem
782 762 876 826 Paris.
893 756 1008 826 Senatu
1026 761 1170 826 Advocati
1192 762 1279 849 huic,
1304 774 1338 829 ut
1356 763 1480 847 quibus·

142 871 209 932 darn
229 870 295 934 aliis
316 869 459 952 operibus
478 866 633 934 accessit'.
665 871 773 935 eodem
793 871 924 936 Danielis
943 870 1022 934 libro
1041 856 1157 954 aliquot
1175 876 1262 937 annis
1281 882 1351 938 ante
1370 873 1482 938 Petrus

141 978 286 1042 Pithoeus
317 981 347 1042 in
379 979 622 1046 adversariorum
657 979 887 1044 subsecivorum
923 979 1001 1044 libro
1034 983 1137 1062 priore
1170 999 1195 1044 a.
1232 977 1319 1046 1564
1348 985 1481 1065 primum

106 1127 109 1132 -
141 1086 222 1150 edito
251 1105 276 1152 c.
301 1085 322 1150 6
353 1109 382 1171 p.
406 1084 451 1152 25
479 1088 526 1152 ed.
550 1086 637 1153 Dasil.
665 1107 691 1152 a.
718 1087 805 1154 1574
835 1108 909 1153 usus
938 1098 1016 1173 erat,
1048 1108 1117 1153 cum
1146 1088 1315 1154 Adamantli
1345 1089 1480 1174 blartyrh

141 1194 231 1259 rerba
259 1197 339 1280 apud
364 1197 496 1263 Cassiod.
520 1218 548 1281 p.
573 1196 662 1262 2299
692 1201 790 1264 berno
818 1204 893 1263 licet
920 1217 977 1278 ego
1007 1203 1177 1264 invenerim
1201 1218 1266 1283 sqq.
1298 1195 1347 1264 ‘ex
1379 1210 1480 1264 vetere

141 1303 271 1368 Danielis
301 1304 481 1390 exemplari'
509 1307 706 1372 adscriberet.
744 1327 813 1372 nam
842 1309 948 1391 paucis
976 1325 1053 1390 quae
1083 1309 1148 1390 ipse
1178 1306 1326 1371 Pithoeus
1355 1307 1482 1373 mutavit

139 1416 275 1496 exceptis
303 1435 339 1480 ea
366 1435 437 1480 cum
461 1416 597 1482 Parislna
626 1418 758 1482 editione
792 1419 997 1481 consentiunt.
1040 1415 1172 1480 Danielis
1196 1425 1297 1481 autem
1321 1415 1392 1480 olirn
1424 1418 1481 1481 iult

139 1531 170 1586 et
187 1521 282 1586 codex
298 1522 462 1589 bernensis
476 1521 553 1608 243,
567 1527 648 1589 sicut
665 1544 758 1609 supra
776 1525 891 1591 dictum
906 1535 963 1610 est,
977 1534 1009 1589 et
1030 1524 1236 1608 apographum
1256 1533 1342 1588 serto
1361 1525 1480 1590 decimo

139 1633 261 1696 saeculo
290 1651 326 1696 ex
355 1632 413 1696 boc
441 1635 555 1699 lactum
583 1643 614 1698 et
642 1635 674 1697 in
703 1635 762 1698 line
793 1633 982 1718 suppletum,
1013 1633 1094 1716 quod
1121 1653 1203 1698 nunc
1231 1635 1332 1717 ipsum
1357 1653 1479 1718 quoque

138 1742 220 1805 inter
251 1741 371 1806 codices
402 1742 573 1808 Beruenses
604 1751 744 1808 servatur
774 1763 802 1806 n.
837 1739 910 1808 175.
957 1746 989 1806 in
1021 1743 1156 1824 margine
1187 1743 1352 1826 apographi
1388 1761 1479 1808 mann

138 1848 270 1914 Danielis
298 1853 490 1916 coniecturas
519 1863 550 1916 et
580 1855 676 1936 ipsius
705 1863 736 1918 et
764 1853 892 1918 Putcani
920 1861 951 1916 et
981 1860 1124 1933 excerpta
1151 1849 1267 1932 aliquot
1292 1846 1345 1914 ‘es
1374 1851 1478 1917 codice

138 1953 251 2022 reteri'
280 1957 431 2042 adscripta
461 1979 528 2024 esse
557 1961 631 2026 dicit
660 1960 801 2045 llageous
829 1959 915 2025 catal.
944 1959 1010 2023 cod.
1038 1957 1128 2022 Bern.
1156 1979 1185 2041 p.
1215 1955 1291 2023 237.
1341 1968 1479 2026 ceterum

119 2065 274 2158 'Parisino
299 2067 391 2132 editio
416 2068 518 2133 multis
542 2068 617 2133 locis
641 2089 711 2134 cum
735 2069 838 2133 codice
862 2068 1033 2151 Puteaneo,
1056 2069 1108 2149 qui
1133 2085 1214 2130 nunc
1238 2066 1395 2132 Parisinus
1419 2079 1476 2154 est,

136 2157 177 2238 ita
201 2179 367 2263 consentit,
395 2187 430 2242 ut
458 2177 592 2242 dubitari
621 2187 759 2260 nequeat.
775 2179 849 2260 quin
882 2179 908 2240 is
936 2193 1058 2259 quoque
1084 2175 1119 2240 ad
1148 2195 1215 2241 carn
1238 2175 1403 2242 editionem
1427 2177 1478 2242 ad·

138 2282 255 2349 hibitus
279 2287 327 2350 slt.
1363 2343 1365 2346 .

226 2393 342 2458 Eodem
370 2413 463 2478 anno,
492 2413 552 2478 quo
576 2395 713 2460 Parisino
742 2395 834 2460 editio
864 2395 940 2458 lacta
969 2402 1048 2478 eret,
1081 2395 1161 2458 liber
1195 2395 1233 2459 de
1262 2395 1476 2479 orthographia

137 2521 153 2564 a
182 2501 368 2568 Ludorico
399 2505 577 2569 Carrione
608 2523 645 2567 ex
676 2505 779 2568 codice
806 2504 981 2568 Coloniensi
1009 2506 1171 2586 separatim
1203 2504 1304 2569 editus
1335 2514 1382 2569 est
1415 2504 1473 2568 hoc

138 2611 238 2696 titulo,
267 2607 383 2695 ‘hlagni
411 2613 527 2678 Aurelii
555 2612 728 2677 Cassiodori
757 2613 913 2677 Senatoris
943 2611 975 2675 V.
1006 2611 1036 2674 C.
1068 2611 1107 2674 de
1142 2613 1356 2696 orthographia
1387 2613 1474 2698 liber,

7 2707 8 2712 ἵ
136 2720 245 2785 edente
269 2731 301 2786 et
324 2721 504 2786 emendante
523 2719 677 2785 Ludorlco
696 2719 841 2786 carrione
860 2719 1025 2801 brugense.
1065 2721 1259 2816 butrerpiae,
1283 2720 1330 2784 Er·
1352 2723 1471 2786 olircina

136 2827 346 2912 christophori
366 2829 497 2894 Plautini
520 2829 792 2913 hrchitypographi
814 2829 908 2911 liegii.
932 2824 1136 2892 llDblleX’.
1174 2829 1211 2893 de
1236 2847 1327 2894 menn
1352 2833 1475 2913 scriptis

136 2948 236 3002 antem
256 2937 343 3002 libris
363 2937 475 3020 quibus
493 2936 599 3002 Carrio
620 2958 694 3003 usus
713 2949 779 3002 erat
802 2941 833 3002 in
853 2937 981 3022 epistula
1001 2938 1037 3002 ad
1058 2937 1252 3002 Theodorum
1272 2937 1473 3002 Pulmannurn

136 3045 203 3110 data
227 3066 253 3110 a.
278 3047 306 3110 d.
332 3046 391 3110 Vll.
416 3045 540 3110 Kalend.
564 3047 656 3130 April.
681 3045 858 3110 llDLXlllX
883 3046 990 3111 scribit
1014 3047 1100 3130 haec,
1124 3042 1225 3121 ‘Quod
1252 3047 1340 3129 quale
1364 3050 1417 3131 sit,
1440 3059 1475 3111 nt

136 3155 242 3220 melius
270 3155 471 3239 intelligatur,
500 3155 672 3220 Cassiodori
700 3158 757 3220 riri
784 3155 925 3221 omnihus
953 3154 1120 3220 honoribus
1150 3159 1181 3220 in
1211 3173 1265 3221 sue
1295 3174 1358 3239 rep.
1382 3159 1473 3240 aucti,

134 3275 178 3349 et,
201 3275 237 3329 ut
260 3265 309 3329 llla
333 3277 470 3349 ternpore
495 3265 646 3349 serebant,
670 3284 730 3330 non
755 3263 900 3330 ineruditi
920 3264 1173 3347 orthographiam
1198 3285 1234 3328 er
1258 3265 1472 3329 diversissimis

135 3373 338 3456 scriptoribus
357 3373 562 3457 compilatam,
582 3383 613 3438 et
632 3373 791 3455 ahqnando
811 3377 901 3438 etiam
922 3373 958 3435 ab
978 3375 1045 3456 ipso
1061 3373 1241 3436 Cassiodoro
1260 3373 1472 3455 interpolatam

134 3501 214 3546 nuuc
238 3482 276 3544 ad
305 3492 334 3545 te
359 3483 460 3565 mitto,
489 3491 520 3546 et
543 3482 600 3546 sub
626 3493 677 3546 tuo
711 3485 845 3567 nomine,
874 3482 977 3546 nitidis
1007 3481 1066 3544 illis
1095 3483 1316 3545 accuratissimi
1340 3480 1471 3544 Plautini

132 3593 231 3656 nostri
254 3589 482 3655 characteribus
501 3590 697 3675 descriptam,
721 3593 751 3654 in
772 3590 893 3672 vrdgum
913 3593 995 3654 exire
1016 3589 1115 3653 iubeo.
1132 3623 1171 3635 -
1188 3590 1281 3654 Notas
1300 3592 1472 3675 adiicerem,

132 3719 207 3782 ques
239 3699 310 3764 olim
341 3701 510 3782 fragmento
539 3697 609 3760 libri
635 3697 875 3781 Gemblacensis,
903 3707 934 3761 et
962 3698 1021 3762 illis
1049 3698 1234 3762 membranis
1262 3719 1472 3783 apposueram,

131 3827 208 3892 quas
235 3826 253 3871 a
279 3807 419 3872 Cornelio
450 3806 630 3890 Gualthero,
659 3807 780 3872 homIne
809 3809 997 3891 antiquitatis
1026 3807 1262 3884 studiosissimo,
1290 3807 1472 3873 Franciscus

130 3915 291 3979 llartinius
313 3918 398 3980 omni
421 3914 646 3978 immortalitate
669 3915 879 4001 dignissimus,
903 3935 1031 3998 meoque
1052 3927 1082 3980 et
1101 3918 1176 4001 reip.
1208 3917 1373 3982 litterariae
1394 3915 1471 3979 malo

131 4027 294 4088 immature
318 4027 486 4088 exstinctus
510 4024 547 4086 od
571 4043 619 4088 me
644 4027 782 4111 miserat,
807 4027 864 4090 nisi
888 4025 953 4089 illas
977 4025 1065 4109 mihi,
1088 4034 1123 4089 ut
1147 4034 1249 4090 cetera
1274 4026 1337 4090 iere
1357 4029 1471 4108 scripta

70 4119 75 4128 ’
98 4167 102 4172 -
130 4152 197 4198 mea
221 4135 341 4216 omnia,
366 4150 425 4196 una
444 4150 513 4195 curn
533 4135 712 4196 suavissimo
732 4133 926 4198 lovaniensis
946 4133 1115 4198 academiae
1134 4153 1272 4218 secessu,
1295 4137 1470 4219 etiamnum,

130 4245 248 4306 utinam
272 4259 311 4304 ne
334 4239 506 4324 aeternum,
536 4239 674 4304 militaris
703 4243 853 4307 invideret
880 4245 1000 4308 iniuria.
1039 4260 1106 4306 nam
1131 4259 1208 4324 quae
1232 4261 1314 4306 nunc
1344 4243 1471 4325 edimus,

129 4351 200 4414 libri
225 4349 432 4433 coloniensis,
456 4365 546 4432 quem
570 4367 587 4410 a
607 4347 769 4414 hlelchiore
789 4349 941 4434 llittorpio
960 4333 1096 4414 omnium
1120 4347 1269 4414 bonorum
1292 4350 1469 4416 doctisshno

130 4469 160 4524 et
188 4458 351 4522 doctorum
380 4459 494 4540 optimo
522 4457 709 4540 accepimus,
740 4457 830 4520 tidem
860 4468 1044 4540 sequuntur,
1072 4460 1199 4540 eiusque
1227 4461 1406 4524 auctoritate
1436 4477 1469 4523 se

131 4569 211 4632 tueri
233 4559 373 4628 debent'.
411 4566 580 4648 fragmento
600 4563 824 4651 Gemblaccnsl,
847 4569 936 4629 cuius
959 4575 1080 4649 practer
1100 4566 1311 4632 Coloniensenr
1332 4568 1467 4632 codicem

130 4677 187 4740 hoc
213 4675 280 4738 loco
303 4675 490 4738 mentionem
514 4675 599 4757 lacit,
623 4692 697 4752 usus
721 4684 786 4739 erat
809 4684 897 4739 antea
920 4677 952 4738 in
976 4677 1169 4758 antiquarum
1198 4676 1362 4740 lectionum
1378 4658 1467 4740 'com-

131 4785 279 4848 mentario
298 4783 433 4847 seeundo
457 4803 483 4846 c.
503 4781 524 4846 2
548 4783 586 4846 de
604 4783 773 4848 Adamantii
793 4783 928 4866 hlertyrii
951 4783 1052 4848 verbis
1076 4782 1155 4868 apud
1181 4784 1313 4850 Cassiod.
1332 4806 1361 4868 p.
1376 4781 1466 4850 2295

12 4949 13 4978 3
132 4893 183 4954 illu
213 4909 336 4970 quoque
365 4895 504 4969 nomino,
535 4911 667 4969 pererrem
697 4895 837 4958 secundo
865 4895 987 4972 syllaba
1016 4895 1047 4955 in
1076 4912 1096 4956 α
1127 4897 1231 4958 littero
1260 4897 1373 4960 desinit
1401 4913 1467 4977 sqq.

12 4991 13 5006 .
1210 5002 1248 5052 9,
