3610 5482
365 380 406 448 au
910 381 1011 439 rann
1029 382 1144 440 nonar
1167 363 1170 372 '

362 497 383 536 p.
398 486 453 528 22³5
468 487 492 526 P.

361 572 550 652 gnitudinem
574 591 595 634 u
618 569 736 633 litterae
761 581 913 654 sociarent,
937 582 970 635 ut
994 574 1024 634 in
1051 573 1114 634 viro
1139 581 1168 635 et
1193 574 1313 654 virtute,
1338 591 1436 652 neque
1457 588 1564 632 rursus
1585 589 1699 632 secran-

361 665 481 764 dum†
510 668 603 743 latum
636 670 753 743 litterae
782 697 890 742 sonum
920 681 1171 764 enuutiarentur,
1198 687 1235 742 ut
1267 681 1297 742 in
1331 697 1367 741 eo
1401 679 1480 761 qrrod
1516 688 1564 741 est
1591 679 1699 760 legere

361 788 504 852 scribere.
553 791 654 870 itaque
684 786 824 850 audimus
854 788 999 869 quosdam
1032 788 1121 870 plena
1154 790 1183 850 oi
1208 786 1317 869 syllaba
1346 788 1447 850 dicere
1472 791 1542 868 qrrot
1568 798 1599 849 et
1622 787 1696 848 hoie
1793 769 1796 798 ¹

360 917 416 979 pro
446 899 495 959 cui
524 903 555 958 et
582 896 663 979 huic,
696 893 775 976 qrrod
805 895 900 958 multo
924 898 1060 959 vitiosius
1085 907 1140 980 est,
1164 915 1252 978 quam
1278 898 1303 957 si
1328 898 1505 958 tenuitatem
1530 915 1548 977 y
1571 896 1693 957 litterae
1795 901 1796 906 ’

360 1004 557 1070 custodirent.
597 1012 643 1066 est
663 1012 764 1066 autem
785 1002 835 1065 ubi
859 1005 1039 1086 pinguitudo
1064 1025 1082 1067 ιι
1108 1003 1224 1068 litterae
1249 1005 1407 1067 decentius
1432 1014 1578 1087 servatur,
1601 1015 1635 1067 ut
1659 1008 1690 1066 in
1714 1019 1729 1057 ⁵

359 1132 395 1176 eo
420 1113 501 1195 quod
525 1123 572 1176 est
595 1113 734 1176 volumus
762 1111 903 1175 nolumus
931 1131 1102 1194 possumus.
1149 1122 1178 1174 at
1202 1115 1232 1174 in
1258 1115 1418 1175 coutimaci
1443 1113 1550 1175 melius
1579 1121 1653 1193 puto
1685 1117 1696 1175 i

361 1223 489 1286 serrari:
519 1223 611 1316 venit
628 1224 707 1284 enirn
733 1241 748 1284 a
774 1199 1010 1304 contemnendi,
1038 1223 1157 1283 tametsi
1187 1220 1277 1283 Nisus
1306 1229 1336 1284 et
1360 1231 1568 1284 contumacem
1591 1241 1647 1304 per
1674 1243 1695 1284 u
1795 1197 1796 1234 ³

359 1341 445 1414 putat
469 1350 557 1414 posse
582 1331 681 1394 dicia
707 1333 834 1394 tumore.

451 1440 624 1522 Comprimo
649 1459 769 1521 natoque
793 1459 849 1522 per
873 1443 882 1502 i
908 1440 984 1502 malo
1008 1438 1110 1522 scribi,
1135 1443 1270 1520 quamvis
1294 1458 1487 1520 compressus
1507 1438 1637 1522 dicatur,
1663 1451 1697 1501 et

358 1571 374 1614 e
400 1553 552 1613 contrario
581 1549 685 1611 decem
715 1547 858 1611 audacius
882 1548 1025 1627 dixerim,
1054 1549 1189 1628 quamtis
1218 1547 1287 1609 inde
1312 1547 1413 1610 decies
1438 1547 1587 1631 trabatur,
1616 1567 1693 1628 ιμιο-
1715 1564 1745 1602 ιο

357 1661 452 1740 niam,
477 1668 620 1740 utsupra
643 1656 719 1742 diri,
744 1675 819 1720 sono
843 1659 999 1720 usitatiore
1024 1656 1134 1738 gaudet
1158 1657 1286 1719 auditus.

448 1765 520 1830 Niso
551 1769 640 1830 etiam
664 1767 762 1849 placet
790 1775 824 1830 ut
848 1764 996 1828 benillcus
1025 1785 1079 1848 per
1107 1767 1117 1828 i
1146 1765 1306 1848 scribatur,
1335 1784 1394 1846 qrro
1421 1763 1508 1826 inodo
1534 1764 1693 1840 malificus,

356 1874 436 1959 quod
461 1873 547 1938 video
571 1873 822 1937 cousuetudinem
853 1873 1038 1956 repudiasse.
1085 1891 1145 1935 non
1169 1875 1260 1953 enim,
1284 1875 1309 1934 si
1334 1874 1389 1935 bae
1414 1873 1491 1935 ιιιιιιι
1516 1873 1649 1956 litterae,
1674 1895 1692 1936 e

357 1992 387 2045 et
406 1985 426 2066 i,
450 2003 505 2065 per
529 1986 576 2046 ius
600 1983 762 2046 adflnitatis
786 1983 938 2064 recipiunt
962 1981 1211 2061 immutationem,
1235 1979 1302 2045 ideo
1328 2001 1452 2045 necesse
1475 1993 1522 2045 est
1541 1981 1606 2044 illas
1631 1985 1692 2044 uti·

1793 647 1796 688 l

447 2193 540 2252 codex
557 2195 710 2250 Porrlmaii
746 2200 763 2250 3
783 2193 868 2263 plena
882 2194 960 2250 omni
978 2193 1090 2264 syllaba
1109 2193 1203 2250 dicere
1220 2175 1314 2267 'linoae
1333 2197 1431 2250 tooeoe
1449 2211 1501 2264 pro
1516 2193 1566 2264 qui
1585 2196 1615 2250 et
1633 2193 1691 2251 tibi

355 2277 433 2348 quod
450 2276 542 2333 multo
616 2281 632 2331 6
652 2275 729 2347 qnod
747 2279 791 2332 est
809 2276 940 2332 nolumus
959 2273 1091 2332 uolumus
1115 2291 1266 2346 possumus
1284 2279 1316 2332 at
1339 2276 1369 2331 in
1388 2273 1566 2342 contumacia
1586 2275 1691 2332 melius

356 2405 357 2412 .
422 2379 489 2432 'tat
507 2375 670 2434 contumaci
689 2363 818 2445 T’peru
898 2376 965 2430 tet
983 2392 1002 2431 a
1020 2375 1162 2431 contrario
1244 2383 1276 2432 ta
1296 2374 1447 2450 malificus]
1469 2375 1614 2432 maleficus

357 2465 389 2512 13
408 2456 503 2529 rideo]
524 2456 589 2512 uide
663 2463 699 2511 14
718 2457 829 2529 utique]
851 2456 956 2526 ubique

448 2654 465 2703 1
485 2647 575 2704 latum
593 2645 708 2702 litterae
727 2661 840 2716 sonum,
859 2647 885 2702 ai
902 2662 997 2702 oerum
1011 2652 1057 2713 eat,
1076 2649 1275 2719 prommotieue
1294 2647 1344 2702 troc
1358 2646 1415 2702 loeo
1429 2647 1505 2704 dicit
1519 2649 1692 2721 productam

354 2730 463 2785 litterae
486 2729 496 2785 i
519 2730 560 2785 oet
583 2745 602 2783 ιι
626 2726 851 2782 montanum».
886 2726 973 2782 latitas
997 2730 1142 2785 muratiors'
1165 2729 1175 2784 i
1202 2731 1323 2787 litteram
1347 2731 1519 2786 interiectam
1546 2731 1692 2786 vocalibus

357 2812 470 2867 dicuat
494 2827 583 2880 supro
604 2827 633 2880 p.
653 2815 698 2878 56,
715 2815 740 2865 7.
765 2808 977 2864 uerecundum
998 2810 1158 2866 naturalem
1177 2812 1188 2867 i
1206 2811 1321 2867 litterae
1340 2818 1459 2868 sonum?
1483 2827 1537 2881 queo
1555 2809 1637 2865 morto
1655 2813 1692 2866 de

354 2893 447 2954 cudero
466 2893 560 2948 littera
578 2891 728 2962 disputares
746 2892 853 2947 lacertus
872 2895 910 2947 eat
931 2891 1100 2947 Priscianus
1114 2896 1215 2963 partit.
1235 2897 1318 2952 duod.
1337 2913 1404 2952 cera.
1425 2897 1495 2950 Aen.
1513 2911 1542 2964 p.
1558 2897 1624 2960 165,
1643 2899 1690 2962 17,

352 2969 437 3027 video
455 2971 589 3028 ridebam
602 2973 721 3028 uidebo:
741 2970 809 3043 quia
827 2970 858 3026 in
875 2971 920 3028 his
939 2972 1117 3043 temporibus
1131 2973 1162 3028 vi
1180 2975 1345 3047 corripitur,
1364 2975 1489 3032 mutarit
1502 2992 1602 3032 sonum
1616 2974 1647 3029 in
1660 2993 1690 3045 y,

352 3052 382 3107 iu
400 3051 558 3122 praeteribo
577 3056 674 3110 autem
693 3052 819 3126 perlecto
839 3051 1015 3122 euinctus,
1035 3051 1065 3108 in
1085 3053 1188 3124 quibus
1207 3056 1386 3128 producitur,
1412 3057 1573 3113 naturalem
1594 3072 1690 3113 serva-

352 3132 402 3198 vit
419 3150 533 3204 sonum,
559 3135 592 3190 ut
617 3134 677 3191 vidi
703 3135 829 3190 uideram
854 3133 989 3190 vidissem
1008 3134 1115 3190 vidoro.
1156 3135 1272 3206 Loupue
1298 3139 1366 3208 puid
1390 3139 1520 3206 evotoeru,
1547 3139 1691 3207 coemptis

351 3216 483 3286 exemplis
506 3233 577 3287 queue
600 3217 787 3286 adscripscrat
810 3217 868 3271 dici
891 3217 939 3272 via
957 3222 1055 3288 potest.
1096 3217 1207 3272 uidetur
1230 3223 1321 3274 auteur
1346 3225 1455 3290 postu
1478 3217 1536 3274 ιιι
1566 3218 1690 3274 litteram

350 3297 521 3368 sipuificotio
544 3312 660 3368 praecor
683 3291 791 3352 litterae
813 3315 832 3368 y
860 3297 1030 3363 desiderari,
1057 3315 1127 3367 puae
1151 3299 1184 3354 ιἰι
1205 3299 1279 3354 ltuuc
1302 3301 1413 3356 modum
1437 3301 1546 3356 restitui
1565 3305 1689 3368 poterut,

350 3395 442 3449 neque
461 3395 555 3434 rursus
575 3375 729 3432 secundnm
753 3394 873 3448 graecae
900 3397 920 3449 y
943 3379 1055 3434 litterae
1076 3395 1177 3434 sonum
1198 3383 1424 3458 enrmtiarentur,
1447 3383 1480 3436 ut
1504 3381 1535 3436 in
1554 3397 1587 3437 eo
1607 3381 1687 3451 quod

351 3462 395 3516 eet
418 3461 519 3532 guter
513 3461 561 3515 oet
580 3457 709 3529 Ligures)
734 3461 764 3513 et
787 3457 940 3530 scripulus:
962 3462 997 3529 of.
1019 3461 1097 3518 Mor.
1124 3461 1193 3517 liet.
1214 3468 1313 3533 pto,
1334 3469 1358 3519 1.
1388 3463 1456 3536 gula
1480 3465 1581 3534 lenitur
1607 3464 1689 3533 apud

352 3541 559 3612 Oleariaiump.
580 3545 644 3607 103,
663 3545 714 3607 28,
733 3539 902 3612 scriptulum
921 3543 963 3598 oet
981 3543 1136 3615 scripulum
1160 3547 1196 3602 ib
1212 3563 1242 3616 p.
1263 3550 1327 3613 105,
1347 3552 1364 3602 5
1438 3545 1533 3617 legere
1562 3544 1688 3600 scribere

351 3627 444 3678 tacetur
466 3621 673 3679 Bromdoclu'ue
696 3625 814 3694 ortboyr.
839 3624 888 3678 tar
911 3641 939 3695 p.
961 3630 1017 3681 125
1041 3627 1161 3682 medium
1186 3627 1260 3680 iuter
1285 3641 1300 3680 e
1324 3624 1381 3681 et'
1374 3644 1384 3681 ι
1407 3642 1505 3681 sonum
1528 3626 1689 3696 siquipicara'

350 3705 522 3763 ιιιίιιιιιιιιιιιι.
563 3705 656 3776 legere
683 3707 774 3762 eodem
803 3707 883 3762 niodo
913 3705 1073 3774 defenderat
1105 3707 1261 3799 Seysertue,
1292 3705 1385 3763 dicere
1417 3705 1539 3763 scribere
1570 3708 1689 3762 coniecit

350 3782 537 3841 Schneiderus
610 3791 626 3839 3
647 3784 747 3856 Itaque
767 3785 897 3843 audimus
916 3781 1055 3858 quosdam
1075 3789 1161 3859 plena
1180 3787 1258 3843 omni
1278 3787 1389 3859 syllaba
1408 3786 1475 3858 quoi
1494 3789 1524 3843 et
1542 3787 1615 3842 tibei
1633 3806 1687 3860 pro

351 3864 396 3919 cui
413 3867 444 3920 et
462 3865 523 3933 tibi,
539 3867 615 3937 quod
634 3867 725 3923 multo
739 3867 870 3923 viboains
886 3873 942 3936 ιιιι,
963 3887 1050 3939 quam
1067 3867 1092 3924 si
1110 3871 1278 3927 tenuitatem
1298 3870 1308 3924 i
1328 3870 1441 3925 litterae
1457 3869 1633 3926 custodirent
1646 3869 1684 3938 R,

351 3944 401 4000 orbi
420 3946 534 4002 omnino
550 3965 605 4018 pro
619 3948 698 4005 omui
716 3951 891 4006 scribendum
906 3952 1021 4006 ιοιιιισιι
1036 3951 1179 4008 Saule-raes.
1210 3951 1278 4022 quoi
1293 3954 1321 4006 et
1340 3950 1405 4006 hoie
1419 3951 1533 4021 empti,
1552 3957 1585 4006 ut
1598 3969 1686 4008 ιιιιιιι·

350 4027 419 4082 data
447 4027 526 4084 lectio
550 4031 734 4098 ιιιιιιιειιιι,
765 4033 891 4102 quomens
915 4049 948 4086 eu
971 4047 1029 4087 ιιοιι
1051 4033 1121 4087 satis
1149 4037 1252 4088 cenom
1279 4032 1360 4100 fidere
1383 4048 1402 4086 o
1426 4037 1560 4103 corrupto
1583 4033 1688 4089 codicis
1778 4035 1779 4040 ’

349 4111 493 4180 scriptura
518 4109 625 4166 lrabeat.
661 4129 680 4166 u
707 4114 817 4182 autem,
843 4113 974 4182 quamvis
1002 4115 1193 4182 contractum,
1221 4112 1342 4169 eundem
1369 4115 1478 4180 tamen,
1505 4114 1560 4170 hoe
1588 4116 1632 4169 est
1657 4134 1687 4186 y,

351 4207 451 4248 sonum
470 4190 559 4247 babet
577 4191 652 4250 inter
671 4211 690 4264 q
709 4196 740 4248 et
759 4211 774 4248 e
794 4193 840 4249 vel
857 4191 869 4246 i
887 4193 934 4248 vel
953 4209 986 4249 ae
1007 4193 1219 4265 diphthongum
1237 4195 1377 4267 positum,
1403 4198 1436 4250 ut
1454 4211 1509 4264 que
1529 4195 1592 4265 quis
1612 4212 1686 4266 quae

352 4271 520 4328 Ιιιιοιιιιιιιι
543 4273 560 4330 t.
582 4273 603 4328 I
622 4292 650 4345 p.
672 4280 699 4344 7,
719 4280 762 4330 19.
792 4273 837 4330 cui
861 4279 887 4328 et
913 4275 980 4330 hnic
1005 4277 1156 4346 composuit
1179 4277 1251 4332 idem
1275 4277 1292 4330 t.
1318 4275 1387 4330 VII
1405 4293 1434 4346 p.
1455 4281 1527 4343 303,
1547 4279 1596 4342 11,
1620 4276 1686 4333 boic

348 4369 403 4424 pro
426 4351 494 4408 hnic
513 4355 619 4409 ιιιιιιιιιι
638 4357 784 4410 adnotavit
805 4355 922 4411 Marius
947 4355 1108 4412 Victoriam
1127 4374 1156 4428 p.
1178 4363 1226 4424 11),
1245 4363 1265 4414 2
1375 4363 1391 4412 6
1415 4359 1447 4410 at
1468 4355 1507 4428 in,
1522 4359 1686 4414 contumaci

351 4432 452 4491 melius
471 4433 498 4490 a
517 4439 542 4490 et
561 4436 646 4491 codex
670 4436 775 4492 Vrsini.
804 4437 923 4504 sortasse
946 4439 976 4491 at
999 4436 1029 4491 in
1054 4437 1225 4494 contimacia
1249 4438 1350 4492 melius
1370 4443 1394 4491 et
1413 4437 1511 4492 duecte
1530 4439 1559 4492 et
1585 4441 1685 4493 contu·

350 4513 471 4571 muciam
490 4531 542 4586 per
556 4533 575 4570 ιι
650 4523 665 4570 ’1
686 4518 716 4572 et
735 4517 895 4572 contumaci
914 4533 998 4587 pern
1017 4520 1100 4589 putat
1119 4518 1147 4573 R
1223 4526 1255 4573 ιι
1275 4521 1308 4573 ut
1326 4517 1468 4573 beneficus
1488 4536 1539 4589 per
1552 4520 1563 4575 i
1578 4519 1683 4578 scriba·

349 4597 397 4650 tur
404 4596 574 4665 ‚quomodo
588 4597 746 4667 maleficus,
766 4597 843 4668 qnod
862 4598 942 4655 rides
961 4600 1193 4656 consuetudinem
1208 4597 1370 4671 repudiasse
1391 4597 1418 4652 R
1492 4600 1634 4669 quomodo
1654 4605 1685 4658 et

350 4639 494 4732 maleficus
508 4679 624 4734 coniecit
639 4640 775 4735 intitules
832 4687 865 4736 13
880 4699 895 4736 e
911 4681 962 4736 et
954 4699 964 4736 1
978 4681 1056 4752 prins
1071 4681 1220 4738 affinitatis
1237 4681 1265 4735 R
1321 4687 1356 4735 14
1371 4679 1436 4734 illas
1452 4681 1556 4751 ubique
1572 4699 1684 4754 semper

347 4757 504 4813 immutari
537 4759 608 4814 Item
634 4759 766 4832 antiquos
791 4761 832 4816 ait
856 4779 907 4833 per
929 4778 944 4817 e
969 4761 1030 4818 eti
1056 4763 1249 4834 scribendum
1278 4761 1354 4832 quod
1378 4759 1519 4830 siguificat
1544 4763 1682 4833 antiquet,

227 4916 233 4924 ⁸
349 4836 426 4975 guod
448 4837 521 4973 rpihi
542 4839 677 4912 frigidum
700 4841 783 4897 R.‘
791 4843 886 4898 malim
909 4843 979 4899 item
1004 4843 1131 4916 antiquei
1154 4851 1178 4900 rt
1202 4861 1266 4901 ιιιοιι
1290 4859 1345 4913 pro
1368 4841 1510 4912 antiquei,
1535 4843 1681 4915 antiquos’

372 4933 541 4976 mumanae.
