3616 5482
620 265 671 322 DE
691 265 988 326 ouruouuarflta

137 381 156 420 a.
168 371 221 414 ²225
236 371 261 412 Ρ.

323 501 356 569 v
382 503 445 570 nx
468 503 740 574 nouuuumo
764 471 1001 575 uanrrmo
1024 505 1086 573 ou
1111 505 1139 571 a
1163 506 1221 574 ur
1246 507 1276 572 v

222 653 261 714 Va
287 651 398 735 syllaba
422 654 616 738 praefulgens
641 656 670 717 in
696 657 793 736 capite
818 655 949 716 nominis
973 653 1029 736 per
1051 674 1066 714 v
1091 655 1223 718 vocalem
1248 655 1313 718 loco
1338 659 1466 739 positam

134 764 326 826 consonantis
349 761 515 847 scribetur,
543 765 685 846 quoniam
709 761 783 824 baeu
807 761 886 844 apud
912 761 1034 826 Latinos
1058 763 1157 827 littera
1184 762 1252 846 plus
1277 764 1353 827 valet
1376 783 1466 847 quiam

132 869 265 955 hmuta,
289 873 359 953 quia
379 879 410 935 et
430 871 539 935 vocalis
560 881 608 935 est
631 881 675 955 et,
699 871 771 934 dum
791 873 972 935 crassiorem
992 874 1133 954 exprimit
1153 891 1275 956 sonum,
1301 873 1410 936 transit
1435 875 1466 935 in

38 1033 39 1054 ,
95 996 106 1036 a
131 982 363 1044 consonantium
391 991 585 1065 potestatem,
613 983 648 1044 ul
676 987 758 1042 rates
788 998 882 1043 uanus
909 999 1003 1064 vagus
1019 977 1146 1058 ‚validus
1176 1001 1301 1066 vacutrs,
1326 981 1467 1066 'exeeptis

50 1069 53 1074 ¹
130 1086 212 1150 basio
236 1087 355 1152 balineo
380 1100 411 1153 et
434 1089 555 1174 baculo,
579 1109 595 1152 a
619 1108 680 1172 quo
705 1087 831 1151 bacillus
851 1091 986 1152 nascitur
1005 1089 1233 1153 deminutivum.
1271 1090 1320 1154 illa
1344 1110 1465 1174 quoque

129 1199 266 1282 nomina,
290 1217 420 1280 quorum
444 1198 577 1262 secunda
601 1196 713 1279 syllaba
738 1199 768 1259 in
788 1217 805 1260 a
827 1195 959 1261 litteram
982 1197 1106 1280 desiuit,
1131 1217 1186 1280 per
1210 1196 1229 1260 b
1252 1208 1367 1263 mutam
1391 1202 1465 1263 scri·

129 1303 257 1389 bentur,
280 1319 316 1370 ut
339 1307 453 1379 balatro
478 1299 622 1388 ἄσωτος,
645 1305 776 1388 balatus,
800 1304 976 1369 barathrum
1001 1304 1177 1388 [barbarus]
1202 1325 1236 1370 ac
1260 1306 1364 1386 talial

132 1429 351 1444 -ὴ--ῄ

202 1489 215 1538 t
238 1479 290 1538 EX
309 1481 535 1540 ADAblANTlO
554 1479 739 1539 uanrttuo
759 1478 809 1536 DE
829 1479 852 1536 B
870 1480 919 1537 ΕΤ
938 1463 1015 1550 U(ll
1029 1479 1077 1538 ΕΤ
1096 1480 1467 1552 aa)A0uDltttuuT11
1591 1437 1593 1444 l

32 1605 33 1610 1
128 1561 316 1620 ΜΔΒΤΥΒΠ
335 1563 384 1620 DE
404 1563 529 1622 BETU
548 1565 577 1620 Β
632 1570 649 1621 a
668 1564 872 1638 locopositam
887 1565 1134 1622 consonantiarum.
1149 1563 1178 1620 Β
1233 1563 1468 1620 accubiturae
1580 1608 1585 1620 ,

162 1643 247 1717 haec]
268 1645 288 1700 b
306 1645 335 1700 Β
400 1644 531 1702 tbaaaio
545 1645 648 1703 balneo
662 1645 690 1701 A
710 1647 803 1702 bassio
822 1646 905 1703 halus
926 1643 951 1702 0
1012 1644 1205 1702 deminutiuus
1223 1642 1317 1700 ABG
1379 1651 1394 1702 'l
1414 1662 1466 1718 per

127 1726 146 1782 b
164 1729 277 1782 mutam
296 1725 454 1782 scribantur
472 1726 507 1781 ut
524 1725 636 1782 balatro
655 1719 794 1784 acuto(
818 1725 931 1782 balatus
950 1725 1096 1781 baratrum
1115 1724 1144 1779 Β
1162 1741 1213 1797 par
1231 1725 1251 1780 b
1269 1729 1379 1781 mutam
1398 1725 1464 1782 scri-

130 1806 236 1862 buntur
253 1807 288 1864 ut
305 1805 429 1865 beletro.
457 1805 543 1863 acuit.
568 1805 1008 1877 'da(oelde)balatbarat1um
1029 1805 1053 1863 0
1069 1823 1120 1878 per
1137 1805 1157 1863 b
1176 1808 1286 1862 mutam
1306 1806 1467 1862 scribuntur

128 1891 160 1944 ut
182 1887 265 1946 balat
287 1888 435 1944 baratrum
452 1887 494 1957 A,
518 1888 611 1959 perh
636 1889 746 1945 mutam
771 1889 942 1961 scribentur,
966 1893 999 1946 ut
1021 1887 1155 1944 bambalo
1178 1884 1342 1957 ualltorrle,
1368 1886 1466 1956 bacea,

129 1968 260 2026 balathro
279 1962 401 2039 ἄσωτος,
420 1968 535 2026 balatus
555 1964 734 2042 βληχηθμὸς,
753 1969 921 2026 barathrum
941 1987 959 2031 ς
977 1977 1002 2027 et
1022 1969 1123 2026 Canto
1142 1969 1229 2039 autin
1250 1968 1307 2024 leet.
1324 1967 1368 2022 II
1379 1972 1400 2024 Β
1421 1967 1468 2025 ‘aa
1591 1976 1596 1994 ‘

27 2101 28 2104 ,
128 2051 283 2122 srupmento
301 2050 370 2107 labri
388 2050 591 2114 Gerabluoenaa‘s
620 2053 653 2108 lu
672 2053 776 2122 ponde
790 2051 911 2122 popellis
929 2051 1056 2122 reliqum,
1079 2051 1105 2107 lr.
1126 2065 1146 2105 e.
1167 2065 1202 2105 ac
1222 2049 1363 2122 Martyria'
1386 2049 1466 2119 libro,

26 2198 27 2204 ἵ
129 2149 161 2189 ea
178 2147 233 2204 quo
252 2137 278 2189 et
296 2132 346 2188 hoc
365 2131 423 2187 loco
441 2135 467 2187 et
485 2132 567 2200 iufra
581 2151 612 2204 p.
632 2137 696 2200 174,
715 2137 733 2190 5
757 2137 887 2204 excerpto
906 2131 1079 2188 Cassiodorii
1093 2133 1206 2203 primus
1227 2130 1327 2188 Carrio
1347 2137 1467 2188 deamat

488 2291 521 2302 n—

592 2391 779 2450 MARTYRll
798 2393 847 2450 DE
866 2393 889 2449 B
909 2393 958 2449 ET
977 2392 1003 2448 V
1123 2340 1127 2350 Ι

277 2557 338 2624 DE
362 2555 540 2658 NOMINE
564 2556 621 2625 Ac
646 2557 707 2624 DE
731 2557 875 2627 PRIMA
898 2556 1086 2627 NOllllNIS
1111 2555 1316 2625 sYnLnBA

217 2704 260 2767 Va
284 2703 395 2788 syllaba
418 2704 613 2787 praelulgcns
637 2707 790 2790 incapite
815 2710 944 2770 nominis
973 2726 1030 2790 per
1054 2726 1071 2767 v
1095 2705 1226 2770 vocalem
1245 2707 1312 2770 loco
1336 2710 1465 2789 positam

129 2815 323 2875 consonantis
347 2813 512 2896 scribetur,
536 2815 679 2896 quioniam
708 2815 783 2879 baec
807 2814 885 2898 apud
910 2813 1033 2877 munos
1058 2813 1157 2876 littera
1181 2812 1249 2895 plus
1273 2813 1350 2877 ualet
1374 2833 1464 2896 quam

129 2923 262 3004 dmum,
285 2939 322 2983 eo
348 2921 428 3004 quod
453 2929 484 2984 et
511 2922 622 2985 vocalis
641 2922 771 2994 babetur
791 2933 821 2986 et
840 2940 1024 3008 consonans,
1048 2921 1168 3004 quando
1189 2941 1262 2984 usus
1281 2926 1465 3007 poposcerit,

105 3039 163 3092 aut
185 3039 269 3092 ratas
288 3047 381 3111 vagus
400 3049 494 3093 vaurts
518 3029 633 3094 ualidus
653 3051 767 3095 vacuus
787 3035 901 3117 ragina,
925 3042 1052 3114 excepto
1075 3031 1169 3095 basio.
1207 3029 1359 3094 balineum
1384 3034 1464 3094 enim

129 3147 159 3200 et
181 3137 336 3221 baculum,
359 3157 376 3200 a
399 3158 461 3221 qtro
485 3137 576 3202 etlam
600 3139 742 3203 bacillum
766 3143 902 3204 nascitur
926 3140 1152 3224 diminutivum,
1176 3159 1213 3202 ex
1236 3158 1343 3221 graeca
1363 3139 1463 3202 elocu-

129 3247 208 3309 tione
233 3247 446 3330 trausdgurata
467 3251 647 3313 consistunt.
685 3257 843 3331 praeterea
863 3252 961 3331 excipi
984 3249 1179 3330 cognovimus
1203 3247 1277 3342 haec
1297 3267 1373 3329 quae
1393 3245 1463 3310 sub

129 3355 203 3417 iecta
233 3373 288 3418 sua
317 3373 387 3420 cum
414 3359 665 3440 buerpretatione
696 3357 873 3441 reddemus,
901 3376 978 3440 quae
1007 3369 1157 3439 nusquam
1187 3359 1245 3419 nisi
1273 3359 1304 3418 in
1335 3356 1481 3427 diversis¹

115 3461 298 3526 'cottidianis
330 3465 562 3547 glossematibus
595 3467 730 3548 repperi,
764 3465 872 3529 batiola
905 3459 1086 3550 ποτήριον,
1121 3463 1212 3528 basus
1245 3457 1390 3547 φαλλός,
1425 3457 1463 3528 τὸ

93 3587 116 3626 ιο
128 3569 263 3650 αἰδοῖον
286 3571 356 3636 τῶν
380 3567 568 3657 βιολόγων,
592 3575 714 3637 batulus
733 3575 924 3656 μογίλαλος.
956 3559 1036 3636 haec
1056 3569 1125 3656 nos,
1144 3574 1286 3654 quoniam
1306 3572 1383 3635 lecta
1404 3593 1463 3636 non

128 3682 314 3765 invenimus,
342 3685 509 3746 inscrutata
538 3681 747 3765 relinquimus.
785 3682 834 3744 illa
864 3701 985 3764 quoque
1009 3683 1144 3762 nomina,
1174 3698 1306 3761 quorum
1331 3683 1463 3745 secunda

128 3788 238 3870 syllaba
263 3792 294 3852 in
318 3809 335 3854 a
360 3790 490 3854 litteram
514 3789 646 3872 desinet,
670 3809 724 3872 per
748 3789 767 3851 b
791 3799 904 3852 mutam
929 3789 1116 3872 scribentur,
1145 3799 1179 3852 ut
1204 3776 1360 3868 [bambalo
1386 3792 1464 3866 ψελ-

128 3891 257 3980 λιστής]
273 3898 346 3962 baca
360 3892 490 3976 κόκκος,
505 3898 621 3962 balatro
635 3889 775 3980 ἄσωτος,
789 3897 906 3961 balatus
921 3890 1129 3983 βληχηθμός,
1145 3897 1321 3960 barathrum
1337 3917 1371 3961 ac
1387 3899 1464 3962 talia.

200 4079 216 4128 2
236 4073 400 4146 pradugeua
413 4072 449 4130 N
500 4071 666 4129 ascribitur
679 4071 714 4126 N
766 4071 882 4128 lb'om.
898 4071 964 4127 NP
1014 4092 1067 4130 usu
1080 4075 1217 4146 poscente
1231 4074 1265 4127 ut
1279 4074 1360 4129 vates
1374 4089 1464 4128 vanus

127 4169 217 4226 vagus
231 4153 344 4212 validus
358 4170 465 4211 vacuus
479 4154 585 4226 vagina
600 4155 720 4224 excepto
734 4149 815 4210 basio
826 4153 895 4224 quia
908 4171 960 4226 par
969 4154 1174 4212 detractionem
1188 4153 1303 4210 litterae
1318 4152 1389 4210 lacit
1402 4170 1463 4211 ver·

127 4234 196 4292 bum
214 4236 295 4294 euius
314 4233 500 4309 imparatibus
519 4235 626 4292 eubaea
640 4237 701 4306 (lep.
718 4236 762 4292 est
781 4235 862 4304 basa)
881 4234 1006 4292 mutauit
1024 4250 1094 4308 argo
1108 4234 1278 4304 scripturam
1293 4250 1329 4290 ua
1348 4236 1465 4305 putetur

128 4332 230 4372 nomeu
245 4316 322 4388 quod
337 4317 480 4390 siguificat
496 4335 584 4386 aaron
602 4315 749 4372 balineum
770 4315 799 4370 P
867 4321 882 4371 't
904 4315 1063 4372 consistunt
1077 4314 1153 4387 quod
1173 4313 1249 4369 euim
1264 4313 1309 4370 illi
1327 4315 1463 4373 balauion

129 4415 181 4454 noa
195 4398 331 4456 bamam
347 4402 377 4457 at
390 4399 466 4471 quod
486 4397 531 4455 illi
551 4399 657 4470 panton
674 4413 725 4454 uos
744 4397 878 4454 baculum
898 4397 1018 4454 dicimus
1037 4396 1082 4454 his
1100 4399 1249 4470 practerea
1270 4395 1297 4450 P
1352 4403 1368 4452 8
1389 4414 1464 4467 quae

128 4497 267 4551 numnam
283 4481 339 4538 uiti
354 4481 382 4536 P
392 4498 481 4538 uenus
496 4477 628 4551 quamuis
642 4477 676 4534 N
714 4479 977 4552 agloaemmatibua
992 4478 1026 4534 N
1077 4477 1162 4534 basus
1178 4471 1286 4547 φαλλὸς
1301 4471 1333 4531 τὸ
1350 4475 1463 4534 αἰδοῖον

129 4581 184 4616 roa
203 4563 345 4632 protom
364 4565 390 4617 el
408 4564 440 4617 a'n
458 4577 545 4632 uturp.
566 4555 748 4631 l'prpolo'yuv
768 4558 961 4632 l'podolo'pov
980 4559 1014 4614 N
1031 4558 1121 4614 babos
1141 4559 1248 4628 mallee
1266 4557 1336 4626 (rell.
1356 4561 1420 4628 om.)
1440 4559 1469 4614 P

184 4640 272 4698 thiu
291 4658 309 4697 a
326 4640 425 4698 littera
447 4640 481 4696 N
551 4639 685 4698 bambalo
709 4637 860 4714 ψελλιστής
884 4659 936 4700 orn.
958 4641 986 4696 P
1006 4681 1015 4698 .
1059 4645 1091 4695 1³
1117 4639 1189 4696 baca
1207 4657 1312 4703 acum
1327 4627 1463 4702 balathro

131 4741 237 4786 ασωτος
255 4721 370 4778 balatus
389 4723 556 4796 βληχηθμος
575 4737 608 4777 ac
628 4722 700 4778 talia
718 4723 747 4780 P
761 4725 835 4782 baca
858 4725 1010 4798 βαραθρον
1030 4738 1138 4783 aaaron
1161 4719 1276 4776 balteus
1294 4720 1462 4778 barathrum

131 4819 164 4860 ne
181 4802 235 4862 tali
252 4802 288 4860 N
1286 4845 1289 4848 -
