<?xml version="1.0" encoding="UTF-8"?>
<!DOCTYPE html PUBLIC "-//W3C//DTD XHTML 1.0 Transitional//EN"
    "http://www.w3.org/TR/xhtml1/DTD/xhtml1-transitional.dtd">
<html xmlns="http://www.w3.org/1999/xhtml" xml:lang="en" lang="en">
 <head>
  <title>
</title>
<meta http-equiv="Content-Type" content="text/html;charset=utf-8" />
  <meta name='ocr-system' content='tesseract 3.04.00' />
  <meta name='ocr-capabilities' content='ocr_page ocr_carea ocr_par ocr_line ocrx_word'/>
</head>
<body>
  <div class='ocr_page' id='page_1' title='image "./grammaticilatin00unkngoog/grammaticilatin00unkngoog_0049.png"; bbox 0 0 3610 5482; ppageno 0'>
   <div class='ocr_carea' id='block_1_1' title="bbox 369 387 1288 474">
    <p class='ocr_par' dir='ltr' id='par_1_1' title="bbox 369 387 1288 474">
     <span class='ocr_line' id='line_1_1' title="bbox 369 387 1288 474; baseline 0.001 -11"><span class='ocrx_word' id='word_1_1' title='bbox 369 407 414 474; x_wconf 78' lang='lat'><strong>34</strong></span> <span class='ocrx_word' id='word_1_2' title='bbox 794 387 1061 464; x_wconf 81' lang='lat' dir='ltr'><strong>rnnnnnnrvn</strong></span> <span class='ocrx_word' id='word_1_3' title='bbox 1080 407 1288 466; x_wconf 80' lang='lat' dir='ltr'><strong>rnnrsmvn</strong></span> 
     </span>
    </p>
   </div>
   <div class='ocr_carea' id='block_1_2' title="bbox 369 595 1703 1005">
    <p class='ocr_par' dir='ltr' id='par_1_2' title="bbox 369 595 1703 1005">
     <span class='ocr_line' id='line_1_2' title="bbox 370 595 1703 681; baseline 0 -23"><span class='ocrx_word' id='word_1_4' title='bbox 370 595 450 659; x_wconf 90' lang='lat' dir='ltr'><strong>modi</strong></span> <span class='ocrx_word' id='word_1_5' title='bbox 470 595 594 659; x_wconf 89' lang='lat' dir='ltr'><strong>verbnm</strong></span> <span class='ocrx_word' id='word_1_6' title='bbox 612 599 764 680; x_wconf 90' lang='lat' dir='ltr'><strong>ponimns,</strong></span> <span class='ocrx_word' id='word_1_7' title='bbox 787 595 896 660; x_wconf 90' lang='lat' dir='ltr'><strong>deinde</strong></span> <span class='ocrx_word' id='word_1_8' title='bbox 916 595 1100 681; x_wconf 78' lang='lat' dir='ltr'>adverbium,</span> <span class='ocrx_word' id='word_1_9' title='bbox 1118 604 1222 679; x_wconf 89' lang='lat' dir='ltr'><strong>postea</strong></span> <span class='ocrx_word' id='word_1_10' title='bbox 1241 597 1431 680; x_wconf 77' lang='lat' dir='ltr'><strong>infinitivum,</strong></span> <span class='ocrx_word' id='word_1_11' title='bbox 1455 596 1563 660; x_wconf 91' lang='lat' dir='ltr'><strong>deinde</strong></span> <span class='ocrx_word' id='word_1_12' title='bbox 1583 603 1703 660; x_wconf 90' lang='lat' dir='ltr'><strong>rectum</strong></span> 
     </span>
     <span class='ocr_line' id='line_1_3' title="bbox 369 704 1702 790; baseline -0.001 -23"><span class='ocrx_word' id='word_1_13' title='bbox 369 723 483 790; x_wconf 90' lang='lat' dir='ltr'><strong>casnm,</strong></span> <span class='ocrx_word' id='word_1_14' title='bbox 506 704 604 782; x_wconf 88' lang='lat' dir='ltr'><strong>idest</strong></span> <span class='ocrx_word' id='word_1_15' title='bbox 624 708 849 790; x_wconf 79' lang='lat' dir='ltr'><strong>nominativum,</strong></span> <span class='ocrx_word' id='word_1_16' title='bbox 873 705 981 770; x_wconf 90' lang='lat' dir='ltr'><strong>deinde</strong></span> <span class='ocrx_word' id='word_1_17' title='bbox 1000 723 1179 790; x_wconf 79' lang='lat' dir='ltr'><strong>pronomen,</strong></span> <span class='ocrx_word' id='word_1_18' title='bbox 1201 715 1306 788; x_wconf 89' lang='lat' dir='ltr'><strong>postea</strong></span> <span class='ocrx_word' id='word_1_19' title='bbox 1325 707 1519 788; x_wconf 75' lang='lat' dir='ltr'><strong>participium</strong></span> <span class='ocrx_word' id='word_1_20' title='bbox 1543 715 1573 768; x_wconf 89' lang='lat' dir='ltr'><strong>et</strong></span> <span class='ocrx_word' id='word_1_21' title='bbox 1597 713 1702 788; x_wconf 89' lang='lat' dir='ltr'><strong>postea</strong></span> 
     </span>
     <span class='ocr_line' id='line_1_4' title="bbox 372 813 1702 900; baseline 0.001 -25"><span class='ocrx_word' id='word_1_22' title='bbox 372 813 512 896; x_wconf 91' lang='lat' dir='ltr'><strong>obliquos</strong></span> <span class='ocrx_word' id='word_1_23' title='bbox 531 833 627 879; x_wconf 89' lang='lat' dir='ltr'><strong>casus.</strong></span> <span class='ocrx_word' id='word_1_24' title='bbox 652 817 748 898; x_wconf 88' lang='lat' dir='ltr'><strong>siquis</strong></span> <span class='ocrx_word' id='word_1_25' title='bbox 767 825 850 878; x_wconf 88' lang='lat' dir='ltr'><strong>recte</strong></span> <span class='ocrx_word' id='word_1_26' title='bbox 865 814 1025 878; x_wconf 51' lang='lat' dir='ltr'><strong>¹historiam</strong></span> <span class='ocrx_word' id='word_1_27' title='bbox 1045 815 1133 900; x_wconf 74' lang='lat' dir='ltr'><strong>legat,</strong></span> <span class='ocrx_word' id='word_1_28' title='bbox 1152 814 1319 879; x_wconf 88' lang='lat' dir='ltr'><strong>secundnm</strong></span> <span class='ocrx_word' id='word_1_29' title='bbox 1339 813 1419 876; x_wconf 88' lang='lat' dir='ltr'><strong>bunc</strong></span> <span class='ocrx_word' id='word_1_30' title='bbox 1440 814 1576 876; x_wconf 83' lang='lat' dir='ltr'><strong>ordinem</strong></span> <span class='ocrx_word' id='word_1_31' title='bbox 1595 833 1702 877; x_wconf 89' lang='lat' dir='ltr'><strong>omnes</strong></span> 
     </span>
     <span class='ocr_line' id='line_1_5' title="bbox 369 922 867 1005; baseline 0 -20"><span class='ocrx_word' id='word_1_32' title='bbox 369 933 472 1005; x_wconf 88' lang='lat' dir='ltr'><strong>partes</strong></span> <span class='ocrx_word' id='word_1_33' title='bbox 495 925 639 987; x_wconf 89' lang='lat' dir='ltr'><strong>orationis</strong></span> <span class='ocrx_word' id='word_1_34' title='bbox 663 922 867 1004; x_wconf 66' lang='lat' dir='ltr'><strong>examinabit}</strong></span> 
     </span>
    </p>
   </div>
   <div class='ocr_carea' id='block_1_3' title="bbox 367 1248 1744 3064">
    <p class='ocr_par' dir='ltr' id='par_1_3' title="bbox 367 1248 1744 3064">
     <span class='ocr_line' id='line_1_6' title="bbox 462 1248 1730 1334; baseline -0.002 -20"><span class='ocrx_word' id='word_1_35' title='bbox 462 1249 707 1334; x_wconf 89' lang='lat' dir='ltr'><strong>Praepositiones</strong></span> <span class='ocrx_word' id='word_1_36' title='bbox 730 1250 866 1314; x_wconf 89' lang='lat' dir='ltr'><strong>locorum</strong></span> <span class='ocrx_word' id='word_1_37' title='bbox 891 1259 1035 1332; x_wconf 90' lang='lat' dir='ltr'><strong>quattuor</strong></span> <span class='ocrx_word' id='word_1_38' title='bbox 1059 1251 1147 1332; x_wconf 81' lang='lat' dir='ltr'><strong>vulgo</strong></span> <span class='ocrx_word' id='word_1_39' title='bbox 1172 1258 1341 1334; x_wconf 86' lang='lat' dir='ltr'><strong>serrantur,</strong></span> <span class='ocrx_word' id='word_1_40' title='bbox 1364 1269 1401 1314; x_wconf 85' lang='lat' dir='ltr'><strong>ex</strong></span> <span class='ocrx_word' id='word_1_41' title='bbox 1424 1253 1455 1314; x_wconf 91' lang='lat' dir='ltr'><strong>in</strong></span> <span class='ocrx_word' id='word_1_42' title='bbox 1478 1251 1515 1313; x_wconf 89' lang='lat' dir='ltr'><strong>ad</strong></span> <span class='ocrx_word' id='word_1_43' title='bbox 1535 1248 1583 1313; x_wconf 83' lang='lat' dir='ltr'><strong>ab·</strong></span> <span class='ocrx_word' id='word_1_44' title='bbox 1624 1249 1730 1313; x_wconf 71' lang='lat' dir='ltr'><strong>onnes</strong></span> 
     </span>
     <span class='ocr_line' id='line_1_7' title="bbox 371 1358 1702 1444; baseline -0.002 -22"><span class='ocrx_word' id='word_1_45' title='bbox 371 1363 485 1440; x_wconf 90' lang='lat' dir='ltr'><strong>primae</strong></span> <span class='ocrx_word' id='word_1_46' title='bbox 510 1379 570 1442; x_wconf 92' lang='lat' dir='ltr'><strong>quo</strong></span> <span class='ocrx_word' id='word_1_47' title='bbox 594 1363 656 1423; x_wconf 89' lang='lat' dir='ltr'><strong>itur</strong></span> <span class='ocrx_word' id='word_1_48' title='bbox 676 1369 706 1422; x_wconf 89' lang='lat' dir='ltr'><strong>et</strong></span> <span class='ocrx_word' id='word_1_49' title='bbox 730 1358 810 1422; x_wconf 92' lang='lat' dir='ltr'><strong>unde</strong></span> <span class='ocrx_word' id='word_1_50' title='bbox 835 1361 935 1423; x_wconf 83' lang='lat' dir='ltr'><strong>exitur</strong></span> <span class='ocrx_word' id='word_1_51' title='bbox 960 1361 1144 1444; x_wconf 81' lang='lat' dir='ltr'><strong>signillcant,</strong></span> <span class='ocrx_word' id='word_1_52' title='bbox 1172 1368 1206 1422; x_wconf 91' lang='lat' dir='ltr'><strong>ut</strong></span> <span class='ocrx_word' id='word_1_53' title='bbox 1230 1362 1260 1422; x_wconf 93' lang='lat' dir='ltr'><strong>in</strong></span> <span class='ocrx_word' id='word_1_54' title='bbox 1286 1377 1385 1422; x_wconf 87' lang='lat' dir='ltr'><strong>arcem</strong></span> <span class='ocrx_word' id='word_1_55' title='bbox 1406 1368 1437 1422; x_wconf 90' lang='lat' dir='ltr'><strong>et</strong></span> <span class='ocrx_word' id='word_1_56' title='bbox 1459 1378 1495 1421; x_wconf 85' lang='lat' dir='ltr'><strong>ex</strong></span> <span class='ocrx_word' id='word_1_57' title='bbox 1520 1377 1599 1442; x_wconf 91' lang='lat' dir='ltr'><strong>arce,</strong></span> <span class='ocrx_word' id='word_1_58' title='bbox 1623 1359 1702 1421; x_wconf 83' lang='lat' dir='ltr'>duae</span> 
     </span>
     <span class='ocr_line' id='line_1_8' title="bbox 368 1465 1702 1551; baseline -0.001 -21"><span class='ocrx_word' id='word_1_59' title='bbox 368 1478 534 1550; x_wconf 80' lang='lat' dir='ltr'><strong>sequentes</strong></span> <span class='ocrx_word' id='word_1_60' title='bbox 562 1485 622 1550; x_wconf 86' lang='lat' dir='ltr'><strong>quo</strong></span> <span class='ocrx_word' id='word_1_61' title='bbox 646 1465 746 1530; x_wconf 90' lang='lat' dir='ltr'><strong>aditur</strong></span> <span class='ocrx_word' id='word_1_62' title='bbox 771 1476 802 1528; x_wconf 94' lang='lat' dir='ltr'><strong>et</strong></span> <span class='ocrx_word' id='word_1_63' title='bbox 826 1467 906 1531; x_wconf 91' lang='lat' dir='ltr'><strong>unde</strong></span> <span class='ocrx_word' id='word_1_64' title='bbox 933 1467 1047 1551; x_wconf 91' lang='lat' dir='ltr'><strong>abitur,</strong></span> <span class='ocrx_word' id='word_1_65' title='bbox 1076 1479 1109 1531; x_wconf 92' lang='lat' dir='ltr'><strong>ut</strong></span> <span class='ocrx_word' id='word_1_66' title='bbox 1133 1468 1168 1530; x_wconf 91' lang='lat' dir='ltr'><strong>ad</strong></span> <span class='ocrx_word' id='word_1_67' title='bbox 1195 1467 1390 1531; x_wconf 86' lang='lat' dir='ltr'><strong>simularmrm</strong></span> <span class='ocrx_word' id='word_1_68' title='bbox 1414 1475 1445 1530; x_wconf 89' lang='lat' dir='ltr'><strong>et</strong></span> <span class='ocrx_word' id='word_1_69' title='bbox 1468 1466 1504 1529; x_wconf 91' lang='lat' dir='ltr'><strong>ab</strong></span> <span class='ocrx_word' id='word_1_70' title='bbox 1529 1466 1702 1530; x_wconf 88' lang='lat' dir='ltr'><strong>simulacro.</strong></span> 
     </span>
     <span class='ocr_line' id='line_1_9' title="bbox 369 1574 1702 1658; baseline -0.002 -20"><span class='ocrx_word' id='word_1_71' title='bbox 369 1579 485 1658; x_wconf 79' lang='lat' dir='ltr'><strong>antiqui</strong></span> <span class='ocrx_word' id='word_1_72' title='bbox 503 1579 534 1640; x_wconf 94' lang='lat' dir='ltr'><strong>in</strong></span> <span class='ocrx_word' id='word_1_73' title='bbox 554 1575 671 1638; x_wconf 86' lang='lat' dir='ltr'><strong>duabus</strong></span> <span class='ocrx_word' id='word_1_74' title='bbox 694 1576 972 1658; x_wconf 80' lang='lat' dir='ltr'><strong>praepositionibus</strong></span> <span class='ocrx_word' id='word_1_75' title='bbox 992 1596 1028 1639; x_wconf 84' lang='lat' dir='ltr'><strong>ex</strong></span> <span class='ocrx_word' id='word_1_76' title='bbox 1048 1586 1079 1639; x_wconf 88' lang='lat' dir='ltr'><strong>et</strong></span> <span class='ocrx_word' id='word_1_77' title='bbox 1098 1575 1134 1638; x_wconf 89' lang='lat' dir='ltr'><strong>ab</strong></span> <span class='ocrx_word' id='word_1_78' title='bbox 1154 1585 1317 1658; x_wconf 79' lang='lat' dir='ltr'><strong>sequentes</strong></span> <span class='ocrx_word' id='word_1_79' title='bbox 1342 1574 1503 1638; x_wconf 88' lang='lat' dir='ltr'><strong>demebant</strong></span> <span class='ocrx_word' id='word_1_80' title='bbox 1524 1575 1652 1657; x_wconf 82' lang='lat' dir='ltr'><strong>litteras,</strong></span> <span class='ocrx_word' id='word_1_81' title='bbox 1676 1577 1702 1636; x_wconf 89' lang='lat' dir='ltr'><strong>si</strong></span> 
     </span>
     <span class='ocr_line' id='line_1_10' title="bbox 367 1681 1702 1768; baseline -0.002 -22"><span class='ocrx_word' id='word_1_82' title='bbox 367 1687 539 1766; x_wconf 82' lang='lat' dir='ltr'><strong>proximum</strong></span> <span class='ocrx_word' id='word_1_83' title='bbox 563 1683 689 1746; x_wconf 88' lang='lat' dir='ltr'><strong>verbum</strong></span> <span class='ocrx_word' id='word_1_84' title='bbox 713 1684 923 1747; x_wconf 78' lang='lat' dir='ltr'><strong>semivocalem</strong></span> <span class='ocrx_word' id='word_1_85' title='bbox 949 1687 1077 1768; x_wconf 81' lang='lat' dir='ltr'><strong>primam</strong></span> <span class='ocrx_word' id='word_1_86' title='bbox 1101 1693 1153 1747; x_wconf 90' lang='lat' dir='ltr'><strong>aut</strong></span> <span class='ocrx_word' id='word_1_87' title='bbox 1176 1693 1290 1747; x_wconf 89' lang='lat' dir='ltr'><strong>mutam</strong></span> <span class='ocrx_word' id='word_1_88' title='bbox 1319 1681 1493 1746; x_wconf 87' lang='lat' dir='ltr'><strong>habiturum</strong></span> <span class='ocrx_word' id='word_1_89' title='bbox 1519 1691 1597 1766; x_wconf 91' lang='lat' dir='ltr'><strong>erat,</strong></span> <span class='ocrx_word' id='word_1_90' title='bbox 1626 1691 1661 1744; x_wconf 89' lang='lat' dir='ltr'><strong>nt</strong></span> <span class='ocrx_word' id='word_1_91' title='bbox 1686 1701 1702 1742; x_wconf 93' lang='lat' dir='ltr'><strong>e</strong></span> 
     </span>
     <span class='ocr_line' id='line_1_11' title="bbox 369 1790 1744 1874; baseline -0.002 -20"><span class='ocrx_word' id='word_1_92' title='bbox 369 1791 470 1872; x_wconf 87' lang='lat' dir='ltr'><strong>Gallia,</strong></span> <span class='ocrx_word' id='word_1_93' title='bbox 495 1811 511 1854; x_wconf 89' lang='lat' dir='ltr'><strong>a</strong></span> <span class='ocrx_word' id='word_1_94' title='bbox 535 1790 619 1874; x_wconf 90' lang='lat' dir='ltr'><strong>locis,</strong></span> <span class='ocrx_word' id='word_1_95' title='bbox 643 1793 784 1874; x_wconf 90' lang='lat' dir='ltr'><strong>quoniam</strong></span> <span class='ocrx_word' id='word_1_96' title='bbox 809 1810 845 1853; x_wconf 85' lang='lat' dir='ltr'><strong>ex</strong></span> <span class='ocrx_word' id='word_1_97' title='bbox 871 1793 970 1854; x_wconf 89' lang='lat' dir='ltr'><strong>miuus</strong></span> <span class='ocrx_word' id='word_1_98' title='bbox 990 1790 1085 1852; x_wconf 88' lang='lat' dir='ltr'><strong>levem</strong></span> <span class='ocrx_word' id='word_1_99' title='bbox 1109 1793 1350 1873; x_wconf 84' lang='lat' dir='ltr'><strong>conpositionem</strong></span> <span class='ocrx_word' id='word_1_100' title='bbox 1375 1793 1455 1855; x_wconf 91' lang='lat' dir='ltr'><strong>lacit.</strong></span> <span class='ocrx_word' id='word_1_101' title='bbox 1491 1791 1550 1854; x_wconf 90' lang='lat' dir='ltr'><strong>hoo</strong></span> <span class='ocrx_word' id='word_1_102' title='bbox 1571 1806 1744 1854; x_wconf 85' lang='lat' dir='ltr'><strong>consuo-10</strong></span> 
     </span>
     <span class='ocr_line' id='line_1_12' title="bbox 369 1898 1702 1990; baseline -0.003 -26"><span class='ocrx_word' id='word_1_103' title='bbox 369 1901 442 1964; x_wconf 93' lang='lat' dir='ltr'><strong>tudo</strong></span> <span class='ocrx_word' id='word_1_104' title='bbox 467 1919 526 1963; x_wconf 91' lang='lat' dir='ltr'><strong>non</strong></span> <span class='ocrx_word' id='word_1_105' title='bbox 552 1908 664 1963; x_wconf 87' lang='lat' dir='ltr'><strong>servat:</strong></span> <span class='ocrx_word' id='word_1_106' title='bbox 688 1899 761 1962; x_wconf 91' lang='lat' dir='ltr'><strong>dicit</strong></span> <span class='ocrx_word' id='word_1_107' title='bbox 785 1902 866 1990; x_wconf 89' lang='lat' dir='ltr'><strong>enim</strong></span> <span class='ocrx_word' id='word_1_108' title='bbox 890 1920 926 1962; x_wconf 83' lang='lat' dir='ltr'><strong>ex</strong></span> <span class='ocrx_word' id='word_1_109' title='bbox 951 1899 1052 1962; x_wconf 86' lang='lat' dir='ltr'><strong>Gallia.</strong></span> <span class='ocrx_word' id='word_1_110' title='bbox 1090 1898 1163 1962; x_wconf 92' lang='lat' dir='ltr'><strong>illud</strong></span> <span class='ocrx_word' id='word_1_111' title='bbox 1188 1918 1353 1985; x_wconf 85' lang='lat' dir='ltr'><strong>servamus,</strong></span> <span class='ocrx_word' id='word_1_112' title='bbox 1376 1903 1402 1964; x_wconf 91' lang='lat' dir='ltr'><strong>si</strong></span> <span class='ocrx_word' id='word_1_113' title='bbox 1425 1900 1543 1964; x_wconf 89' lang='lat' dir='ltr'><strong>vocales</strong></span> <span class='ocrx_word' id='word_1_114' title='bbox 1567 1919 1702 1982; x_wconf 90' lang='lat' dir='ltr'><strong>sequun-</strong></span> 
     </span>
     <span class='ocr_line' id='line_1_13' title="bbox 372 2007 1702 2093; baseline -0.002 -21"><span class='ocrx_word' id='word_1_115' title='bbox 372 2018 431 2092; x_wconf 89' lang='lat' dir='ltr'><strong>tur,</strong></span> <span class='ocrx_word' id='word_1_116' title='bbox 455 2018 489 2071; x_wconf 88' lang='lat' dir='ltr'><strong>ut</strong></span> <span class='ocrx_word' id='word_1_117' title='bbox 512 2027 733 2091; x_wconf 88' lang='lat' dir='ltr'><strong>praeponamus</strong></span> <span class='ocrx_word' id='word_1_118' title='bbox 753 2027 798 2091; x_wconf 82' lang='lat' dir='ltr'><strong>ex,</strong></span> <span class='ocrx_word' id='word_1_119' title='bbox 823 2027 864 2072; x_wconf 78' lang='lat' dir='ltr'><strong>ex</strong></span> <span class='ocrx_word' id='word_1_120' title='bbox 883 2007 990 2092; x_wconf 79' lang='lat' dir='ltr'><strong>Eryco,</strong></span> <span class='ocrx_word' id='word_1_121' title='bbox 1014 2027 1049 2070; x_wconf 84' lang='lat' dir='ltr'><strong>ex</strong></span> <span class='ocrx_word' id='word_1_122' title='bbox 1072 2007 1207 2090; x_wconf 77' lang='lat' dir='ltr'><strong>Olympo.</strong></span> <span class='ocrx_word' id='word_1_123' title='bbox 1245 2011 1271 2072; x_wconf 93' lang='lat' dir='ltr'><strong>sl</strong></span> <span class='ocrx_word' id='word_1_124' title='bbox 1295 2011 1461 2091; x_wconf 90' lang='lat' dir='ltr'><strong>sequiturl</strong></span> <span class='ocrx_word' id='word_1_125' title='bbox 1486 2017 1537 2072; x_wconf 91' lang='lat' dir='ltr'><strong>aut</strong></span> <span class='ocrx_word' id='word_1_126' title='bbox 1557 2029 1585 2093; x_wconf 92' lang='lat' dir='ltr'><strong>u,</strong></span> <span class='ocrx_word' id='word_1_127' title='bbox 1608 2007 1702 2071; x_wconf 87' lang='lat' dir='ltr'><strong>habe-</strong></span> 
     </span>
     <span class='ocr_line' id='line_1_14' title="bbox 372 2101 1704 2200; baseline -0.002 -20"><span class='ocrx_word' id='word_1_128' title='bbox 372 2127 422 2180; x_wconf 89' lang='lat' dir='ltr'><strong>tur</strong></span> <span class='ocrx_word' id='word_1_129' title='bbox 446 2118 522 2180; x_wconf 91' lang='lat' dir='ltr'><strong>ratio</strong></span> <span class='ocrx_word' id='word_1_130' title='bbox 547 2115 657 2200; x_wconf 85' lang='lat' dir='ltr'><strong>duplex</strong></span> <span class='ocrx_word' id='word_1_131' title='bbox 681 2101 885 2198; x_wconf 89' lang='lat' dir='ltr'><strong>antiquorum.</strong></span> <span class='ocrx_word' id='word_1_132' title='bbox 930 2134 998 2178; x_wconf 85' lang='lat' dir='ltr'><strong>nam</strong></span> <span class='ocrx_word' id='word_1_133' title='bbox 1024 2119 1049 2178; x_wconf 91' lang='lat' dir='ltr'><strong>si</strong></span> <span class='ocrx_word' id='word_1_134' title='bbox 1073 2115 1183 2179; x_wconf 89' lang='lat' dir='ltr'><strong>vocalis</strong></span> <span class='ocrx_word' id='word_1_135' title='bbox 1207 2115 1304 2198; x_wconf 89' lang='lat' dir='ltr'><strong>aliqua</strong></span> <span class='ocrx_word' id='word_1_136' title='bbox 1329 2119 1515 2200; x_wconf 79' lang='lat' dir='ltr'><strong>iungeretur,</strong></span> <span class='ocrx_word' id='word_1_137' title='bbox 1539 2114 1704 2178; x_wconf 88' lang='lat' dir='ltr'><strong>demebant</strong></span> 
     </span>
     <span class='ocr_line' id='line_1_15' title="bbox 369 2223 1703 2310; baseline -0.001 -22"><span class='ocrx_word' id='word_1_138' title='bbox 369 2245 401 2308; x_wconf 84' lang='lat' dir='ltr'><strong>x,</strong></span> <span class='ocrx_word' id='word_1_139' title='bbox 429 2245 445 2288; x_wconf 94' lang='lat' dir='ltr'><strong>e</strong></span> <span class='ocrx_word' id='word_1_140' title='bbox 469 2223 625 2310; x_wconf 77' lang='lat' dir='ltr'><strong>vernano,</strong></span> <span class='ocrx_word' id='word_1_141' title='bbox 654 2223 817 2289; x_wconf 85' lang='lat' dir='ltr'><strong>eludnea:</strong></span> <span class='ocrx_word' id='word_1_142' title='bbox 845 2223 903 2286; x_wconf 88' lang='lat' dir='ltr'><strong>hoc</strong></span> <span class='ocrx_word' id='word_1_143' title='bbox 932 2224 1121 2288; x_wconf 85' lang='lat' dir='ltr'><strong>consuetudo</strong></span> <span class='ocrx_word' id='word_1_144' title='bbox 1151 2245 1210 2289; x_wconf 90' lang='lat' dir='ltr'><strong>non</strong></span> <span class='ocrx_word' id='word_1_145' title='bbox 1240 2235 1347 2288; x_wconf 89' lang='lat' dir='ltr'><strong>servat.</strong></span> <span class='ocrx_word' id='word_1_146' title='bbox 1395 2227 1420 2288; x_wconf 92' lang='lat' dir='ltr'><strong>si</strong></span> <span class='ocrx_word' id='word_1_147' title='bbox 1449 2244 1505 2308; x_wconf 91' lang='lat' dir='ltr'><strong>per</strong></span> <span class='ocrx_word' id='word_1_148' title='bbox 1534 2243 1566 2287; x_wconf 93' lang='lat' dir='ltr'><strong>se</strong></span> <span class='ocrx_word' id='word_1_149' title='bbox 1596 2234 1703 2286; x_wconf 89' lang='lat' dir='ltr'><strong>essent</strong></span> 
     </span>
     <span class='ocr_line' id='line_1_16' title="bbox 369 2331 1743 2419; baseline -0.001 -23"><span class='ocrx_word' id='word_1_150' title='bbox 369 2335 434 2396; x_wconf 88' lang='lat' dir='ltr'><strong>sinc</strong></span> <span class='ocrx_word' id='word_1_151' title='bbox 459 2332 557 2414; x_wconf 89' lang='lat' dir='ltr'><strong>aliqua</strong></span> <span class='ocrx_word' id='word_1_152' title='bbox 581 2331 685 2414; x_wconf 83' lang='lat' dir='ltr'><strong>vocali,</strong></span> <span class='ocrx_word' id='word_1_153' title='bbox 708 2352 727 2394; x_wconf 83' lang='lat' dir='ltr'>x</span> <span class='ocrx_word' id='word_1_154' title='bbox 751 2331 929 2414; x_wconf 88' lang='lat' dir='ltr'><strong>adiciebant,</strong></span> <span class='ocrx_word' id='word_1_155' title='bbox 953 2341 987 2396; x_wconf 94' lang='lat' dir='ltr'><strong>nt</strong></span> <span class='ocrx_word' id='word_1_156' title='bbox 1006 2351 1042 2395; x_wconf 86' lang='lat' dir='ltr'><strong>ex</strong></span> <span class='ocrx_word' id='word_1_157' title='bbox 1062 2333 1182 2417; x_wconf 88' lang='lat' dir='ltr'><strong>ldirico,</strong></span> <span class='ocrx_word' id='word_1_158' title='bbox 1207 2353 1243 2395; x_wconf 85' lang='lat' dir='ltr'><strong>ex</strong></span> <span class='ocrx_word' id='word_1_159' title='bbox 1263 2331 1397 2397; x_wconf 89' lang='lat' dir='ltr'><strong>Vmbria:</strong></span> <span class='ocrx_word' id='word_1_160' title='bbox 1421 2336 1494 2419; x_wconf 82' lang='lat' dir='ltr'><strong>item</strong></span> <span class='ocrx_word' id='word_1_161' title='bbox 1518 2336 1543 2395; x_wconf 94' lang='lat' dir='ltr'><strong>si</strong></span> <span class='ocrx_word' id='word_1_162' title='bbox 1569 2333 1588 2394; x_wconf 89' lang='lat' dir='ltr'><strong>lr</strong></span> <span class='ocrx_word' id='word_1_163' title='bbox 1612 2345 1743 2414; x_wconf 75' lang='lat' dir='ltr'><strong>prae-1⁵</strong></span> 
     </span>
     <span class='ocr_line' id='line_1_17' title="bbox 368 2439 1700 2526; baseline -0.002 -22"><span class='ocrx_word' id='word_1_164' title='bbox 368 2451 542 2524; x_wconf 88' lang='lat' dir='ltr'><strong>poneretur,</strong></span> <span class='ocrx_word' id='word_1_165' title='bbox 567 2459 601 2503; x_wconf 82' lang='lat' dir='ltr'><strong>ex</strong></span> <span class='ocrx_word' id='word_1_166' title='bbox 623 2439 764 2503; x_wconf 85' lang='lat' dir='ltr'><strong>Himetto.</strong></span> <span class='ocrx_word' id='word_1_167' title='bbox 802 2439 859 2503; x_wconf 91' lang='lat' dir='ltr'><strong>boo</strong></span> <span class='ocrx_word' id='word_1_168' title='bbox 884 2459 1039 2504; x_wconf 87' lang='lat' dir='ltr'><strong>servamus</strong></span> <span class='ocrx_word' id='word_1_169' title='bbox 1058 2441 1082 2526; x_wconf 92' lang='lat'>†</span> <span class='ocrx_word' id='word_1_170' title='bbox 1101 2450 1132 2504; x_wconf 92' lang='lat' dir='ltr'><strong>et</strong></span> <span class='ocrx_word' id='word_1_171' title='bbox 1151 2442 1223 2524; x_wconf 93' lang='lat' dir='ltr'><strong>quid</strong></span> <span class='ocrx_word' id='word_1_172' title='bbox 1247 2441 1325 2504; x_wconf 87' lang='lat' dir='ltr'><strong>inira</strong></span> <span class='ocrx_word' id='word_1_173' title='bbox 1345 2452 1400 2505; x_wconf 89' lang='lat' dir='ltr'><strong>est.</strong></span> <span class='ocrx_word' id='word_1_174' title='bbox 1439 2445 1469 2504; x_wconf 93' lang='lat' dir='ltr'><strong>in</strong></span> <span class='ocrx_word' id='word_1_175' title='bbox 1494 2440 1605 2524; x_wconf 91' lang='lat' dir='ltr'><strong>quibus</strong></span> <span class='ocrx_word' id='word_1_176' title='bbox 1626 2460 1700 2502; x_wconf 87' lang='lat' dir='ltr'><strong>corr-</strong></span> 
     </span>
     <span class='ocr_line' id='line_1_18' title="bbox 368 2547 1703 2634; baseline -0.002 -22"><span class='ocrx_word' id='word_1_177' title='bbox 368 2557 509 2612; x_wconf 85' lang='lat' dir='ltr'><strong>sonentes</strong></span> <span class='ocrx_word' id='word_1_178' title='bbox 539 2551 652 2630; x_wconf 85' lang='lat' dir='ltr'><strong>primae</strong></span> <span class='ocrx_word' id='word_1_179' title='bbox 677 2558 762 2631; x_wconf 89' lang='lat' dir='ltr'><strong>sunt,</strong></span> <span class='ocrx_word' id='word_1_180' title='bbox 791 2547 977 2612; x_wconf 85' lang='lat' dir='ltr'><strong>detrahimus</strong></span> <span class='ocrx_word' id='word_1_181' title='bbox 1001 2548 1034 2632; x_wconf 94' lang='lat' dir='ltr'><strong>b,</strong></span> <span class='ocrx_word' id='word_1_182' title='bbox 1064 2557 1098 2612; x_wconf 88' lang='lat' dir='ltr'><strong>ul</strong></span> <span class='ocrx_word' id='word_1_183' title='bbox 1121 2569 1137 2611; x_wconf 89' lang='lat' dir='ltr'><strong>a</strong></span> <span class='ocrx_word' id='word_1_184' title='bbox 1162 2549 1277 2634; x_wconf 87' lang='lat' dir='ltr'><strong>Capua,</strong></span> <span class='ocrx_word' id='word_1_185' title='bbox 1306 2568 1321 2611; x_wconf 93' lang='lat' dir='ltr'><strong>a</strong></span> <span class='ocrx_word' id='word_1_186' title='bbox 1346 2549 1486 2612; x_wconf 86' lang='lat' dir='ltr'><strong>Dertona.</strong></span> <span class='ocrx_word' id='word_1_187' title='bbox 1532 2553 1564 2611; x_wconf 94' lang='lat' dir='ltr'><strong>in</strong></span> <span class='ocrx_word' id='word_1_188' title='bbox 1589 2548 1703 2631; x_wconf 88' lang='lat' dir='ltr'><strong>quibus</strong></span> 
     </span>
     <span class='ocr_line' id='line_1_19' title="bbox 371 2655 1702 2739; baseline -0.001 -20"><span class='ocrx_word' id='word_1_189' title='bbox 371 2656 489 2720; x_wconf 89' lang='lat' dir='ltr'><strong>vocales</strong></span> <span class='ocrx_word' id='word_1_190' title='bbox 513 2666 693 2739; x_wconf 89' lang='lat' dir='ltr'><strong>sequuntur,</strong></span> <span class='ocrx_word' id='word_1_191' title='bbox 717 2655 754 2717; x_wconf 88' lang='lat' dir='ltr'><strong>ab</strong></span> <span class='ocrx_word' id='word_1_192' title='bbox 780 2659 1002 2738; x_wconf 89' lang='lat' dir='ltr'><strong>praeponimus,</strong></span> <span class='ocrx_word' id='word_1_193' title='bbox 1028 2665 1062 2718; x_wconf 90' lang='lat' dir='ltr'><strong>ut</strong></span> <span class='ocrx_word' id='word_1_194' title='bbox 1085 2655 1121 2718; x_wconf 91' lang='lat' dir='ltr'><strong>ab</strong></span> <span class='ocrx_word' id='word_1_195' title='bbox 1141 2655 1282 2739; x_wconf 86' lang='lat' dir='ltr'><strong>Ericinis,</strong></span> <span class='ocrx_word' id='word_1_196' title='bbox 1305 2655 1342 2719; x_wconf 85' lang='lat' dir='ltr'><strong>ah</strong></span> <span class='ocrx_word' id='word_1_197' title='bbox 1362 2655 1607 2720; x_wconf 76' lang='lat' dir='ltr'><strong>Atheniensibus.</strong></span> <span class='ocrx_word' id='word_1_198' title='bbox 1644 2659 1702 2719; x_wconf 87' lang='lat' dir='ltr'><strong>sii</strong></span> 
     </span>
     <span class='ocr_line' id='line_1_20' title="bbox 368 2762 1703 2848; baseline -0.001 -20"><span class='ocrx_word' id='word_1_199' title='bbox 368 2774 420 2828; x_wconf 93' lang='lat' dir='ltr'><strong>aut</strong></span> <span class='ocrx_word' id='word_1_200' title='bbox 444 2784 464 2828; x_wconf 91' lang='grc' dir='ltr'><strong>ιι</strong></span> <span class='ocrx_word' id='word_1_201' title='bbox 493 2773 678 2846; x_wconf 91' lang='lat' dir='ltr'><strong>sequuntur,</strong></span> <span class='ocrx_word' id='word_1_202' title='bbox 710 2765 781 2826; x_wconf 90' lang='lat' dir='ltr'><strong>ilem</strong></span> <span class='ocrx_word' id='word_1_203' title='bbox 814 2772 848 2825; x_wconf 91' lang='lat' dir='ltr'><strong>ut</strong></span> <span class='ocrx_word' id='word_1_204' title='bbox 877 2781 981 2847; x_wconf 82' lang='lat' dir='ltr'><strong>supra,</strong></span> <span class='ocrx_word' id='word_1_205' title='bbox 1010 2763 1070 2825; x_wconf 93' lang='lat' dir='ltr'><strong>duo</strong></span> <span class='ocrx_word' id='word_1_206' title='bbox 1098 2774 1258 2827; x_wconf 85' lang='lat' dir='ltr'><strong>servantur</strong></span> <span class='ocrx_word' id='word_1_207' title='bbox 1290 2762 1378 2826; x_wconf 92' lang='lat' dir='ltr'><strong>modi.</strong></span> <span class='ocrx_word' id='word_1_208' title='bbox 1426 2768 1452 2828; x_wconf 93' lang='lat' dir='ltr'><strong>si</strong></span> <span class='ocrx_word' id='word_1_209' title='bbox 1480 2785 1535 2848; x_wconf 92' lang='lat' dir='ltr'><strong>per</strong></span> <span class='ocrx_word' id='word_1_210' title='bbox 1564 2784 1597 2828; x_wconf 90' lang='lat' dir='ltr'><strong>se</strong></span> <span class='ocrx_word' id='word_1_211' title='bbox 1628 2777 1703 2827; x_wconf 88' lang='lat' dir='ltr'><strong>sunt</strong></span> 
     </span>
     <span class='ocr_line' id='line_1_21' title="bbox 369 2869 1744 2958; baseline 0 -24"><span class='ocrx_word' id='word_1_212' title='bbox 369 2883 441 2937; x_wconf 77' lang='lat' dir='ltr'><strong>virt</strong></span> <span class='ocrx_word' id='word_1_213' title='bbox 459 2873 496 2936; x_wconf 88' lang='lat' dir='ltr'><strong>ab</strong></span> <span class='ocrx_word' id='word_1_214' title='bbox 516 2872 636 2956; x_wconf 90' lang='lat' dir='ltr'><strong>illirico,</strong></span> <span class='ocrx_word' id='word_1_215' title='bbox 658 2870 696 2934; x_wconf 90' lang='lat' dir='ltr'><strong>ab</strong></span> <span class='ocrx_word' id='word_1_216' title='bbox 717 2869 861 2953; x_wconf 82' lang='lat' dir='ltr'><strong>Vrbian03</strong></span> <span class='ocrx_word' id='word_1_217' title='bbox 886 2873 911 2932; x_wconf 89' lang='lat' dir='ltr'><strong>si</strong></span> <span class='ocrx_word' id='word_1_218' title='bbox 936 2889 1041 2933; x_wconf 86' lang='lat' dir='ltr'><strong>secum</strong></span> <span class='ocrx_word' id='word_1_219' title='bbox 1062 2870 1186 2934; x_wconf 91' lang='lat' dir='ltr'><strong>alteram</strong></span> <span class='ocrx_word' id='word_1_220' title='bbox 1208 2871 1340 2936; x_wconf 89' lang='lat' dir='ltr'><strong>vocalem</strong></span> <span class='ocrx_word' id='word_1_221' title='bbox 1362 2875 1486 2950; x_wconf 74' lang='lat' dir='ltr'><strong>brebem,</strong></span> <span class='ocrx_word' id='word_1_222' title='bbox 1506 2875 1524 2934; x_wconf 81' lang='lat' dir='ltr'><strong>b</strong></span> <span class='ocrx_word' id='word_1_223' title='bbox 1547 2875 1702 2958; x_wconf 88' lang='lat' dir='ltr'><strong>amittunt,</strong></span> <span class='ocrx_word' id='word_1_224' title='bbox 1719 2889 1744 2926; x_wconf 70' lang='grc'><strong>11</strong></span> 
     </span>
     <span class='ocr_line' id='line_1_22' title="bbox 369 2973 1241 3064; baseline -0.013 -19"><span class='ocrx_word' id='word_1_225' title='bbox 369 2993 402 3046; x_wconf 92' lang='lat' dir='ltr'><strong>ut</strong></span> <span class='ocrx_word' id='word_1_226' title='bbox 425 3001 441 3045; x_wconf 89' lang='lat' dir='ltr'><strong>a</strong></span> <span class='ocrx_word' id='word_1_227' title='bbox 467 2980 612 3064; x_wconf 86' lang='lat' dir='ltr'><strong>Venusia,</strong></span> <span class='ocrx_word' id='word_1_228' title='bbox 634 2997 651 3042; x_wconf 92' lang='lat' dir='ltr'><strong>a</strong></span> <span class='ocrx_word' id='word_1_229' title='bbox 674 2981 811 3044; x_wconf 90' lang='lat' dir='ltr'><strong>ianitore.</strong></span> <span class='ocrx_word' id='word_1_230' title='bbox 1240 2973 1241 2976; x_wconf 72' lang='grc'>’</span> 
     </span>
    </p>
   </div>
   <div class='ocr_carea' id='block_1_4' title="bbox 377 3123 584 3135">
    <p class='ocr_par' dir='ltr' id='par_1_4' title="bbox 377 3123 584 3135">
     <span class='ocr_line' id='line_1_23' title="bbox 377 3123 584 3135; baseline -0.005 0"><span class='ocrx_word' id='word_1_231' title='bbox 377 3125 380 3132; x_wconf 66' lang='lat' dir='ltr'>v</span> <span class='ocrx_word' id='word_1_232' title='bbox 391 3123 584 3135; x_wconf 56' lang='grc' dir='ltr'>*ιιι-</span> 
     </span>
    </p>
   </div>
   <div class='ocr_carea' id='block_1_5' title="bbox 459 3189 1093 3264">
    <p class='ocr_par' dir='ltr' id='par_1_5' title="bbox 459 3189 1093 3264">
     <span class='ocr_line' id='line_1_24' title="bbox 459 3189 1093 3264; baseline -0.003 -16"><span class='ocrx_word' id='word_1_233' title='bbox 459 3197 476 3248; x_wconf 82' lang='lat' dir='ltr'><strong>t</strong></span> <span class='ocrx_word' id='word_1_234' title='bbox 495 3189 721 3264; x_wconf 80' lang='lat' dir='ltr'><strong>praepositiones</strong></span> <span class='ocrx_word' id='word_1_235' title='bbox 740 3189 865 3246; x_wconf 85' lang='lat' dir='ltr'><strong>locorum</strong></span> <span class='ocrx_word' id='word_1_236' title='bbox 880 3205 912 3261; x_wconf 79' lang='lat' dir='ltr'><strong>p.</strong></span> <span class='ocrx_word' id='word_1_237' title='bbox 931 3193 1015 3260; x_wconf 76' lang='lat'><strong>29,8</strong></span> <span class='ocrx_word' id='word_1_238' title='bbox 1092 3249 1093 3254; x_wconf 59' lang='grc'>,</span> 
     </span>
    </p>
   </div>
   <div class='ocr_carea' id='block_1_6' title="bbox 367 3323 556 3333">
    <p class='ocr_par' dir='ltr' id='par_1_6' title="bbox 367 3323 556 3333">
     <span class='ocr_line' id='line_1_25' title="bbox 367 3323 556 3333; baseline -0.005 -4"><span class='ocrx_word' id='word_1_239' title='bbox 367 3325 447 3333; x_wconf 72' lang='lat'><em>---.---—</em></span> <span class='ocrx_word' id='word_1_240' title='bbox 488 3323 556 3329; x_wconf 80' lang='grc'>..-.-.--..</span> 
     </span>
    </p>
   </div>
   <div class='ocr_carea' id='block_1_7' title="bbox 364 3378 1702 4448">
    <p class='ocr_par' dir='ltr' id='par_1_7' title="bbox 367 3378 1702 3534">
     <span class='ocr_line' id='line_1_26' title="bbox 457 3378 1702 3453; baseline -0.001 -14"><span class='ocrx_word' id='word_1_241' title='bbox 457 3382 570 3439; x_wconf 79' lang='lat' dir='ltr'><strong>Subieci</strong></span> <span class='ocrx_word' id='word_1_242' title='bbox 587 3380 774 3452; x_wconf 67' lang='lat' dir='ltr'><strong>[raptandum</strong></span> <span class='ocrx_word' id='word_1_243' title='bbox 788 3397 821 3434; x_wconf 79' lang='lat' dir='ltr'><strong>ex</strong></span> <span class='ocrx_word' id='word_1_244' title='bbox 836 3381 926 3435; x_wconf 84' lang='lat' dir='ltr'><strong>codice</strong></span> <span class='ocrx_word' id='word_1_245' title='bbox 941 3378 1074 3435; x_wconf 69' lang='lat' dir='ltr'><strong>Porinos</strong></span> <span class='ocrx_word' id='word_1_246' title='bbox 1089 3385 1166 3438; x_wconf 82' lang='lat'><em>7520</em></span> <span class='ocrx_word' id='word_1_247' title='bbox 1184 3381 1293 3438; x_wconf 78' lang='lat' dir='ltr'><strong>soecnlo</strong></span> <span class='ocrx_word' id='word_1_248' title='bbox 1312 3383 1456 3438; x_wconf 70' lang='lat' dir='ltr'><strong>undemmo</strong></span> <span class='ocrx_word' id='word_1_249' title='bbox 1474 3382 1578 3453; x_wconf 73' lang='lat' dir='ltr'><strong>scripto</strong></span> <span class='ocrx_word' id='word_1_250' title='bbox 1595 3383 1702 3439; x_wconf 82' lang='lat' dir='ltr'><strong>editum</strong></span> 
     </span>
     <span class='ocr_line' id='line_1_27' title="bbox 367 3460 1165 3534; baseline -0.004 -14"><span class='ocrx_word' id='word_1_251' title='bbox 367 3468 399 3522; x_wconf 84' lang='lat' dir='ltr'><strong>in</strong></span> <span class='ocrx_word' id='word_1_252' title='bbox 418 3464 552 3520; x_wconf 82' lang='lat' dir='ltr'><strong>nnrriectis</strong></span> <span class='ocrx_word' id='word_1_253' title='bbox 569 3462 759 3534; x_wconf 65' lang='lat' dir='ltr'><strong>mnnrmoticis</strong></span> <span class='ocrx_word' id='word_1_254' title='bbox 784 3460 1043 3517; x_wconf 78' lang='lat' dir='ltr'><strong>Vindoboncnaibne</strong></span> <span class='ocrx_word' id='word_1_255' title='bbox 1057 3479 1088 3532; x_wconf 82' lang='lat' dir='ltr'><strong>p.</strong></span> <span class='ocrx_word' id='word_1_256' title='bbox 1108 3465 1165 3518; x_wconf 70' lang='lat'><strong>452</strong></span> 
     </span>
    </p>

    <p class='ocr_par' dir='ltr' id='par_1_8' title="bbox 459 3541 753 3600">
     <span class='ocr_line' id='line_1_28' title="bbox 459 3541 753 3600; baseline -0.01 0"><span class='ocrx_word' id='word_1_257' title='bbox 459 3543 483 3600; x_wconf 80' lang='grc'><em>0</em></span> <span class='ocrx_word' id='word_1_258' title='bbox 500 3543 584 3599; x_wconf 78' lang='lat' dir='ltr'><strong>coclea</strong></span> <span class='ocrx_word' id='word_1_259' title='bbox 603 3541 753 3598; x_wconf 77' lang='lat' dir='ltr'><strong>Parisinus</strong></span> 
     </span>
    </p>

    <p class='ocr_par' dir='ltr' id='par_1_9' title="bbox 458 3623 824 3682">
     <span class='ocr_line' id='line_1_29' title="bbox 458 3623 824 3682; baseline 0 0"><span class='ocrx_word' id='word_1_260' title='bbox 458 3643 474 3682; x_wconf 84' lang='lat' dir='ltr'><strong>c</strong></span> <span class='ocrx_word' id='word_1_261' title='bbox 494 3625 578 3682; x_wconf 81' lang='lat' dir='ltr'><strong>editio</strong></span> <span class='ocrx_word' id='word_1_262' title='bbox 603 3623 824 3682; x_wconf 70' lang='lat' dir='ltr'><strong>vindobonensis</strong></span> 
     </span>
    </p>

    <p class='ocr_par' dir='ltr' id='par_1_10' title="bbox 364 3721 1702 4448">
     <span class='ocr_line' id='line_1_30' title="bbox 460 3721 1701 3790; baseline 0.003 -9"><span class='ocrx_word' id='word_1_263' title='bbox 460 3731 476 3781; x_wconf 80' lang='lat' dir='ltr'><strong>d</strong></span> <span class='ocrx_word' id='word_1_264' title='bbox 500 3722 608 3780; x_wconf 83' lang='lat' dir='ltr'>INCIP.</span> <span class='ocrx_word' id='word_1_265' title='bbox 632 3722 703 3779; x_wconf 80' lang='lat' dir='ltr'><strong>ARS</strong></span> <span class='ocrx_word' id='word_1_266' title='bbox 722 3723 833 3781; x_wconf 86' lang='lat' dir='ltr'>PROBI</span> <span class='ocrx_word' id='word_1_267' title='bbox 852 3726 901 3781; x_wconf 88' lang='lat' dir='ltr'><strong>DE</strong></span> <span class='ocrx_word' id='word_1_268' title='bbox 922 3722 1071 3790; x_wconf 74' lang='lat' dir='ltr'><strong>uirtutis</strong></span> <span class='ocrx_word' id='word_1_269' title='bbox 1091 3721 1270 3780; x_wconf 83' lang='lat' dir='ltr'><strong>SYLLABIS</strong></span> <span class='ocrx_word' id='word_1_270' title='bbox 1290 3724 1398 3784; x_wconf 81' lang='lat' dir='ltr'><strong>cuins</strong></span> <span class='ocrx_word' id='word_1_271' title='bbox 1418 3727 1502 3784; x_wconf 79' lang='lat' dir='ltr'>SINT</span> <span class='ocrx_word' id='word_1_272' title='bbox 1522 3728 1701 3785; x_wconf 83' lang='lat' dir='ltr'>DECLINA-</span> 
     </span>
     <span class='ocr_line' id='line_1_31' title="bbox 370 3802 1702 3877; baseline 0.002 -14"><span class='ocrx_word' id='word_1_273' title='bbox 370 3802 1030 3877; x_wconf 59' lang='grc'><strong>’1101118111111131111111111111111111111.</strong></span> <span class='ocrx_word' id='word_1_274' title='bbox 1063 3805 1291 3875; x_wconf 87' lang='lat' dir='ltr'><strong>Praepositiones</strong></span> <span class='ocrx_word' id='word_1_275' title='bbox 1309 3807 1481 3866; x_wconf 81' lang='lat' dir='ltr'><strong>locoran</strong></span> <span class='ocrx_word' id='word_1_276' title='bbox 1552 3811 1616 3866; x_wconf 80' lang='lat' dir='ltr'><strong>det</strong></span> <span class='ocrx_word' id='word_1_277' title='bbox 1635 3817 1702 3866; x_wconf 73' lang='lat' dir='ltr'><strong>crite</strong></span> 
     </span>
     <span class='ocr_line' id='line_1_32' title="bbox 370 3884 1702 3958; baseline 0 -12"><span class='ocrx_word' id='word_1_278' title='bbox 370 3907 404 3946; x_wconf 85' lang='lat' dir='ltr'><strong>ex</strong></span> <span class='ocrx_word' id='word_1_279' title='bbox 419 3905 482 3945; x_wconf 84' lang='lat' dir='ltr'><strong>arca</strong></span> <span class='ocrx_word' id='word_1_280' title='bbox 497 3903 548 3942; x_wconf 81' lang='lat' dir='ltr'><strong>orn.</strong></span> <span class='ocrx_word' id='word_1_281' title='bbox 565 3884 595 3954; x_wconf 81' lang='lat' dir='ltr'><strong>C,</strong></span> <span class='ocrx_word' id='word_1_282' title='bbox 615 3885 711 3940; x_wconf 62' lang='lat' dir='ltr'><strong>adde</strong></span> <span class='ocrx_word' id='word_1_283' title='bbox 785 3889 1086 3942; x_wconf 77' lang='lat' dir='ltr'><strong>emurnmvmutum</strong></span> <span class='ocrx_word' id='word_1_284' title='bbox 1102 3886 1134 3942; x_wconf 45' lang='grc' dir='ltr'><strong>(3Ὶ</strong></span> <span class='ocrx_word' id='word_1_285' title='bbox 1197 3887 1369 3958; x_wconf 77' lang='lat' dir='ltr'><strong>ntegnlliae</strong></span> <span class='ocrx_word' id='word_1_286' title='bbox 1389 3890 1458 3946; x_wconf 89' lang='lat' dir='ltr'><strong>locis</strong></span> <span class='ocrx_word' id='word_1_287' title='bbox 1478 3890 1584 3947; x_wconf 78' lang='lat' dir='ltr'><strong>Cute</strong></span> <span class='ocrx_word' id='word_1_288' title='bbox 1604 3890 1702 3946; x_wconf 85' lang='lat' dir='ltr'><strong>Gallia</strong></span> 
     </span>
     <span class='ocr_line' id='line_1_33' title="bbox 369 3966 1702 4043; baseline 0 -15"><span class='ocrx_word' id='word_1_289' title='bbox 369 3976 400 4028; x_wconf 88' lang='lat' dir='ltr'><strong>et</strong></span> <span class='ocrx_word' id='word_1_290' title='bbox 418 3987 433 4027; x_wconf 88' lang='lat' dir='ltr'><strong>a</strong></span> <span class='ocrx_word' id='word_1_291' title='bbox 453 3967 553 4024; x_wconf 85' lang='lat' dir='ltr'><strong>Tuscis</strong></span> <span class='ocrx_word' id='word_1_292' title='bbox 573 3966 699 4021; x_wconf 78' lang='lat' dir='ltr'><strong>Scauros</strong></span> <span class='ocrx_word' id='word_1_293' title='bbox 783 3974 816 4021; x_wconf 90' lang='lat'><strong>10</strong></span> <span class='ocrx_word' id='word_1_294' title='bbox 836 3966 1009 4024; x_wconf 84' lang='lat' dir='ltr'><strong>consuetudo</strong></span> <span class='ocrx_word' id='word_1_295' title='bbox 1028 3984 1085 4022; x_wconf 92' lang='lat' dir='ltr'><strong>non</strong></span> <span class='ocrx_word' id='word_1_296' title='bbox 1105 3969 1266 4043; x_wconf 78' lang='lat' dir='ltr'><strong>conservat,</strong></span> <span class='ocrx_word' id='word_1_297' title='bbox 1286 3967 1485 4027; x_wconf 88' lang='lat' dir='ltr'><strong>diciturenim</strong></span> <span class='ocrx_word' id='word_1_298' title='bbox 1504 3990 1520 4028; x_wconf 88' lang='lat' dir='ltr'><strong>o</strong></span> <span class='ocrx_word' id='word_1_299' title='bbox 1615 3978 1647 4028; x_wconf 78' lang='lat'><strong>12</strong></span> <span class='ocrx_word' id='word_1_300' title='bbox 1667 3978 1702 4028; x_wconf 90' lang='lat' dir='ltr'><strong>nt</strong></span> 
     </span>
     <span class='ocr_line' id='line_1_34' title="bbox 370 4048 1625 4126; baseline 0.002 -18"><span class='ocrx_word' id='word_1_301' title='bbox 370 4058 529 4126; x_wconf 76' lang='lat' dir='ltr'><strong>pponamns</strong></span> <span class='ocrx_word' id='word_1_302' title='bbox 555 4063 694 4117; x_wconf 82' lang='lat' dir='ltr'><strong>exeuryco</strong></span> <span class='ocrx_word' id='word_1_303' title='bbox 717 4048 860 4120; x_wconf 81' lang='lat' dir='ltr'><strong>exolimpo</strong></span> <span class='ocrx_word' id='word_1_304' title='bbox 880 4049 904 4104; x_wconf 86' lang='grc'><em>0</em></span> <span class='ocrx_word' id='word_1_305' title='bbox 924 4051 958 4105; x_wconf 92' lang='lat' dir='ltr'><strong>nt</strong></span> <span class='ocrx_word' id='word_1_306' title='bbox 981 4063 1189 4120; x_wconf 84' lang='lat' dir='ltr'><strong>praeponamus</strong></span> <span class='ocrx_word' id='word_1_307' title='bbox 1214 4069 1232 4106; x_wconf 84' lang='lat' dir='ltr'>x</span> <span class='ocrx_word' id='word_1_308' title='bbox 1251 4069 1286 4108; x_wconf 83' lang='lat' dir='ltr'><strong>ex</strong></span> <span class='ocrx_word' id='word_1_309' title='bbox 1305 4053 1395 4123; x_wconf 82' lang='lat' dir='ltr'><strong>Eryco</strong></span> <span class='ocrx_word' id='word_1_310' title='bbox 1415 4071 1449 4110; x_wconf 87' lang='lat' dir='ltr'><strong>ex</strong></span> <span class='ocrx_word' id='word_1_311' title='bbox 1468 4055 1590 4125; x_wconf 82' lang='lat' dir='ltr'><strong>Olympo</strong></span> <span class='ocrx_word' id='word_1_312' title='bbox 1609 4069 1625 4109; x_wconf 88' lang='lat' dir='ltr'><strong>o</strong></span> 
     </span>
     <span class='ocr_line' id='line_1_35' title="bbox 371 4127 1700 4202; baseline 0.001 -12"><span class='ocrx_word' id='word_1_313' title='bbox 371 4141 404 4190; x_wconf 85' lang='grc'><strong>13</strong></span> <span class='ocrx_word' id='word_1_314' title='bbox 428 4150 494 4188; x_wconf 86' lang='lat' dir='ltr'><strong>nam</strong></span> <span class='ocrx_word' id='word_1_315' title='bbox 518 4128 542 4186; x_wconf 86' lang='lat' dir='ltr'><strong>ei</strong></span> <span class='ocrx_word' id='word_1_316' title='bbox 560 4146 576 4184; x_wconf 90' lang='lat' dir='ltr'><strong>o</strong></span> <span class='ocrx_word' id='word_1_317' title='bbox 596 4127 621 4182; x_wconf 87' lang='lat' dir='ltr'>N</span> <span class='ocrx_word' id='word_1_318' title='bbox 647 4127 671 4183; x_wconf 86' lang='lat' dir='ltr'><strong>ei</strong></span> <span class='ocrx_word' id='word_1_319' title='bbox 695 4143 757 4182; x_wconf 80' lang='lat' dir='ltr'><strong>cunr</strong></span> <span class='ocrx_word' id='word_1_320' title='bbox 780 4129 882 4202; x_wconf 69' lang='lat' dir='ltr'><strong>linteolo</strong></span> <span class='ocrx_word' id='word_1_321' title='bbox 905 4131 938 4184; x_wconf 84' lang='lat' dir='ltr'><strong>in</strong></span> <span class='ocrx_word' id='word_1_322' title='bbox 960 4130 1052 4184; x_wconf 73' lang='lat' dir='ltr'><strong>inedia</strong></span> <span class='ocrx_word' id='word_1_323' title='bbox 1071 4135 1153 4200; x_wconf 82' lang='lat' dir='ltr'><strong>porte</strong></span> <span class='ocrx_word' id='word_1_324' title='bbox 1177 4133 1284 4188; x_wconf 80' lang='lat' dir='ltr'><strong>litterae</strong></span> <span class='ocrx_word' id='word_1_325' title='bbox 1303 4135 1329 4189; x_wconf 89' lang='lat' dir='ltr'>N</span> <span class='ocrx_word' id='word_1_326' title='bbox 1350 4137 1374 4191; x_wconf 84' lang='lat'><em>0</em></span> <span class='ocrx_word' id='word_1_327' title='bbox 1470 4143 1502 4190; x_wconf 80' lang='lat'><strong>15</strong></span> <span class='ocrx_word' id='word_1_328' title='bbox 1523 4153 1538 4191; x_wconf 88' lang='lat' dir='ltr'><strong>a</strong></span> <span class='ocrx_word' id='word_1_329' title='bbox 1559 4134 1700 4191; x_wconf 85' lang='lat' dir='ltr'><strong>Vaticano</strong></span> 
     </span>
     <span class='ocr_line' id='line_1_36' title="bbox 369 4207 1699 4288; baseline 0.002 -17"><span class='ocrx_word' id='word_1_330' title='bbox 369 4215 508 4280; x_wconf 72' lang='lat' dir='ltr'><strong>Sertorios,</strong></span> <span class='ocrx_word' id='word_1_331' title='bbox 526 4208 688 4266; x_wconf 85' lang='lat' dir='ltr'><strong>enetioiano</strong></span> <span class='ocrx_word' id='word_1_332' title='bbox 708 4207 732 4262; x_wconf 85' lang='grc'><em>0</em></span> <span class='ocrx_word' id='word_1_333' title='bbox 809 4216 842 4264; x_wconf 81' lang='lat' dir='ltr'><strong>lb</strong></span> <span class='ocrx_word' id='word_1_334' title='bbox 861 4209 932 4265; x_wconf 88' lang='lat' dir='ltr'><strong>item</strong></span> <span class='ocrx_word' id='word_1_335' title='bbox 950 4209 975 4265; x_wconf 86' lang='lat' dir='ltr'><strong>si</strong></span> <span class='ocrx_word' id='word_1_336' title='bbox 993 4209 1013 4265; x_wconf 89' lang='lat' dir='ltr'><strong>b</strong></span> <span class='ocrx_word' id='word_1_337' title='bbox 1032 4217 1255 4280; x_wconf 86' lang='lat' dir='ltr'><strong>praeponeretur</strong></span> <span class='ocrx_word' id='word_1_338' title='bbox 1273 4233 1308 4272; x_wconf 85' lang='lat' dir='ltr'><strong>ex</strong></span> <span class='ocrx_word' id='word_1_339' title='bbox 1326 4217 1463 4288; x_wconf 81' lang='lat' dir='ltr'><strong>Hymetto</strong></span> <span class='ocrx_word' id='word_1_340' title='bbox 1482 4233 1499 4271; x_wconf 84' lang='lat' dir='ltr'><strong><em>v</em></strong></span> <span class='ocrx_word' id='word_1_341' title='bbox 1518 4216 1577 4272; x_wconf 84' lang='lat' dir='ltr'><strong>coll.</strong></span> <span class='ocrx_word' id='word_1_342' title='bbox 1597 4215 1699 4273; x_wconf 75' lang='lat' dir='ltr'><strong>Senem.</strong></span> 
     </span>
     <span class='ocr_line' id='line_1_37' title="bbox 364 4289 1699 4368; baseline -0.001 -17"><span class='ocrx_word' id='word_1_343' title='bbox 364 4315 395 4368; x_wconf 83' lang='lat' dir='ltr'><strong>p.</strong></span> <span class='ocrx_word' id='word_1_344' title='bbox 410 4301 456 4366; x_wconf 89' lang='lat'><strong>30,</strong></span> <span class='ocrx_word' id='word_1_345' title='bbox 471 4301 500 4362; x_wconf 80' lang='lat'><strong>9,</strong></span> <span class='ocrx_word' id='word_1_346' title='bbox 524 4293 593 4349; x_wconf 79' lang='lat' dir='ltr'><strong>item</strong></span> <span class='ocrx_word' id='word_1_347' title='bbox 612 4289 637 4346; x_wconf 87' lang='lat' dir='ltr'><strong>si</strong></span> <span class='ocrx_word' id='word_1_348' title='bbox 656 4307 690 4359; x_wconf 74' lang='lat' dir='ltr'><strong>qr.</strong></span> <span class='ocrx_word' id='word_1_349' title='bbox 710 4294 884 4360; x_wconf 68' lang='lat' dir='ltr'><strong>inponeretur</strong></span> <span class='ocrx_word' id='word_1_350' title='bbox 903 4307 937 4345; x_wconf 90' lang='lat' dir='ltr'><strong>.x.</strong></span> <span class='ocrx_word' id='word_1_351' title='bbox 957 4289 1051 4347; x_wconf 83' lang='lat' dir='ltr'><strong>h’inec</strong></span> <span class='ocrx_word' id='word_1_352' title='bbox 1067 4307 1101 4347; x_wconf 88' lang='lat' dir='ltr'><strong>.o.</strong></span> <span class='ocrx_word' id='word_1_353' title='bbox 1122 4291 1160 4351; x_wconf 82' lang='lat' dir='ltr'><strong>O.</strong></span> <span class='ocrx_word' id='word_1_354' title='bbox 1180 4315 1199 4366; x_wconf 78' lang='lat' dir='ltr'>y</span> <span class='ocrx_word' id='word_1_355' title='bbox 1218 4297 1330 4365; x_wconf 76' lang='lat' dir='ltr'><strong>defendi</strong></span> <span class='ocrx_word' id='word_1_356' title='bbox 1346 4302 1455 4367; x_wconf 78' lang='lat' dir='ltr'><strong>poterat</strong></span> <span class='ocrx_word' id='word_1_357' title='bbox 1474 4298 1528 4362; x_wconf 82' lang='lat' dir='ltr'><strong>ita,</strong></span> <span class='ocrx_word' id='word_1_358' title='bbox 1547 4295 1616 4351; x_wconf 88' lang='lat' dir='ltr'><strong>item</strong></span> <span class='ocrx_word' id='word_1_359' title='bbox 1636 4295 1660 4350; x_wconf 82' lang='lat' dir='ltr'><strong>si</strong></span> <span class='ocrx_word' id='word_1_360' title='bbox 1679 4315 1699 4366; x_wconf 86' lang='lat' dir='ltr'>y</span> 
     </span>
     <span class='ocr_line' id='line_1_38' title="bbox 369 4370 1699 4448; baseline -0.002 -16"><span class='ocrx_word' id='word_1_361' title='bbox 369 4378 548 4448; x_wconf 84' lang='lat' dir='ltr'><strong>sequeretur,</strong></span> <span class='ocrx_word' id='word_1_362' title='bbox 567 4370 782 4444; x_wconf 81' lang='lat' dir='ltr'><strong>praeponebant</strong></span> <span class='ocrx_word' id='word_1_363' title='bbox 801 4389 848 4440; x_wconf 85' lang='lat' dir='ltr'><strong>ex,</strong></span> <span class='ocrx_word' id='word_1_364' title='bbox 868 4375 899 4426; x_wconf 89' lang='lat' dir='ltr'><strong>ut</strong></span> <span class='ocrx_word' id='word_1_365' title='bbox 918 4389 952 4427; x_wconf 83' lang='lat' dir='ltr'><strong>ex</strong></span> <span class='ocrx_word' id='word_1_366' title='bbox 970 4375 1081 4442; x_wconf 83' lang='lat' dir='ltr'><strong>ymetto</strong></span> <span class='ocrx_word' id='word_1_367' title='bbox 1185 4382 1218 4432; x_wconf 81' lang='grc'><strong>16</strong></span> <span class='ocrx_word' id='word_1_368' title='bbox 1237 4376 1292 4432; x_wconf 91' lang='lat' dir='ltr'><strong>boc</strong></span> <span class='ocrx_word' id='word_1_369' title='bbox 1311 4392 1469 4444; x_wconf 83' lang='lat' dir='ltr'><strong>servamus,</strong></span> <span class='ocrx_word' id='word_1_370' title='bbox 1489 4377 1518 4432; x_wconf 87' lang='lat' dir='ltr'><strong>et</strong></span> <span class='ocrx_word' id='word_1_371' title='bbox 1537 4374 1653 4445; x_wconf 88' lang='lat' dir='ltr'><strong>quidem</strong></span> <span class='ocrx_word' id='word_1_372' title='bbox 1674 4377 1699 4430; x_wconf 89' lang='lat' dir='ltr'><strong>si</strong></span> 
     </span>
    </p>
   </div>
   <div class='ocr_carea' id='block_1_8' title="bbox 276 4452 1698 4529">
    <p class='ocr_par' dir='ltr' id='par_1_11' title="bbox 276 4452 1698 4529">
     <span class='ocr_line' id='line_1_39' title="bbox 276 4452 1698 4529; baseline -0.003 -15"><span class='ocrx_word' id='word_1_373' title='bbox 276 4495 279 4500; x_wconf 86' lang='lat'>·</span> <span class='ocrx_word' id='word_1_374' title='bbox 368 4461 523 4528; x_wconf 80' lang='lat' dir='ltr'><strong>sequuntur</strong></span> <span class='ocrx_word' id='word_1_375' title='bbox 541 4470 638 4523; x_wconf 85' lang='lat' dir='ltr'><strong>voces,</strong></span> <span class='ocrx_word' id='word_1_376' title='bbox 657 4453 687 4508; x_wconf 93' lang='lat' dir='ltr'><strong>in</strong></span> <span class='ocrx_word' id='word_1_377' title='bbox 706 4452 808 4522; x_wconf 85' lang='lat' dir='ltr'><strong>quibus</strong></span> <span class='ocrx_word' id='word_1_378' title='bbox 826 4469 851 4507; x_wconf 84' lang='lat' dir='ltr'><strong>o.</strong></span> <span class='ocrx_word' id='word_1_379' title='bbox 879 4453 997 4519; x_wconf 82' lang='lat' dir='ltr'><strong>sortasse</strong></span> <span class='ocrx_word' id='word_1_380' title='bbox 1015 4453 1070 4508; x_wconf 92' lang='lat' dir='ltr'><strong>hoc</strong></span> <span class='ocrx_word' id='word_1_381' title='bbox 1088 4471 1234 4512; x_wconf 84' lang='lat' dir='ltr'><strong>servamus</strong></span> <span class='ocrx_word' id='word_1_382' title='bbox 1253 4458 1339 4513; x_wconf 88' lang='lat' dir='ltr'><strong>etiam</strong></span> <span class='ocrx_word' id='word_1_383' title='bbox 1364 4458 1395 4512; x_wconf 90' lang='lat' dir='ltr'><strong>in</strong></span> <span class='ocrx_word' id='word_1_384' title='bbox 1418 4455 1628 4529; x_wconf 88' lang='lat' dir='ltr'><strong>praepositione</strong></span> <span class='ocrx_word' id='word_1_385' title='bbox 1647 4455 1698 4510; x_wconf 88' lang='lat' dir='ltr'><strong>ab:</strong></span> 
     </span>
    </p>
   </div>
   <div class='ocr_carea' id='block_1_9' title="bbox 367 4533 1702 5001">
    <p class='ocr_par' dir='ltr' id='par_1_12' title="bbox 367 4533 1698 4609">
     <span class='ocr_line' id='line_1_40' title="bbox 367 4533 1698 4609; baseline -0.003 -16"><span class='ocrx_word' id='word_1_386' title='bbox 367 4538 520 4609; x_wconf 81' lang='lat' dir='ltr'><strong>inquibus</strong></span> <span class='ocrx_word' id='word_1_387' title='bbox 543 4553 599 4607; x_wconf 84' lang='lat' dir='ltr'><strong>sqq.</strong></span> <span class='ocrx_word' id='word_1_388' title='bbox 627 4537 670 4591; x_wconf 84' lang='lat' dir='ltr'><strong>cel</strong></span> <span class='ocrx_word' id='word_1_389' title='bbox 693 4537 747 4591; x_wconf 91' lang='lat' dir='ltr'><strong>hoc</strong></span> <span class='ocrx_word' id='word_1_390' title='bbox 771 4550 924 4591; x_wconf 80' lang='lat' dir='ltr'><strong>servamus.</strong></span> <span class='ocrx_word' id='word_1_391' title='bbox 954 4536 984 4588; x_wconf 90' lang='lat' dir='ltr'><strong>et</strong></span> <span class='ocrx_word' id='word_1_392' title='bbox 1006 4533 1036 4589; x_wconf 90' lang='lat' dir='ltr'><strong>in</strong></span> <span class='ocrx_word' id='word_1_393' title='bbox 1060 4535 1097 4590; x_wconf 86' lang='lat' dir='ltr'><strong>ab</strong></span> <span class='ocrx_word' id='word_1_394' title='bbox 1117 4536 1217 4591; x_wconf 87' lang='lat' dir='ltr'><strong>eadem</strong></span> <span class='ocrx_word' id='word_1_395' title='bbox 1236 4537 1311 4594; x_wconf 87' lang='lat' dir='ltr'><strong>ratio</strong></span> <span class='ocrx_word' id='word_1_396' title='bbox 1330 4540 1387 4594; x_wconf 76' lang='lat' dir='ltr'><strong>erte</strong></span> <span class='ocrx_word' id='word_1_397' title='bbox 1405 4537 1437 4592; x_wconf 89' lang='lat' dir='ltr'><strong>in</strong></span> <span class='ocrx_word' id='word_1_398' title='bbox 1455 4536 1558 4608; x_wconf 88' lang='lat' dir='ltr'><strong>quibus</strong></span> <span class='ocrx_word' id='word_1_399' title='bbox 1577 4551 1632 4606; x_wconf 88' lang='lat' dir='ltr'><strong>sqq.</strong></span> <span class='ocrx_word' id='word_1_400' title='bbox 1661 4537 1698 4602; x_wconf 77' lang='lat' dir='ltr'><strong>cs.</strong></span> 
     </span>
    </p>

    <p class='ocr_par' dir='ltr' id='par_1_13' title="bbox 368 4613 1702 4770">
     <span class='ocr_line' id='line_1_41' title="bbox 368 4613 1702 4689; baseline -0.001 -14"><span class='ocrx_word' id='word_1_401' title='bbox 368 4617 468 4675; x_wconf 83' lang='lat' dir='ltr'><strong>Scnnr.</strong></span> <span class='ocrx_word' id='word_1_402' title='bbox 478 4623 613 4688; x_wconf 84' lang='lat' dir='ltr'><strong>p.30,10</strong></span> <span class='ocrx_word' id='word_1_403' title='bbox 676 4623 709 4672; x_wconf 82' lang='grc'><strong>17</strong></span> <span class='ocrx_word' id='word_1_404' title='bbox 725 4615 845 4688; x_wconf 84' lang='lat' dir='ltr'><strong>primae]</strong></span> <span class='ocrx_word' id='word_1_405' title='bbox 862 4633 901 4670; x_wconf 82' lang='lat' dir='ltr'><strong>cn</strong></span> <span class='ocrx_word' id='word_1_406' title='bbox 914 4613 1079 4685; x_wconf 79' lang='lat' dir='ltr'><strong>proximae?</strong></span> <span class='ocrx_word' id='word_1_407' title='bbox 1152 4623 1185 4672; x_wconf 83' lang='grc'><strong>18</strong></span> <span class='ocrx_word' id='word_1_408' title='bbox 1201 4619 1237 4672; x_wconf 85' lang='lat' dir='ltr'><strong>ab</strong></span> <span class='ocrx_word' id='word_1_409' title='bbox 1252 4617 1464 4689; x_wconf 81' lang='lat' dir='ltr'><strong>praeponimus]</strong></span> <span class='ocrx_word' id='word_1_410' title='bbox 1480 4617 1498 4672; x_wconf 93' lang='lat' dir='ltr'><strong>b</strong></span> <span class='ocrx_word' id='word_1_411' title='bbox 1513 4617 1702 4688; x_wconf 74' lang='lat' dir='ltr'><strong>ppouimusO</strong></span> 
     </span>
     <span class='ocr_line' id='line_1_42' title="bbox 422 4693 1699 4770; baseline 0 -16"><span class='ocrx_word' id='word_1_412' title='bbox 422 4699 447 4755; x_wconf 83' lang='lat' dir='ltr'><strong>si</strong></span> <span class='ocrx_word' id='word_1_413' title='bbox 464 4699 475 4753; x_wconf 92' lang='lat' dir='ltr'><strong>i</strong></span> <span class='ocrx_word' id='word_1_414' title='bbox 494 4701 545 4754; x_wconf 86' lang='lat' dir='ltr'><strong>ant</strong></span> <span class='ocrx_word' id='word_1_415' title='bbox 563 4717 582 4752; x_wconf 90' lang='lat' dir='ltr'><strong>n</strong></span> <span class='ocrx_word' id='word_1_416' title='bbox 600 4704 771 4770; x_wconf 79' lang='lat' dir='ltr'><strong>aequatura</strong></span> <span class='ocrx_word' id='word_1_417' title='bbox 848 4701 880 4751; x_wconf 82' lang='grc'><strong>19</strong></span> <span class='ocrx_word' id='word_1_418' title='bbox 900 4694 924 4748; x_wconf 88' lang='lat' dir='ltr'><strong>si</strong></span> <span class='ocrx_word' id='word_1_419' title='bbox 943 4693 1019 4749; x_wconf 87' lang='lat' dir='ltr'><strong>enim</strong></span> <span class='ocrx_word' id='word_1_420' title='bbox 1038 4697 1213 4767; x_wconf 76' lang='lat' dir='ltr'><strong>suntantea,</strong></span> <span class='ocrx_word' id='word_1_421' title='bbox 1233 4698 1366 4752; x_wconf 87' lang='lat' dir='ltr'><strong>dicuntur</strong></span> <span class='ocrx_word' id='word_1_422' title='bbox 1381 4700 1413 4752; x_wconf 88' lang='lat' dir='ltr'><strong>ut</strong></span> <span class='ocrx_word' id='word_1_423' title='bbox 1431 4697 1559 4766; x_wconf 84' lang='lat' dir='ltr'><strong>reliquae</strong></span> <span class='ocrx_word' id='word_1_424' title='bbox 1574 4696 1699 4767; x_wconf 82' lang='lat' dir='ltr'><strong>vocales,</strong></span> 
     </span>
    </p>

    <p class='ocr_par' dir='ltr' id='par_1_14' title="bbox 368 4775 1699 4851">
     <span class='ocr_line' id='line_1_43' title="bbox 368 4775 1699 4851; baseline -0.003 -13"><span class='ocrx_word' id='word_1_425' title='bbox 368 4781 404 4838; x_wconf 86' lang='lat' dir='ltr'><strong>ab</strong></span> <span class='ocrx_word' id='word_1_426' title='bbox 423 4781 492 4836; x_wconf 89' lang='lat' dir='ltr'><strong>urbe</strong></span> <span class='ocrx_word' id='word_1_427' title='bbox 512 4779 549 4835; x_wconf 85' lang='lat' dir='ltr'><strong>ab</strong></span> <span class='ocrx_word' id='word_1_428' title='bbox 567 4779 681 4851; x_wconf 84' lang='lat' dir='ltr'><strong>Illyrico</strong></span> <span class='ocrx_word' id='word_1_429' title='bbox 700 4781 801 4850; x_wconf 83' lang='lat' dir='ltr'><strong>scripsi</strong></span> <span class='ocrx_word' id='word_1_430' title='bbox 820 4779 898 4849; x_wconf 70' lang='lat' dir='ltr'><strong>aprici</strong></span> <span class='ocrx_word' id='word_1_431' title='bbox 917 4777 1056 4833; x_wconf 77' lang='lat' dir='ltr'><strong>Scaurum</strong></span> <span class='ocrx_word' id='word_1_432' title='bbox 1137 4785 1171 4833; x_wconf 76' lang='lat'><strong>20</strong></span> <span class='ocrx_word' id='word_1_433' title='bbox 1191 4779 1227 4834; x_wconf 86' lang='lat' dir='ltr'><strong>ab</strong></span> <span class='ocrx_word' id='word_1_434' title='bbox 1240 4775 1366 4834; x_wconf 72' lang='lat' dir='ltr'><strong>‘urbiano</strong></span> <span class='ocrx_word' id='word_1_435' title='bbox 1387 4779 1452 4834; x_wconf 79' lang='lat' dir='ltr'><strong>Sicu</strong></span> <span class='ocrx_word' id='word_1_436' title='bbox 1472 4778 1593 4834; x_wconf 83' lang='lat' dir='ltr'><strong>alteram</strong></span> <span class='ocrx_word' id='word_1_437' title='bbox 1613 4794 1699 4834; x_wconf 84' lang='lat' dir='ltr'><strong>noen-</strong></span> 
     </span>
    </p>

    <p class='ocr_par' dir='ltr' id='par_1_15' title="bbox 368 4858 1698 5001">
     <span class='ocr_line' id='line_1_44' title="bbox 368 4858 1698 4940; baseline -0.002 -22"><span class='ocrx_word' id='word_1_438' title='bbox 368 4863 424 4919; x_wconf 89' lang='lat' dir='ltr'><strong>lem</strong></span> <span class='ocrx_word' id='word_1_439' title='bbox 439 4860 578 4918; x_wconf 83' lang='lat' dir='ltr'><strong>amittunt</strong></span> <span class='ocrx_word' id='word_1_440' title='bbox 592 4861 616 4916; x_wconf 81' lang='lat' dir='ltr'><em>C</em></span> <span class='ocrx_word' id='word_1_441' title='bbox 632 4863 670 4917; x_wconf 89' lang='lat' dir='ltr'><strong>ab</strong></span> <span class='ocrx_word' id='word_1_442' title='bbox 684 4860 800 4930; x_wconf 89' lang='lat' dir='ltr'><strong>Urbino,</strong></span> <span class='ocrx_word' id='word_1_443' title='bbox 816 4859 839 4914; x_wconf 90' lang='lat' dir='ltr'><strong>si</strong></span> <span class='ocrx_word' id='word_1_444' title='bbox 854 4877 919 4914; x_wconf 87' lang='lat' dir='ltr'><strong>cnm</strong></span> <span class='ocrx_word' id='word_1_445' title='bbox 935 4859 1027 4915; x_wconf 83' lang='lat' dir='ltr'><strong>altero</strong></span> <span class='ocrx_word' id='word_1_446' title='bbox 1041 4858 1142 4928; x_wconf 88' lang='lat' dir='ltr'><strong>vocali,</strong></span> <span class='ocrx_word' id='word_1_447' title='bbox 1158 4859 1328 4940; x_wconf 76' lang='lat' dir='ltr'><strong>amittuntb</strong></span> <span class='ocrx_word' id='word_1_448' title='bbox 1345 4877 1362 4914; x_wconf 87' lang='lat' dir='ltr'><strong>o</strong></span> <span class='ocrx_word' id='word_1_449' title='bbox 1436 4865 1469 4914; x_wconf 78' lang='lat'><strong>21</strong></span> <span class='ocrx_word' id='word_1_450' title='bbox 1490 4860 1523 4913; x_wconf 88' lang='lat' dir='ltr'><strong>nt</strong></span> <span class='ocrx_word' id='word_1_451' title='bbox 1541 4865 1560 4914; x_wconf 77' lang='grc'><strong>1</strong></span> <span class='ocrx_word' id='word_1_452' title='bbox 1577 4861 1698 4916; x_wconf 86' lang='lat' dir='ltr'><strong>nennsia</strong></span> 
     </span>
     <span class='ocr_line' id='line_1_45' title="bbox 368 4940 570 5001; baseline -0.02 0"><span class='ocrx_word' id='word_1_453' title='bbox 368 4940 570 5001; x_wconf 75' lang='lat' dir='ltr'><strong>eimitoreo</strong></span> 
     </span>
    </p>
   </div>
   <div class='ocr_carea' id='block_1_10' title="bbox 0 0 1810 5482">
    <p class='ocr_par' dir='ltr' id='par_1_16' title="bbox 0 0 1810 5482">
     <span class='ocr_line' id='line_1_46' title="bbox 0 0 1810 5482; baseline 0 0"><span class='ocrx_word' id='word_1_454' title='bbox 0 0 1810 5482; x_wconf 95' lang='lat' dir='ltr'><strong> </strong></span> 
     </span>
    </p>
   </div>
  </div>
 </body>
</html>
