3564 5482
330 281 398 348 414
904 281 1080 340 nostrum

329 385 487 436 smum

331 467 522 554 βασιλικῆς,
546 471 625 534 inira
649 490 752 535 muros
776 460 843 536 ὑπὸ
867 466 907 556 τῇ
926 463 1039 552 πόλει,
1062 475 1093 535 in
1112 471 1294 556 parricidam
1313 462 1397 537 κατὰ
1416 463 1678 554 πατροκτόνου,

331 580 371 644 eh
404 583 479 644 iram
515 569 572 643 διὰ
604 571 667 662 τὴν
700 571 826 664 ὀργήν,
861 589 932 664 pest
965 587 1085 664 tempus
1117 601 1199 663 μετα
1232 571 1379 665 χρόνον,
1416 591 1542 666 propter
1579 580 1678 644 illum

333 677 528 768 δι’έιιιτνον,
547 708 626 772 pone
646 687 730 753 illum
750 681 857 754 ὀπίσω
878 685 1027 770 ἐκείνου,
1045 697 1167 773 praeter
1186 709 1234 754 me
1254 681 1419 773 παρεκτὸς
1437 687 1537 774 ἐμοῦ,
1556 688 1677 754 subtus

332 797 445 862 lectum
469 788 534 862 ὑπὸ
563 819 627 880 την
655 797 793 881 κλίνην,
823 797 880 862 sub
905 797 1042 863 umbram
1064 788 1131 862 ὑπὸ
1157 791 1273 880 σκιάν,
1301 817 1394 882 super
1417 799 1525 864 collem
1550 791 1677 864 έιιάνω

334 901 388 972 ἐπὶ
411 903 473 971 τοῦ
495 904 644 989 βουνοῦ,
669 926 759 991 supra
784 909 937 972 fortunam
960 897 1045 991 ὑπὲρ
1068 899 1131 990 τὴν
1154 902 1276 991 τύχην,
1300 916 1384 971 treus
1403 906 1538 972 Tiberim
1557 903 1676 994 πέραν
1711 921 1726 961 ⁵

333 1011 395 1078 τοῦ
423 1011 603 1099 Τιβέρεως,
628 1035 724 1099 usque
749 1016 785 1079 ad
808 1034 891 1080 mare
915 1011 1012 1100 μέχρι
1035 1007 1229 1099 θαλάσσης,
1254 1015 1332 1079 nltra
1351 1025 1480 1080 aetatem
1498 1007 1584 1100 ὑπὲρ
1603 1010 1677 1100 τὴν

334 1115 482 1208 plenam
515 1122 649 1207 eblatlrl,
681 1143 754 1208 prae
782 1123 861 1188 bello
890 1115 947 1188 διὰ
976 1121 1038 1188 τοῦ
1066 1119 1231 1208 πολέμου,
1264 1126 1330 1188 sinc
1359 1145 1455 1208 puero
1479 1120 1582 1210 χωρὶς
1604 1121 1678 1190 τοῦ

334 1225 472 1315 παιδός,
515 1243 604 1296 tenus
641 1232 722 1316 pube
760 1229 857 1318 μέχρι
898 1223 998 1316 ἥβης,
1040 1252 1229 1318 communes,
1273 1234 1318 1315 [in
1360 1235 1542 1317 parricidam
1583 1211 1678 1299 κατὰ

335 1335 584 1426 πατροκτόνον]
609 1345 641 1406 in
665 1361 737 1424 agro
761 1337 799 1406 έν
823 1334 931 1430 ἀγρῷ,
954 1345 986 1406 in
1006 1361 1112 1424 agrum
1132 1340 1180 1419 εἰς
1198 1334 1321 1426 ἀγρόν,
1347 1363 1440 1428 super
1455 1343 1574 1408 Priamo
1594 1339 1678 1427 saepi

338 1443 515 1536 Πριάμου,
538 1471 632 1535 super
657 1451 764 1516 collem
789 1443 902 1514 έιτάνω
924 1447 1076 1534 βουνοῦ,
1105 1449 1162 1514 suh
1191 1460 1271 1514 tecto
1301 1442 1368 1517 ὑπὸ
1395 1451 1436 1538 τῇ
1466 1449 1583 1540 στέγη,
1613 1453 1678 1517 suh
1697 1467 1726 1506 1⁰

339 1559 478 1625 umbram
501 1551 568 1624 ὑπὸ
591 1552 655 1643 τὴν
678 1551 788 1625 σκιάν.
836 1557 934 1622 serbis
958 1568 1060 1622 autem
1088 1567 1230 1642 aptantur
1258 1559 1328 1644 hoe,
1356 1581 1389 1624 es
1417 1551 1483 1625 ἀπό
1512 1562 1679 1644 espellere,

337 1668 367 1732 di
393 1661 451 1732 διά
474 1668 632 1751 diducere,
656 1668 703 1732 die
728 1659 785 1731 διά
809 1667 952 1751 disicere,
975 1687 1011 1732 co
1035 1660 1101 1731 σύν
1125 1674 1279 1751 coemere,
1303 1688 1359 1732 con
1379 1663 1462 1753 μετά
1480 1681 1678 1754 convertere,

339 1797 371 1842 se
396 1769 454 1842 eet
480 1795 655 1861 secernere,
680 1797 713 1840 re
737 1767 818 1861 μετά
842 1795 984 1840 revocare
1009 1828 1015 1841 .
1041 1779 1121 1840 inter
1150 1796 1200 1840 ees
1232 1797 1308 1859 quae
1337 1789 1464 1844 accentu
1493 1789 1610 1843 mutate
1639 1783 1678 1842 in

341 1887 482 1952 adverbia
505 1887 618 1950 cedunt
641 1887 696 1949 hae
721 1897 806 1963 sunt,
835 1887 912 1949 inira
937 1887 1017 1949 intra
1040 1905 1131 1969 supre
1162 1886 1239 1949 ultra
1263 1889 1338 1950 citro
1362 1889 1442 1952 eirca
1463 1891 1545 1952 iuxta
1565 1899 1678 1953 contre

340 1997 448 2061 subtus
473 2015 574 2059 coram
598 2003 667 2058 ante
691 2003 768 2077 post
1696 2012 1724 2051 rs

433 2105 466 2170 ln
494 2106 677 2187 praepositio
706 2103 853 2186 significat
883 2104 970 2166 mede
1000 2105 1028 2166 ld
1059 2103 1140 2186 quod
1169 2114 1217 2166 est
1245 2103 1328 2167 valde
1357 2116 1388 2168 et
1418 2107 1475 2168 rim
1503 2106 1589 2168 verbi
1623 2111 1679 2170 cui

340 2215 538 2297 praeponitur
561 2222 667 2296 auget,
691 2221 725 2276 ut
748 2213 900 2294 increpuit
923 2214 1072 2276 insonuit:
1097 2211 1237 2294 Virgilius
1289 2231 1294 2243 ·

549 2321 699 2384 Turnus
724 2329 762 2382 ut
785 2321 967 2384 infractos
990 2321 1144 2384 adverso
1168 2321 1281 2385 llarte
1304 2321 1463 2385 Latinos.

343 2431 431 2494 modo
450 2431 599 2512 significat
618 2430 696 2494 idem
716 2430 796 2513 quod
817 2449 877 2492 non
897 2433 1006 2493 etnim
1026 2430 1110 2494 rerbi
1129 2432 1293 2514 imminuit,
1314 2440 1348 2494 ut
1365 2429 1524 2494 invalidus.
1547 2435 1681 2514 ponitur

342 2552 373 2605 et
396 2559 451 2624 pro
475 2560 512 2604 eo
536 2539 616 2622 quod
640 2550 689 2602 est
712 2541 806 2622 iuter,
830 2549 864 2603 ut
1697 2556 1726 2596 ae

509 2648 745 2713 Penthesilea
770 2649 898 2712 iurene
922 2647 1125 2731 mediisque
1149 2651 1185 2712 in
1210 2648 1360 2713 milibus
1385 2649 1490 2712 ardet

343 2769 373 2822 el

534 2876 596 2930 eut
618 2865 739 2949 Capyn
764 2876 825 2931 eut
849 2866 961 2930 celsis
986 2869 1021 2930 in
1044 2865 1230 2950 puppibus
1254 2849 1350 2930 arma
1375 2867 1483 2932 Caici.

344 2980 467 3060 ponitur
492 2986 601 3059 cipro
625 2976 783 3060 adversus,
808 2979 866 3054 uti

553 3084 638 3167 quid
663 3103 763 3148 meus
787 3087 926 3149 Aeneas
950 3087 985 3148 in
1010 3093 1044 3149 te
1069 3089 1297 3150 committere
1322 3096 1460 3150 tantum
1698 3102 1724 3144 τι

345 3203 376 3260 cl

634 3305 713 3384 ipse
737 3303 824 3366 deos
848 3306 886 3366 in
904 3303 1075 3372 ,Dardana
1099 3307 1257 3368 suscitet
1281 3323 1384 3367 arma.

346 3415 469 3496 ponitur
493 3422 524 3474 et
547 3429 602 3493 pre
627 3411 715 3473 modo
741 3412 906 3493 qualitatis,
930 3421 964 3475 ut

1043 3541 1148 3604 quem
1172 3520 1284 3604 pellis
1307 3525 1408 3585 aenis

569 3635 604 3693 in
625 3634 786 3733 plumam
809 3633 970 3713 squamis
994 3650 1081 3694 auro
1105 3640 1279 3694 conserta
1304 3631 1454 3712 tegebat
1702 3649 1726 3691 ιι

439 3833 745 3905 Codexsaeeatieneie.
787 3828 1170 3907 1πατρσιιόνον]ιιροςιιοιιη
1245 3835 1326 3890 idco
1341 3854 1375 3904 τη
1390 3852 1456 3906 οργτ
1530 3837 1683 3912 Ηλένην]

348 3937 434 3986 καινη
508 3921 576 3971 dre
598 3915 686 3986 βοννο
759 3913 852 3984 πέραν
870 3915 921 3971 τοῦ
943 3912 1085 3990 Τιβέρεως
1104 3929 1154 3969 om.
1234 3916 1393 3978 8ιταιοιβος
1471 3915 1627 3972 communie
1646 3917 1685 3974 in

347 3999 494 4073 persidem
578 4001 612 4052 10
631 3995 664 4069 τῇ
685 3993 782 4070 στέγη]
803 4003 890 4067 epesi]
976 4000 1007 4051 11
1030 3995 1133 4064 optant
1151 3993 1223 4050 haec
1302 4001 1335 4052 12
1355 3995 1488 4054 dissicere
1562 4001 1595 4052 1³
1614 4001 1684 4069 eu]

348 4098 384 4138 ee
452 4080 551 4152 supre]
571 4079 671 4134 subire
742 4085 773 4134 17
789 4075 914 4148 iuerupil
985 4073 1279 4146 asserendorum
1354 4083 1387 4134 19
1402 4077 1567 4150 preponitur
1639 4085 1684 4136 20

347 4165 380 4218 ut
398 4162 428 4217 iu
446 4161 625 4233 penthesilea
697 4166 731 4216 22
752 4162 782 4216 et
799 4175 850 4214 οιιι.
924 4157 1159 4215 eecelsuecorr.
1180 4157 1257 4214 —is
1329 4164 1364 4214 29
1384 4178 1469 4232 quem
1492 4160 1574 4232 pellis
1597 4161 1685 4218 aenis

348 4245 400 4316 (vel
418 4275 454 4286 -
472 4245 533 4313 nes)
553 4243 679 4315 squamis
752 4248 787 4298 30
806 4241 924 4312 tegebat
942 4255 986 4296 ree
1004 4243 1093 4309 etque
1111 4239 1194 4295 huius
1214 4239 1243 4295 iu
1261 4237 1365 4297 taciem

440 4441 568 4504 δπεροιν
587 4453 638 4504 την
657 4435 780 4508 τνβερητ
798 4429 991 4487 iramtiberim
1015 4433 1021 4500 Ι
1048 4449 1130 4502 μεχρι
1156 4433 1305 4502 &clepone
1332 4449 1420 4504 nsque
1448 4449 1526 4490 mare
1550 4433 1588 4489 M
1664 4443 1684 4494 'l

349 4516 470 4575 abletiui
489 4531 571 4572 cesus
590 4517 658 4571 snut
678 4515 716 4570 M
786 4509 835 4570 διὰ
855 4509 907 4568 τὸν
925 4509 1050 4584 πόλεμον
1070 4513 1206 4584 Ηορσιιιισ
1279 4533 1364 4585 ροιρις
1382 4533 1432 4569 τοο
1451 4517 1570 4571 ιιοιιδιοο
1590 4515 1628 4570 rid

352 4607 383 4656 ιι
404 4598 497 4656 umbis
516 4599 653 4669 aptantur
672 4615 730 4651 ατο
749 4613 780 4652 aa
799 4593 937 4665 sepeliere
958 4593 996 4649 M
1080 4601 1113 4650 16
1132 4594 1164 4650 ln
1183 4594 1370 4667 praepositio]
1391 4593 1484 4651 Dicere.
1499 4599 1639 4667 pinel

352 4685 385 4736 18
404 4678 528 4751 Turnus]
554 4677 633 4748 Verp.
654 4683 724 4734 Aen.
746 4677 853 4732 xrlz
937 4681 970 4731 21
992 4675 1184 4750 Penthesilea]
1211 4675 1289 4748 Verp.
1309 4677 1378 4731 Aen.
1400 4677 1491 4732 1491
1574 4681 1607 4732 2³
1627 4683 1688 4736 suc

352 4760 460 4834 Capyn]
486 4759 565 4830 Verp.
586 4762 655 4815 Aen.
677 4761 699 4814 I
716 4764 772 4816 183
846 4763 880 4812 25
900 4756 969 4830 qnid
989 4758 1080 4831 meus]
1107 4757 1185 4830 Verp.
1202 4759 1271 4814 Aen.
1288 4757 1309 4813 I
1321 4761 1377 4814 231
1453 4763 1487 4814 er
1502 4755 1575 4830 ipse]
1597 4755 1685 4834 Ver-9.

350 4843 421 4898 Aere.
442 4841 485 4896 II
502 4847 559 4898 618
631 4847 666 4897 29
686 4856 769 4912 quem
789 4838 884 4912 pellis]
909 4837 988 4911 Ver-p.
1008 4841 1078 4895 Aen.
1100 4838 1155 4895 XI
1171 4843 1228 4896 770

16 5034 25 5428 l
263 5420 425 5428 -
