3590 5486
594 335 645 392 Du
664 335 763 394 ARTE
784 334 953 394 ttuumca
1380 335 1447 402 245

105 455 126 493 p.
141 441 204 484 2³87.
219 441 247 483 ⁶8
261 441 286 482 P.

105 527 163 590 luo'c
184 527 363 611 discretum,
383 525 413 588 ul
433 534 480 588 est
498 527 679 608 interposito
695 524 788 588 verbo
804 521 862 588 ‘est
882 519 1118 606 animata'pnon
1134 523 1216 606 quod
1235 525 1310 589 haec
1328 543 1449 608 semper

105 634 263 699 observari
290 653 416 700 necesse
440 637 494 718 sit,
514 633 570 698 'sed
595 637 679 718 quia,
704 653 774 697 oum
795 629 800 716 Ι
821 634 912 716 liunt,
936 632 1039 695 decori
1063 635 1132 696 sint
1172 651 1241 697 nam
1266 644 1296 724 et
1314 633 1448 716 Prosper

105 751 223 808 mutato
246 743 306 808 hoc
329 743 437 808 ordino
462 744 534 807 lecit
557 761 679 806 uersum
703 742 970 824 decentissimum,

270 831 434 918 moribus
456 855 494 916 in
517 855 658 916 sanctis
681 851 838 935 pulchra
861 858 919 915 est
944 849 1145 913 concordia
1167 852 1285 933 pacis,

65 965 234 1028 totitem
965 953 969 961 ’

270 1071 329 1142 lex
351 1079 503 1136 aeterna
527 1071 585 1135 dei
609 1069 735 1135 stabili
760 1070 857 1151 regit
880 1071 999 1133 omnia
1022 1051 1136 1132 nutu

326 1199 394 1244 nec
417 1183 519 1244 uario
542 1187 659 1242 mutat
683 1187 848 1260 tempore
872 1177 1087 1260 consilium3
1149 1229 1151 1234 .
1355 1259 1357 1263 ,

105 1299 137 1352 et
161 1287 321 1372 Lucanus,
348 1297 437 1371 poeta
461 1299 635 1372 veteranus,
664 1285 802 1350 Caesaris
825 1294 857 1349 et
879 1285 1005 1369 Pompei
1028 1284 1143 1374 proelia
1167 1269 1378 1370 descripturus
1402 1291 1444 1352 ita

105 1399 229 1480 incipit,

70 1525 94 1564 u
272 1505 367 1569 bella
389 1525 455 1589 per
477 1503 666 1568 Emathios
689 1503 774 1585 plus
797 1520 902 1584 quam
927 1500 1054 1564 cirilla
1077 1484 1223 1585 campos

270 1620 404 1697 iusque
428 1614 550 1678 datum
575 1611 710 1675 sceleri
734 1611 899 1675 canimus
922 1608 1171 1692 populumque
1195 1597 1395 1694 potentem'

146 1705 151 1714 ’
270 1725 307 1786 iu
331 1741 398 1786 sua
422 1723 573 1786 uictrici
597 1738 814 1784 conversum
837 1721 980 1782 viscera
1004 1717 1140 1783 dextra.

270 1849 419 1913 cumque
444 1829 602 1913 superba
625 1828 724 1891 loret
746 1826 906 1908 Babylon
930 1825 1120 1908 spolianda
1144 1832 1308 1912 tropaeis
1396 1891 1404 1910 ,

269 1942 444 2004 Ausoniis
469 1937 670 2019 umbraque
693 1944 840 1999 erraret
863 1933 1018 1998 Crassus
1042 1935 1176 2020 inulta,

270 2047 368 2112 bella
390 2050 468 2130 geri
492 2047 633 2130 placuit
657 2044 778 2108 nullos
801 2043 975 2107 habitura
999 2044 1217 2128 triumphos.
1278 2113 1285 2120 ,

283 2222 333 2280 Dlt
353 2191 624 2301 acaustomvs
644 2220 728 2278 stru
748 2219 928 2286 onustius
947 2219 1094 2278 VERSVS
1113 2221 1267 2280 HEROIOE
1347 2239 1350 2246 ·

197 2357 398 2421 Soanslonum
413 2364 514 2432 autem
530 2357 561 2418 in
576 2353 715 2418 uersibus
730 2363 801 2417 sunt
816 2354 934 2437 specics
949 2361 1102 2438 quattuor,
1112 2356 1283 2433 coniuncta,
1293 2356 1443 2442 districta,

104 2470 212 2550 mista,
230 2465 334 2528 divisa
372 2465 547 2548 coniuncta,
571 2481 649 2546 quae
668 2465 780 2527 ceteris
799 2460 977 2526 laudabilior
995 2461 1135 2546 habetur,
1154 2462 1203 2527 illa
1223 2473 1279 2548 est,
1299 2463 1352 2528 ubi
1370 2484 1442 2529 nus·

105 2594 197 2659 quam
221 2593 276 2658 pes
300 2591 370 2637 carm
394 2569 485 2651 verbo
510 2572 623 2656 linitur,
647 2581 682 2635 ut

68 2697 92 2738 u
273 2679 479 2746 immortale
503 2679 596 2742 nihil
619 2679 745 2743 mundi
768 2697 941 2762 compage
965 2687 1126 2743 tenetur.
1231 2674 1242 2686 '

56 2829 62 2850 ·
105 2793 259 2876 districta,
283 2791 335 2855 ubi
359 2787 545 2853 resbacum
569 2788 698 2872 pedibus
723 2790 935 2872 terminantur,
959 2796 994 2858 ut

270 2899 441 2963 hauctus
466 2909 565 3003 sunt,
592 2898 685 2961 bona
709 2906 810 2980 sunt,
839 2900 923 2978 quia
954 2909 990 2962 ιιι
1013 2898 1132 2963 honus
1156 2901 1274 2962 omnia
1298 2902 1444 2987 condis,

105 3029 196 3092 quam
226 3009 456 3072 versificationis
484 3008 628 3089 speciem·
646 3007 800 3070 rarissime
830 3007 955 3070 invenis.
994 3026 1063 3070 nam
1088 3009 1145 3071 etsi
1174 3026 1236 3071 nou
1264 3018 1334 3091 post
1364 3009 1441 3074 duos

105 3118 235 3182 veltres
255 3117 348 3198 pedes
367 3115 480 3199 syllaba
499 3115 700 3199 superfuerit,
722 3113 801 3196 qttnd
821 3115 1087 3196 penthemimerin
1107 3099 1138 3178 et
1156 3115 1442 3200 ltepltthemimcrim

68 3235 225 3308 evocant,
249 3235 333 3290 ratus
357 3225 462 3289 haberi
486 3241 591 3287 uersus
611 3225 732 3307 nequit,
754 3225 834 3287 sicut
857 3223 907 3287 hio
929 3234 1000 3306 post
1023 3224 1100 3288 duos
1124 3225 1217 3308 pedes
1240 3221 1345 3311 ‘sunt',
1370 3237 1439 3310 post

106 3343 168 3397 tres
192 3328 251 3397 ‘tu'
275 3341 424 3417 superest.
462 3333 554 3396 mixta
578 3339 625 3396 est
652 3333 771 3395 scansio
801 3350 878 3414 quae
903 3341 1067 3414 utrumque
1097 3335 1128 3398 in
1157 3352 1190 3396 se
1219 3333 1323 3420 hahet,
1348 3346 1381 3400 ut
1410 3339 1440 3401 in

106 3441 287 3524 quibusdam
311 3443 506 3524 coniunctus,
529 3443 561 3503 in
584 3438 766 3523 quibusdam
780 3457 861 3502 ¹roro
887 3450 1044 3523 separatus
1068 3443 1108 3505 sit
1132 3461 1252 3529 versus,
1277 3454 1326 3507 ut.

269 3549 374 3614 nobis
398 3559 500 3613 certa
524 3549 620 3612 lides
645 3558 817 3611 aeternae
841 3549 879 3612 in
902 3548 1050 3612 saecula
1073 3549 1196 3614 laudis

70 3650 138 3805 utet
269 3730 452 3825 pacificus
476 3729 564 3793 deus
587 3732 623 3793 in
648 3747 838 3792 numerum
862 3732 892 3792 sl
916 3729 1032 3812 prolis
1056 3697 1213 3813 adoptat

106 3841 197 3904 divisa
228 3847 289 3924 est,
316 3840 369 3903 ubi
397 3841 488 3923 primi
517 3847 579 3901 tres
608 3837 700 3920 pedes
729 3839 920 3902 concatenati
948 3841 1028 3902 inter
1057 3857 1090 3901 se
1115 3857 1132 3900 a
1154 3838 1280 3922 reliquis
1309 3842 1439 3923 pedihus

23 3987 24 3992 κ
107 3951 238 4032 separati
261 3957 347 4031 sum,
371 3957 406 4010 ut

268 4055 352 4120 inde
376 4054 434 4119 dui
457 4057 627 4138 genetrix
649 4055 707 4136 pla
732 4057 834 4137 virgo
858 4054 969 4118 Maria
993 4066 1180 4135 coruscat,

196 4257 231 4309 18
251 4249 437 4308 scansionum
451 4253 595 4318 ⁴246st
614 4247 732 4304 verbum
752 4247 855 4306 Victor.
875 4249 909 4306 de
926 4250 1034 4307 mum.
1053 4254 1119 4319 214,
1134 4254 1174 4307 23
1193 4250 1303 4307 Audon.
1322 4268 1379 4309 cuc.
1398 4257 1439 4310 20
1520 4275 1522 4280 ·

196 4438 211 4488 t
232 4430 262 4487 u
282 4434 327 4489 au
344 4448 395 4488 uu
415 4430 448 4500 Ρ,
468 4429 571 4500 auup
618 4413 627 4427 ‘
662 4426 794 4485 sueoou
814 4428 871 4485 aaut
889 4429 916 4485 n
935 4429 1031 4487 aeeon
1050 4428 1089 4485 uc
1107 4425 1139 4484 n
1155 4427 1265 4485 oeoorn
1284 4429 1323 4485 su
1342 4429 1374 4486 n
1390 4431 1438 4489 oe-

107 4513 259 4573 corellus
292 4517 294 4520 '
337 4512 492 4571 teiitem
511 4508 574 4566 Fu
593 4506 745 4566 etiterum
765 4508 793 4563 P
872 4509 1440 4568 ineonoriomnintFLnecmntnt

108 4593 183 4652 uario
204 4593 256 4654 ςΡ
327 4601 360 4651 tt
379 4593 497 4651 dextera
515 4591 548 4649 F
619 4597 652 4648 to
671 4591 811 4648 heb'etnru
830 4589 862 4648 F
932 4597 965 4648 17
985 4592 1114 4648 districta
1132 4591 1164 4648 F
1179 4590 1315 4647 distinctu
1334 4591 1360 4646 L
1380 4591 1438 4648 dis·

107 4675 203 4733 iuncte
222 4675 274 4736 ςΡ
344 4681 378 4732 18
397 4693 552 4747 numquam
571 4676 621 4736 en
704 4679 738 4729 21
758 4673 889 4729 districta
909 4671 971 4728 FP
985 4671 1121 4729 distincta
1141 4672 1167 4728 L
1186 4672 1364 4732 disiunctas

100 4760 141 4822 ,ιι
160 4756 316 4828 qo..tuI⁴',
335 4773 406 4815 corr.
422 4758 490 4829 qnia
508 4760 577 4828 ins
645 4765 680 4814 ιι
699 4754 826 4814 invenies
846 4755 897 4814 ςΡ
967 4753 1022 4810 etsi
1040 4769 1097 4810 non
1117 4753 1243 4822 LPfet
1260 4769 1317 4810 nnn
1337 4752 1369 4809 F

108 4887 142 4937 ιι
160 4835 301 4942 meunt
319 4883 347 4940 P
407 4889 441 4941 ιι
461 4900 529 4942 vero
548 4902 599 4943 otu.
615 4884 642 4940 L
706 4891 742 4943 80
759 4881 895 4957 pacificus
911 4880 976 4951 Pss
993 4879 1128 4952 pacificos
1147 4877 1214 4935 Μ’*
1276 4879 1440 4955 si]sibi1¹⁷
