3590 5486
598 336 647 394 DE
667 335 964 394 ouuuonuarflm
1101 335 1110 354 ⁸
1381 332 1444 400 191

108 447 132 487 n
147 437 210 482 rora
224 437 237 480 r
251 435 278 479 r.

110 542 209 588 novus
237 507 314 587 nora
337 541 463 606 novum,
493 541 600 587 merus
630 543 716 589 saera
746 543 883 610 sacrum,
914 542 1026 588 currus
1060 539 1153 586 curva
1180 541 1322 607 currum,
1350 521 1455 585 buirus

16 671 20 679 ·
109 632 197 696 balva
224 631 359 715 bairum,
386 641 492 695 torvus
516 640 601 696 torva
625 644 760 718 torvum,
791 635 893 698 clarus
917 632 998 696 clara
1023 632 1155 714 clarum,
1169 630 1255 694 'licet
1282 630 1369 694 aliam
1398 648 1454 712 per

110 760 224 824 genera
254 741 504 822 significationem
534 744 718 826 suscipiunt3
754 761 828 830 arus
860 743 941 824 aria,
976 759 1086 804 cerrus
1116 759 1220 823 cerva,
1256 740 1340 803 ierus
1379 740 1455 821 iava,

110 848 366 938 quamsimiliter
393 848 470 912 aiter
497 831 681 914 multocius
696 852 850 935 sequitur,
884 852 943 914 uisi
968 850 1146 914 femininum
1169 849 1363 912 discretionis
1386 866 1452 928 gra·

82 961 152 1020 ⁵tia
180 975 237 1040 per
263 957 284 1020 b
312 967 427 1022 mumm
456 957 641 1021 voluerimus
671 956 822 1042 scribere;
858 957 960 1022 cairus
988 957 1151 1022 oairarium
1181 967 1212 1020 et
1239 975 1350 1019 coruus
1384 975 1454 1038 pro·

111 1067 262 1162 macutum
286 1075 318 1151 et
339 1066 390 1130 bic
413 1075 444 1130 et
467 1065 542 1130 bace
566 1065 668 1132 clarus
693 1067 822 1130 aiterum
845 1085 901 1149 per
925 1085 1022 1149 genus
1046 1067 1232 1148 significans:
1263 1064 1338 1129 orbo
1362 1063 1453 1146 gibbo
1559 1139 1563 1148 1

110 1173 208 1256 probo
227 1174 387 1240 subductis
405 1195 423 1239 a
441 1175 560 1260 regula,
585 1175 651 1239 albo
671 1178 763 1246 etiam
782 1175 976 1239 discretionis
994 1177 1098 1256 gratia.
1137 1191 1206 1238 nam
1225 1192 1296 1238 curu
1315 1182 1453 1237 reutrem
1546 1198 1561 1227 ι

111 1283 275 1368 significat,
304 1303 360 1367 per
387 1283 559 1366 digammon
587 1305 619 1368 r,
655 1302 725 1348 euru
754 1285 902 1367 ociorem,
930 1303 986 1367 per
1015 1283 1034 1344 b
1064 1292 1178 1346 mutam
1207 1281 1359 1346 scribetur
1388 1301 1453 1344 cer·

112 1393 238 1456 tissime.
269 1393 427 1456 sciendum
446 1393 586 1456 similiter
606 1393 687 1475 quod
707 1392 756 1456 bic
777 1411 898 1475 quoque
918 1391 1133 1474 disyllaborum
1153 1395 1327 1474 superantia
1347 1409 1452 1454 nume-

71 1515 97 1556 ro
112 1486 180 1563 rum
209 1500 337 1564 eandem
366 1503 550 1584 scripturam
579 1520 640 1564 non
668 1503 833 1584 retineant,
869 1511 904 1565 ut
927 1499 1086 1584 'superbus
1113 1500 1245 1583 superba
1276 1498 1453 1582 superbum,

97 1598 241 1673 ¹acerbus
270 1609 379 1674 acerba
407 1609 550 1673 acerbum
575 1618 606 1672 et
632 1607 795 1692 palumbus
818 1612 1007 1693 promiscue,
1037 1608 1109 1674 ltcet
1132 1607 1283 1691 Vergilius
1306 1608 1453 1670 feminino

112 1735 226 1798 penus
250 1718 408 1802 extulerit,

237 1907 244 1920 ·
274 1846 341 1891 nec
365 1837 484 1891 tamen
507 1829 652 1891 interea
676 1845 821 1912 raucae,
844 1837 906 1892 trra
930 1828 1034 1911 cu'ra,
1057 1826 1257 1911 palumbae.

110 1937 262 2019 excipitur
281 1945 460 2019 protervus:
480 1937 485 2014 Ι
507 1955 575 1999 nam
594 1936 725 2001 iascirus
739 1956 795 2020 per
815 1957 831 1999 r
850 1936 1004 2016 scribitur,
1028 1939 1172 2020 quoniam
1191 1936 1310 2016 tongam
1329 1943 1449 1997 natura·

203 2117 217 2167 1
239 2127 323 2168 cauus
338 2126 407 2167 seua
420 2127 522 2167 senum
536 2126 636 2167 ceruus
650 2127 737 2167 coron
750 2128 868 2169 ceruum
886 2112 988 2169 uolnus
1007 2110 1095 2168 natue
1112 2109 1231 2168 nulnum
1249 2111 1349 2167 torum
1368 2107 1453 2164 toruo

109 2197 225 2250 toruum
244 2195 287 2264 (ot¹
303 2191 370 2250 cdd.
388 2189 428 2262 Β)
447 2191 546 2248 oleum
565 2192 649 2248 claua
674 2192 789 2249 clauum
808 2191 900 2249 ABG
917 2209 1002 2250 aeuus
1025 2209 1095 2249 sona
1118 2209 1218 2250 senum
1242 2209 1343 2250 ceruus
1366 2205 1453 2246 cerua

109 2290 213 2330 coruus
237 2289 326 2331 curua
349 2289 468 2330 curuum
492 2276 591 2331 toruos
614 2277 699 2332 torua
720 2277 836 2331 tornum
860 2279 890 2333 et
913 2274 1012 2331 clauus
1035 2274 1120 2332 claua
1143 2274 1294 2334 cinnama
1317 2278 1342 2329 et
1366 2271 1452 2328 codex

108 2353 264 2412 Bernerrsis
282 2357 341 2412 243
427 2359 444 2410 2
464 2353 523 2410 ulia
540 2357 569 2412 A
588 2354 647 2412 alia
664 2355 746 2416 Boe
833 2363 850 2412 3
869 2373 940 2414 auus
961 2375 1017 2415 aas
1036 2375 1140 2415 curans
1159 2372 1248 2413 curus
1266 2355 1357 2413 ileum
1375 2352 1451 2410 flaua

108 2453 197 2509 quam
216 2435 246 2490 A
268 2451 339 2493 suus
363 2433 431 2492 auia
455 2452 556 2492 carnus
579 2438 675 2495 cornia
698 2435 788 2493 mnus
812 2437 900 2495 danic
921 2457 1009 2511 quam
1026 2439 1056 2496 Β
1079 2457 1151 2497 cunr
1174 2455 1230 2496 aaa
1247 2453 1348 2494 aarum
1365 2449 1452 2492 cerua

108 2515 201 2574 dauns
220 2515 297 2574 flaua
315 2533 402 2588 quam
422 2515 447 2572 0
527 2522 543 2573 d
563 2517 662 2575 calam
680 2517 828 2575 calumum
846 2519 876 2576 Β
895 2519 994 2576 clauus
1014 2519 1171 2595 calmrinm
1189 2521 1218 2576 A
1237 2518 1336 2575 clauus
1355 2516 1450 2573 claua·

108 2599 184 2656 rium
201 2597 226 2656 0
242 2614 313 2656 corr.
329 2595 429 2654 caium
443 2595 601 2654 calcarium
619 2616 647 2672 c,
667 2599 766 2657 calcus
781 2599 865 2657 caluo
883 2615 900 2660 s
974 2607 990 2658 s
1010 2601 1108 2658 clauus
1122 2599 1183 2658 BG
1200 2600 1299 2658 clabos
1319 2600 1347 2655 A
1367 2596 1450 2653 aluus

90 2696 124 2736 ,ο
141 2685 168 2738 et
187 2678 290 2737 Carrio
376 2677 478 2754 gibbo]
502 2677 574 2752 pitin
593 2680 622 2736 Β
709 2688 727 2739 8
751 2680 894 2754 signiflost
914 2678 938 2737 0
958 2681 1122 2754 significant
1139 2683 1167 2738 A
1189 2679 1331 2754 significet
1349 2678 1378 2734 B

109 2766 126 2817 a
146 2759 237 2834 qnod]
252 2777 307 2832 qus
321 2760 350 2815 Β
407 2761 630 2836 iuscriptnram
644 2763 789 2821 retineant
801 2763 829 2819 Β
849 2761 1019 2834 scriptoram
1038 2765 1157 2820 teneam
1171 2761 1231 2817 Ao
1284 2767 1327 2816 11·
1338 2759 1451 2832 palum·

108 2842 159 2899 bos
177 2842 339 2914 promiscuo
354 2841 456 2900 Carrio
513 2850 551 2912 18¹
565 2845 658 2901 nuc&
672 2861 796 2902 aarum
813 2845 968 2920 palumbae
986 2845 1015 2900 A
1033 2860 1137 2902 mucce
1151 2845 1204 2900 tus
1217 2858 1319 2900 cauere
1337 2841 1448 2914 polum·

109 2925 163 2982 bas
183 2922 209 2981 G
279 2923 431 2996 palumbes
451 2923 553 2981 Carrio

575 3189 762 3264 usnrrnu
782 3207 831 3264 nn
852 3171 988 3264 nuru

109 3395 220 3441 cerrus
247 3393 350 3460 cerva,
385 3376 470 3438 farus
499 3373 578 3456 sava,
611 3395 701 3460 quam
730 3377 870 3440 similiter
899 3376 976 3440 alter
1004 3376 1176 3440 intellectus
1205 3377 1357 3458 sequitur,
1391 3375 1450 3435 nisi

108 3485 289 3548 femininum
316 3483 509 3546 discretionis
537 3488 634 3567 gratia
661 3505 717 3569 per
744 3485 764 3548 b
798 3494 913 3549 mutam
945 3485 1128 3549 voluerimus
1161 3484 1310 3566 scribere3
1343 3467 1446 3546 cairus

109 3593 273 3657 calvarium
301 3601 333 3656 et
360 3609 469 3654 corvus
495 3595 668 3673 promiscue
698 3602 729 3657 et
758 3594 806 3656 bic
839 3604 869 3657 et
897 3593 971 3656 baec
996 3594 1097 3656 clarus
1121 3592 1249 3656 alterum
1273 3610 1329 3674 per
1351 3610 1448 3673 genus

108 3704 296 3785 significans:
324 3697 399 3763 orbo
426 3699 518 3782 gibbo
545 3701 643 3784 probo
667 3701 825 3765 subductis
854 3700 1013 3785 aregula,
1041 3701 1109 3764 albo
1132 3705 1224 3765 etiam
1254 3701 1448 3765 discretionis

83 3814 214 3892 ὅρηαι.
253 3827 323 3872 narn
342 3817 567 3872 cumrentrem
592 3811 756 3893 significat,
779 3828 834 3892 per
856 3809 1028 3892 digammon
1048 3829 1075 3894 r,
1099 3829 1168 3874 curn
1188 3810 1331 3896 coinrem,
1353 3808 1447 3894 pcrb

107 3929 223 3982 mutam
247 3915 398 3979 scribetur
422 3919 601 3981 certissImc.
638 3919 796 3982 sciendum
819 3917 960 3986 similitor
983 3918 1063 4000 quod
1097 3919 1146 3982 hic
1175 3938 1299 4001 quoque
1328 3917 1445 4001 disylla-

107 4025 219 4109 borum
242 4027 417 4107 superantia
440 4042 601 4088 numerum
626 4025 752 4088 eandem
776 4028 959 4109 scripturam
981 4045 1043 4090 non
1066 4029 1213 4111 retinent,
1236 4035 1271 4090 ut
1295 4027 1447 4110 superbus
1562 4089 1571 4097 ,

93 4132 241 4218 'superba
264 4132 445 4220 superbum,
468 4131 598 4198 acerbus
621 4132 730 4197 acerba
753 4135 897 4198 acerbum
922 4145 954 4199 et
976 4135 1137 4218 palumbus
1160 4138 1348 4220 promiscue,
1376 4127 1447 4198 licet

107 4241 259 4328 Vergilius
283 4243 428 4307 feminino
451 4263 563 4326 genero
588 4245 696 4309 extulit
788 4321 791 4328 .

72 4363 96 4404 1⁰
274 4368 340 4415 noc
363 4361 483 4417 tamen
507 4354 653 4417 interca
676 4371 822 4438 raucae,
840 4362 901 4418 tua
926 4371 1028 4436 cura,
1051 4353 1249 4436 palumbes.

111 4461 264 4542 excipitur
280 4467 457 4542 protervus:
476 4480 544 4525 uam
561 4460 691 4525 lascivus
707 4481 764 4544 per
779 4481 796 4524 r
813 4462 984 4545 digammon
1002 4462 1156 4546 scribitur,
1170 4465 1312 4545 quoniam
1326 4462 1446 4545 longam
1537 4479 1541 4486 ·

202 4641 216 4691 1
241 4634 325 4691 favus
349 4633 417 4692 fara
440 4653 527 4706 quam
550 4635 683 4692 similiter
705 4636 828 4694 aiterum
852 4637 927 4693 altar
948 4635 1113 4694 intellectus
1137 4637 1265 4708 sequitur
1288 4636 1317 4693 P
1341 4637 1446 4695 b'larus

111 4714 212 4774 runs
229 4715 361 4786 quumvis
380 4715 515 4773 similiter
532 4715 606 4773 alter
623 4716 788 4775 intellector
807 4717 938 4789 sequitur
955 4718 990 4772 N
1065 4718 1198 4775 sclavus
1218 4719 1247 4774 P
1260 4719 1343 4776 laras
1360 4720 1395 4774 N

110 4795 488 4945 znffozflrnrffnfflnzm
502 4796 674 4854 rotinentN
723 4805 756 4856 10
768 4817 820 4856 nec
834 4799 944 4870 umen]
961 4798 1041 4870 Verp.
1056 4799 1144 4856 bucol.
1159 4806 1186 4868 1,
1196 4805 1235 4856 58
1287 4807 1319 4856 11
1335 4799 1445 4873 dignm·
