3604 5486
634 342 685 400 Du
711 343 972 402 umrnuuNTns
1407 337 1474 404 525

138 459 163 500 p.
179 447 240 490 sur.
253 446 309 489 ens
322 445 347 488 e.

234 531 320 597 Onus
344 541 375 596 et
398 533 556 596 sarcinam.
594 551 672 596 onus
695 531 904 596 rebicrdorum
923 541 955 594 ει
974 533 1069 594 meins
1088 541 1149 615 est,
1172 533 1289 597 sarcina
1308 531 1474 594 bominum.

165 672 170 682 ·
231 641 360 704 Sumere
394 650 425 704 ει
457 643 605 724 accipere.
656 644 805 706 sumimus
838 661 915 724 qnae
949 641 1047 723 posita
1079 651 1165 718 sunt,
1198 643 1363 724 accipimus
1397 659 1473 722 quae

135 754 348 836 porriguntur.

231 858 428 944 locupletem
452 868 483 924 et
499 859 629 924 divitem
654 872 684 924 et
707 860 885 945 opulentum
909 872 940 924 et
961 868 1118 944 potentem
1138 868 1169 923 et
1187 859 1309 922 beatum
1329 867 1360 922 et
1378 858 1473 920 lortu·

89 985 105 1027 ε
136 980 245 1034 natum
275 980 306 1033 et
333 971 542 1052 pecuniosum.
590 968 725 1052 locuples
753 989 769 1032 a
797 972 884 1052 eople
912 967 1063 1051 locorum3
1096 967 1193 1052 dines,
1221 971 1291 1050 quia
1320 965 1474 1031 dividendi

134 1077 314 1142 facultatem
342 1078 445 1163 babet3
478 1077 641 1162 opulentus
673 1077 711 1141 ab
744 1078 867 1162 opibus3
900 1087 1023 1160 potens,
1055 1079 1126 1158 quia
1153 1077 1235 1159 quod
1262 1077 1326 1140 vult
1359 1085 1473 1160 potesty

136 1189 313 1252 lortuustus
347 1191 398 1253 oni
430 1189 508 1252 lorte
543 1186 655 1270 sllqnid
685 1190 826 1272 contigit3
858 1187 967 1250 beattnr
1000 1187 1114 1265 auimo,
1147 1188 1200 1268 qui
1233 1187 1313 1270 apud
1341 1185 1472 1250 Graecos

134 1289 308 1382 μακάριος
330 1307 392 1383 est3
415 1300 600 1381 pecuniosus
624 1299 677 1378 qui
700 1295 791 1360 babet
814 1298 974 1379 pecuniam
999 1294 1046 1358 rel
1068 1313 1187 1378 pecora.

231 1405 383 1470 Grandem
407 1415 439 1470 et
463 1423 603 1488 magnum
632 1414 664 1469 ει
690 1407 851 1469 inmanem.
897 1404 1011 1488 grande
1040 1407 1072 1467 in
1101 1406 1303 1487 incremento,
1331 1422 1473 1487 magnum

90 1531 119 1572 ro
134 1518 172 1578 in
195 1515 406 1600 amplitudine,
428 1517 548 1579 inmane
572 1515 753 1604 praecipuae
777 1512 992 1596 amplitudinis.

230 1623 374 1689 Poetieen
398 1633 429 1690 ει
451 1626 557 1707 poesin
581 1633 612 1687 et
634 1641 742 1705 poema
765 1632 797 1686 et
820 1624 982 1706 poeticum.
1030 1623 1148 1704 poetice
1173 1631 1220 1686 est
1243 1625 1302 1697 rei,
1327 1632 1361 1685 ut
1379 1621 1471 1684 histo·

135 1735 218 1817 ricc,
245 1735 346 1814 poesis
371 1752 498 1817 operum
522 1741 697 1817 contextus,
725 1749 831 1815 poenu
856 1732 948 1795 certis
977 1730 1105 1814 pedibus
1129 1741 1161 1794 et
1188 1729 1330 1814 legitimis
1357 1731 1473 1794 inclusa

136 1844 279 1927 materia,
302 1846 456 1926 poeticum
479 1845 511 1906 iu
533 1851 624 1925 poete
647 1842 720 1906 utile
745 1851 800 1905 εει

231 1949 458 2035 llomonymlam
482 1961 513 2014 et
536 1953 751 2034 synonymiam.
798 1949 988 2032 homonymia
1018 1969 1077 2013 noe
1100 1967 1173 2012 voee
1198 1948 1292 2014 multa
1315 1951 1472 2034 significat,

89 2076 119 2118 ιε
135 2063 316 2143 synonymia
339 2058 442 2124 moritis
466 2060 590 2124 vocibus
614 2058 694 2123 idem
718 2067 858 2136 testatur.
1291 2131 1296 2143 ,

230 2169 377 2252 Clupenm
401 2179 433 2232 et
456 2168 604 2252 elypeum
651 2168 789 2252 clypeum
813 2185 982 2252 armornm,
1006 2167 1146 2249 clupeum
1171 2169 1317 2250 imaginis.

228 2278 359 2343 Parvum
384 2285 415 2342 et
437 2255 529 2341 breve
550 2287 581 2340 ot
599 2279 742 2360 exiguum
761 2286 792 2340 et
810 2277 963 2360 pusillum.
1011 2295 1135 2360 parvum
1155 2277 1186 2338 in
1207 2285 1357 2360 tempore,
1381 2277 1471 2340 breve

135 2391 171 2451 iu
195 2390 306 2471 spallo,
330 2390 472 2469 exiguum
495 2390 527 2450 in
551 2405 679 2470 corpore
704 2387 843 2471 infantis,
867 2387 1010 2470 pusillum
1033 2389 1065 2449 in
1089 2403 1217 2468 corpore
1241 2385 1426 2468 pumilionis.

230 2495 366 2560 lonclare
395 2504 426 2560 et
454 2495 623 2579 subripere.
675 2493 787 2558 involat
816 2497 868 2576 qni
897 2496 928 2557 in
958 2494 1006 2557 die
1037 2496 1131 2578 veuit,
1162 2494 1294 2577 subripit
1322 2494 1412 2580 clam,
1441 2496 1470 2559 id

90 2623 120 2664 so
137 2615 187 2668 est
210 2606 329 2669 ltsnire.
923 2593 926 2600 ’

230 2713 370 2796 Speciem
394 2723 425 2776 et
449 2713 665 2797 specialitatem
689 2723 721 2776 et
744 2714 948 2796 specietatem.
996 2715 1114 2794 speeies
1136 2712 1244 2776 divisio
1268 2723 1315 2777 est
1340 2716 1471 2798 generis,

136 2823 309 2906 specialitas
333 2823 402 2886 lleta
426 2834 473 2886 est
496 2823 533 2886 ab
557 2825 709 2888 dntouioo
733 2825 942 2906 grammatico,
966 2823 1115 2903 specietas
1139 2822 1275 2904 qualitas.
1301 2817 1305 2901 l

229 2931 444 2995 Praeverbium
468 2943 499 2995 et
518 2931 702 2996 adverbium.
748 2930 960 3014 praeverbium
980 2943 1027 2995 εει
1046 2931 1222 3014 euphonou:
1246 2931 1421 2995 adverbium
1440 2943 1471 2995 et

137 3043 281 3104 vitiosum
304 3050 336 3103 et
359 3041 464 3104 lictum
487 3052 547 3124 est,
571 3051 672 3105 tamen
696 3043 727 3104 in
752 3059 841 3104 usum
865 3050 913 3103 est
936 3051 1102 3123 receptum.

92 3167 121 3208 so
232 3147 452 3232 Conspendinm
475 3160 506 3213 et
529 3150 721 3234 dispendium
745 3157 776 3212 et
799 3148 942 3212 damnum
966 3161 997 3213 et
1020 3150 1236 3214 detrimentum
1260 3161 1291 3213 et
1314 3153 1469 3214 iacturam.

136 3259 350 3342 compendium
375 3259 509 3341 undique
534 3258 570 3321 ad
594 3259 712 3342 pondus
735 3261 883 3341 pertinet,
915 3259 1107 3341 dispendium
1131 3259 1280 3322 deteritur
1303 3262 1334 3322 io
1358 3259 1468 3342 ponde-

135 3366 237 3450 ribus,
256 3367 399 3431 dsmnum
418 3368 469 3431 dat
488 3368 641 3450 omnibns,
660 3366 877 3430 detrimentum
898 3385 955 3430 usn
975 3370 1093 3451 tritum3
1118 3370 1234 3431 iectura
1254 3387 1331 3450 quae
1351 3371 1470 3451 iacitur,

137 3485 172 3538 ut
194 3475 312 3540 levetur
335 3487 439 3539 onere·
454 3479 544 3540 uaris.

227 3585 359 3665 Aegrum
384 3597 415 3649 et
437 3596 603 3668 aegrotum.
650 3605 740 3668 aeger
764 3587 879 3669 animo,
902 3595 1044 3666 aegrotus
1068 3603 1205 3668 corpore.

231 3778 339 3835 εοεαε
352 3780 434 3836 nera
448 3785 562 3854 penne
621 3787 654 3838 ιε
670 3777 808 3852 clupeum
821 3778 904 3836 Beda
918 3784 1027 3847 norro
1082 3785 1117 3835 es
1132 3779 1469 3852 nogrometensem

230 3957 243 4006 1
265 3949 342 4007 Onus
361 3953 392 4008 ei
410 3953 551 4009 ebroinum
570 3969 587 4014 ς
608 3951 686 4010 Onus
705 3955 735 4009 eb
752 3949 864 4007 sarcmu
883 3949 917 4005 N
1000 3951 1218 4009 cumanorum
1242 3953 1277 4008 N
1359 3959 1376 4009 b
1400 3953 1468 4023 quin

136 4030 287 4088 diuidendi
305 4032 506 4094 isembateme
526 4033 575 4104 qui
595 4050 612 4089 a
631 4033 660 4088 di
679 4031 848 4088 fucultatem
862 4029 897 4086 N
967 4039 983 4088 6
1003 4032 1053 4103 qui
1072 4033 1149 4102 quod
1168 4033 1231 4088 uult
1249 4049 1266 4094 ς
1340 4039 1355 4088 ‘l
1375 4034 1467 4092 lurtu-

133 4119 221 4172 nabus
239 4114 274 4170 N
352 4114 529 4187 coubingibs
611 4113 720 4186 enimn]
740 4127 845 4171 uerosv
881 4132 884 4139 ·
927 4112 1071 4184 bgrunde
1094 4112 1268 4171 incremento
1287 4115 1321 4170 N
1328 4131 1345 4174 ς
1433 4122 1466 4171 10

134 4195 261 4252 immune
275 4209 292 4255 ε
306 4194 450 4252 ἰεωεεεειι
464 4196 497 4252 Ν
560 4202 593 4254 12
609 4199 639 4254 ει
652 4193 790 4266 legitimis
804 4193 929 4250 numeria
943 4193 1054 4250 incluse
1067 4193 1220 4251 Fabricius
1286 4202 1319 4251 16
1333 4194 1467 4267 clupeum

133 4295 280 4336 armorum
309 4277 441 4350 clypeum
469 4275 602 4350 imaginis
631 4291 649 4336 ς
737 4279 770 4331 18
798 4275 962 4348 pumilionis
990 4291 1006 4334 ς
1035 4275 1213 4334 humillionie
1236 4274 1270 4331 N
1355 4283 1389 4332 19
1416 4276 1466 4348 qui

134 4372 217 4476 noll
240 4405 275 4462 rr
353 4409 387 4460 ει
408 4403 520 4476 genoe.
539 4418 557 4463 ς
575 4409 662 4476 genn
682 4403 742 4474 (noe
760 4407 799 4460 en
817 4404 964 4475 generum)
983 4402 1017 4458 rr
1095 4409 1130 4459 ee
1149 4403 1275 4460 intono
1299 4418 1317 4463 e
1341 4404 1465 4460 sunnio

137 4531 314 4606 [Gnipboue]
335 4530 490 4588 Fabricium
571 4529 757 4601 queuntis«
838 4536 873 4586 23
893 4529 1092 4602 praeverbium
1111 4531 1165 4604 est]
1185 4483 1352 4588 ldnerbium
1372 4531 1417 4586 εει
1434 4531 1468 4586 N

172 4615 325 4686 eupbouou
339 4613 508 4681 Fabricium,
527 4612 660 4671 eulimiou
675 4627 692 4672 ς
711 4613 883 4686 euphemion
897 4614 937 4671 ed.
953 4613 1032 4684 Asc,
1051 4613 1212 4683 euphemou
1226 4611 1375 4669 Poucbius
1389 4613 1432 4684 (N
1436 4613 1463 4684 i)

172 4747 208 4797 ut
226 4692 336 4799 nidos}
352 4741 387 4797 N
466 4745 501 4796 at
519 4738 621 4797 in‘nsn
640 4747 659 4797 is
675 4743 720 4798 esi
736 4739 770 4796 N
785 4741 815 4798 in
833 4757 888 4796 usu
906 4757 980 4796 nune
998 4741 1078 4798 esis
1160 4745 1196 4794 26
1214 4737 1353 4794 deteritur
1371 4738 1463 4796 Hein-

135 4824 256 4892 doryists,
275 4822 417 4880 delexibru
435 4820 469 4876 N
476 4837 493 4881 ς
508 4843 515 4876 =
530 4823 565 4890 ef.
586 4823 668 4880 Vorr.
683 4824 716 4880 de
731 4824 748 4878 l.
765 4823 782 4879 l.
804 4821 894 4879 Vter
914 4819 1094 4892 dispendium
1112 4818 1186 4890 ideo,
1205 4819 1282 4890 quod
1300 4819 1331 4876 in
1349 4819 1464 4893 dispeu-

127 4905 231 4990 'dendo
250 4905 324 4961 solet
342 4903 435 4962 miuus
454 4904 516 4961 lieri
588 4909 622 4960 27
642 4903 752 4960 iactura
771 4903 848 4975 quod
866 4903 969 4960 incitor
987 4920 1020 4959 ex
1040 4919 1124 4960 onere
1141 4901 1260 4962 nonies
