3616 5482
546 314 619 374 ARS
637 313 687 372 DE
709 312 1008 374 carucatarum
1377 310 1442 376 115

95 430 122 469 aa
138 419 202 462 sata
215 420 244 462 ea
257 418 285 461 a.

97 504 294 588 diphthongo
323 501 536 586 scribendnm3
564 507 698 588 pretium
733 523 844 588 precor
875 505 940 566 sine
965 498 1161 584 diphthongo.
1206 507 1326 562 veteres
1360 499 1441 560 eninr

97 615 229 678 maioris
251 615 298 677 rei
321 631 480 678 sermoum
499 632 570 677 cum
588 614 777 698 diphthongo
796 623 828 676 et
846 611 975 694 quadam
995 608 1140 690 dignitate
1160 605 1253 669 scribi
1272 605 1442 669 voluerunt.

97 725 226 805 precari
261 731 363 786 autem
394 732 441 786 est
471 741 594 805 rogare,
628 724 780 806 inprecari
810 719 1005 798 maledicere,
1041 717 1200 800 deprecari
1234 733 1379 780 excusare
1413 725 1444 776 ot

98 849 290 914 expurgare:
318 830 463 916 Virgilius
491 826 677 914 ‘equidem
706 832 825 894 marui
853 847 920 893 nec
947 828 1130 912 deprecor
1160 820 1313 908 inquit'‚
1337 824 1444 887 Cicero

70 935 210 1021 a‘quid
235 941 349 1004 iaciat
367 936 617 1005 Hortensius?
639 939 866 1002 avaritiaene
891 938 1045 1002 crimina
1070 935 1301 1018 frugalitatis
1325 931 1444 996 laudi-

99 1021 173 1112 bus
198 1042 502 1132 deprecabituri'

9 1173 10 1254 q
196 1157 287 1222 Nobo
309 1159 415 1241 nupsi:
438 1176 508 1221 cum
531 1156 644 1222 vocalis
668 1158 822 1241 seqnitur,
845 1154 865 1218 b
889 1173 957 1220 esse
981 1154 1089 1238 debet3
1112 1171 1183 1218 cum
1207 1171 1392 1238 consonans,
1416 1171 1444 1234 p.

9 1255 10 1334 l
99 1265 247 1330 similiter
271 1264 515 1350 scribo'scripsi

198 1375 289 1440 Fides
313 1376 350 1440 de
374 1376 534 1462 fidelitate,
557 1376 625 1440 iidie
649 1377 686 1440 de
711 1376 832 1442 chorda.

62 1505 86 1545 ro
199 1485 339 1550 disertus
359 1494 462 1551 orator
481 1497 537 1571 est,
555 1487 697 1552 desertus
717 1485 890 1550 derelictus.
928 1485 1046 1550 delator
1061 1485 1113 1566 qui
1128 1482 1228 1546 desert
1246 1481 1283 1546 ad
1302 1501 1438 1547 accusso¹

9 1627 10 1644 κ
101 1595 197 1681 dum,
219 1594 330 1659 dilator
352 1597 406 1677 qui
429 1594 531 1658 differt
551 1588 556 1680 Ι
577 1595 614 1658 ad
637 1593 864 1678 proterendum
902 1592 999 1656 deluit
1022 1602 1145 1676 purgat,
1173 1591 1262 1655 diluit
1285 1603 1446 1674 temperat:

9 1671 10 1712 ¹
101 1703 213 1766 Livius
237 1702 274 1766 dc
297 1713 396 1766 morte
420 1702 602 1768 Mithridatis
627 1699 738 1786 ‘qood
763 1721 843 1767 cum
866 1695 1068 1764 diluisset’.
1454 1691 1461 1706 '

199 1811 368 1876 Adversum
392 1821 422 1876 te
446 1812 651 1896 adversarius,
670 1812 815 1876 adversus
839 1820 870 1875 tc
893 1811 1036 1874 imitator.

156 1977 159 1982 ,
199 1919 385 2006 Hinnuleus‚
408 1929 443 1986 ut
465 1930 588 1985 acutum
612 1923 665 2006 sit,
689 1923 760 2004 quia
784 1939 895 1984 nornen
918 1937 935 1982 a
959 1937 1034 1983 sono
1057 1921 1141 1984 vocis
1165 1921 1292 2001 accepit.

62 2048 88 2090 ιε
201 2028 325 2094 Detineo
348 2030 387 2093 de
410 2031 507 2093 amico
530 2030 741 2114 producendo,
770 2030 879 2094 diduco
909 2037 1010 2094 autem
1035 2038 1082 2093 est
1105 2028 1249 2092 distraho.
1287 2027 1447 2090 derectum

104 2143 140 2203 in
167 2149 285 2204 rectum
309 2139 435 2225 vadens,
459 2139 609 2204 directtun
633 2143 665 2203 in
687 2140 783 2204 latera
806 2149 933 2204 rectum.

201 2247 324 2313 Partem
348 2267 459 2312 nomen
483 2257 544 2332 cst,
567 2251 679 2331 partim
703 2245 888 2312 adverbium.

201 2356 310 2422 Festus
327 2359 376 2422 -dc
405 2355 549 2441 superbia
578 2358 651 2420 iacit
679 2358 818 2440 genetivo
846 2354 957 2438 plurali
984 2356 1134 2439 fastuum,
1168 2355 1264 2419 iastus
1293 2355 1332 2418 de
1359 2352 1447 2418 libris

105 2469 183 2530 iacit
206 2464 363 2532 iustorum.
997 2525 1001 2534 .

65 2593 93 2636 ao
204 2573 390 2659 Expectatur
413 2586 577 2661 venturus,
600 2583 756 2660 spectatur
779 2574 832 2656 qui
856 2572 977 2636 videtur
1000 2573 1045 2636 vel
1069 2571 1226 2657 probatur.

201 2685 335 2768 Apparet
358 2687 412 2767 qul
435 2685 566 2770 ridetur,
588 2684 714 2768 adparet
738 2683 791 2766 qui
810 2680 998 2767 obsequitur,
1021 2701 1083 2746 non
1103 2683 1226 2766 regulae
1244 2685 1372 2767 ratione,
1395 2679 1449 2745 sed

9 2787 11 2852 l
107 2792 305 2858 discernendi
328 2791 501 2858 intellectus
527 2795 631 2877 gratla

203 2901 350 2966 Hercules
367 2900 499 2966 Achilles
519 2901 629 2967 Verres
653 2911 738 2966 recto
764 2917 836 2963 casn
859 2917 915 2982 per
940 2917 956 2962 e
976 2899 1163 2986 scribuntur,
1187 2903 1327 2986 genetivo
1347 2909 1448 2963 autern

107 3029 167 3095 per
190 3011 215 3094 i3
239 3020 270 3073 et
292 3012 393 3072 omnia
416 3010 508 3074 huius
533 3011 614 3076 modi
638 3011 800 3074 nominee
824 3012 957 3087 lonyom,
982 3013 995 3072 i
1017 3009 1141 3075 brevem
1164 3009 1285 3074 habent.

204 3165 218 3214 1
239 3157 364 3229 pretinm
384 3157 426 3226 (et
444 3158 510 3215 odd.
524 3159 564 3231 Β)
583 3161 716 3232 precatus
731 3157 791 3215 sine
805 3173 839 3214 oe
853 3159 966 3213 ueteres
985 3155 1048 3213 Bo
1109 3157 1269 3232 tonsionis]
1289 3157 1412 3214 maiores
1428 3155 1452 3210 t'

109 3237 209 3312 scribi]
229 3237 288 3296 dici
307 3237 337 3295 st
354 3237 441 3296 scribi
460 3239 521 3298 Bo
591 3249 607 3299 3
628 3244 658 3298 et
670 3257 794 3313 purgare
809 3256 839 3295 se
858 3238 919 3296 BG
989 3248 1008 3297 t
1027 3241 1173 3315 squidem]
1193 3240 1273 3313 Vero.
1288 3241 1359 3296 Aeac.
1377 3237 1452 3294 XII

108 3325 165 3378 931
240 3319 335 3392 inquit
352 3337 404 3377 ora.
423 3321 452 3377 Β
459 3321 493 3393 0,
512 3323 578 3380 add.
599 3323 638 3379 M
716 3320 832 3393 aquid]
853 3319 970 3392 quidam
989 3337 1060 3380 corr.
1081 3323 1118 3380 ol.
1137 3341 1173 3380 m.
1193 3322 1262 3396 qnid
1280 3322 1322 3379 B:
1343 3323 1399 3380 Cic.
1418 3325 1451 3378 ivs

116 3400 467 3472 Vm.oct.rec.1178,
493 3409 551 3462 192
644 3401 784 3460 auaritiae
807 3417 861 3458 neo
879 3405 916 3458 M
934 3407 961 3458 et
984 3403 1070 3462 deleto
1089 3423 1104 3462 o
1128 3404 1188 3461 ΒΟ
1276 3405 1451 3480 frugalitatis

94 3482 204 3562 ΥΜΒ)
221 3480 436 3554 buqnlitatibns
457 3481 482 3540 O
568 3493 584 3542 ‘t
604 3485 688 3542 Nnbo
707 3483 792 3541 nubsi
810 3484 890 3555 (corr.
911 3484 996 3556 nupsi
1015 3501 1043 3555 o,
1063 3486 1161 3558 nupsit
1178 3487 1218 3559 Β)
1238 3487 1332 3545 scribo
1351 3487 1452 3560 scripsi

110 3563 239 3635 (scripsit
256 3563 296 3635 Β)
315 3578 381 3620 cum
398 3563 507 3622 uocalis
527 3567 656 3637 sequitur
674 3567 693 3622 b
714 3581 774 3623 esse
793 3563 880 3621 debet
898 3567 928 3621 et
946 3581 1012 3621 cum
1030 3583 1188 3624 consonans
1203 3587 1223 3641 p
1241 3569 1326 3627 Fides
1340 3569 1399 3626 Bo

111 3643 201 3701 debet
218 3661 270 3702 ose.
291 3644 330 3701 M
419 3651 436 3701 9
455 3643 541 3705 rinos
560 3648 627 3706 lidei
646 3647 681 3705 ds
701 3646 884 3715 credulitate,
908 3646 978 3704 fides
997 3647 1063 3703 fidis
1082 3649 1117 3705 de
1137 3649 1257 3720 chorda,
1280 3653 1402 3720 utraque
1422 3667 1452 3707 es

111 3725 200 3798 longa
217 3725 344 3796 Bcdop.
363 3730 457 3784 ates:
476 3729 512 3796 cf.
533 3727 643 3786 Oloris.
659 3747 690 3800 p.
710 3733 816 3796 69,18.
837 3732 936 3796 70,16
1010 3731 1097 3788 corda
1117 3729 1218 3788 Mac
1290 3738 1325 3787 10
1344 3729 1453 3806 Disser-

111 3809 159 3862 tna
179 3807 276 3864 orttor
292 3807 353 3865 BG
433 3808 594 3866 11·dilator
612 3809 662 3880 qni
681 3809 777 3865 differt
796 3826 847 3866 orn.
866 3807 896 3863 Β
979 3811 1065 3869 diiert
1084 3810 1110 3868 0
1186 3811 1224 3867 ad
1243 3811 1453 3884 proterendum.

9 3943 10 3952 ¹
113 3885 260 3944 Traducta
283 3890 327 3944 est
351 3888 471 3960 getulis:
495 3905 547 3946 nec
571 3889 650 3946 ducit
673 3905 761 3947 mena
784 3892 933 3948 nocentes:
961 3897 992 3950 et
1016 3893 1128 3950 delator
1155 3893 1245 3951 habet
1270 3894 1347 3967 quod
1373 3895 1454 3952 dedit

114 3967 239 4024 exilium
268 3965 367 4025 Doluit
385 3972 492 4044 pmgtt
510 3985 540 4030 5:
562 3972 695 4030 Martini.
711 3975 796 4044 epipr.
813 3979 843 4042 4,
859 3979 877 4030 3
945 3979 978 4029 12
998 3974 1162 4032 metridatis
1182 3974 1259 4046 quod
1279 3975 1411 4033 diluisset
1424 3975 1453 4031 Β

113 4047 272 4106 mitridatis
295 4067 381 4122 qoam
404 4050 538 4109 diluisset
560 4054 642 4122 (corr.
663 4053 811 4125 deluisset)
837 4053 866 4112 0.
895 4056 1015 4124 sortasse
1033 4055 1131 4112 Livius
1152 4055 1200 4111 ‘de
1224 4060 1316 4113 morte
1341 4055 1454 4113 Mithri·

114 4129 190 4188 datis
205 4149 271 4188 cum
289 4129 432 4188 diluisset'
511 4138 544 4190 tt
563 4132 704 4207 imitator]
724 4135 859 4192 emitalcr
872 4135 900 4190 Β
920 4137 1117 4195 emittaturtl
1188 4137 1452 4195 14Hinnu1eus—

114 4213 227 4287 accepit
243 4216 336 4286 spatio
353 4229 442 4271 nocuo
461 4214 556 4270 relicto
575 4229 628 4271 om.
648 4215 698 4282 M,
726 4215 843 4274 Inulens
865 4221 899 4274 nt
922 4222 1039 4276 acutum
1058 4219 1097 4276 sit
1120 4217 1189 4290 qnia
1212 4236 1317 4277 nomen
1343 4237 1360 4276 a
1384 4237 1454 4277 sono

114 4295 193 4352 nous
211 4294 319 4368 accipit
336 4295 365 4352 Β
387 4295 490 4353 inutile
508 4298 560 4353 aut
579 4299 744 4353 accusatum
764 4302 808 4356 est
831 4300 901 4371 quia
918 4317 1023 4358 nomen
1042 4317 1077 4357 ex
1096 4314 1165 4356 sono
1186 4299 1265 4355 nocis
1292 4301 1405 4374 accepit
1424 4300 1453 4359 0.

114 4378 232 4444 sonam
250 4377 385 4435 hinnulm
403 4380 437 4435 ut
454 4376 465 4434 i
485 4380 602 4434 scutum
621 4377 659 4434 sit
742 4386 777 4437 lt
796 4387 894 4438 autem
912 4383 968 4440 hoc
987 4386 1031 4439 est
1048 4380 1109 4437 BG
1194 4386 1228 4435 16
1247 4379 1389 4439 inlabere
1407 4383 1455 4440 nel

9 4533 10 4540 ἵ
115 4458 145 4514 in
163 4459 224 4516 late
241 4461 351 4516 rectam
371 4459 396 4516 0
411 4459 442 4517 in
459 4459 554 4516 latera
571 4460 682 4516 rectum
700 4460 749 4517 uel
766 4461 798 4518 in
816 4462 1019 4521 latearrectum
1044 4463 1073 4518 Β
1167 4468 1200 4518 18
1224 4461 1306 4536 lacit]
1332 4465 1362 4518 et
1384 4463 1456 4520 iacit

115 4545 232 4613 utroque
250 4541 309 4598 loco
326 4540 385 4597 BG
462 4539 570 4612 plurali
587 4555 639 4597 orn.
660 4539 710 4609 Μ,
729 4543 794 4600 add.
814 4544 874 4601 BG
949 4545 1041 4602 lutus
1060 4543 1095 4601 do
1115 4543 1196 4600 libris
1217 4543 1276 4604 Me
1295 4543 1370 4601 fasta
1387 4545 1402 4602 i
1419 4545 1455 4602 de

115 4620 197 4678 labris
215 4621 243 4677 Β
262 4621 368 4678 fastum
387 4621 423 4678 de
437 4621 519 4678 libris
535 4619 559 4676 G
575 4619 664 4678 fastos
679 4623 714 4680 de
728 4623 809 4682 libris
824 4643 847 4696 p
902 4633 935 4682 21
952 4626 1021 4697 quid
1037 4624 1204 4697 obsequitur
1218 4624 1247 4681 Β
1303 4631 1338 4682 22
1358 4627 1453 4698 gratis

9 4699 10 4724 ³
118 4705 162 4759 est
179 4702 207 4758 Β
225 4703 321 4777 gratis
339 4703 394 4760 boc
412 4703 446 4759 fit
465 4702 490 4759 0
560 4709 596 4758 21
616 4703 714 4761 omnia
732 4721 784 4763 om.
805 4705 830 4762 0
899 4707 984 4765 huius
1002 4705 1092 4780 modi]
1114 4707 1242 4765 eiusdem
1261 4705 1340 4764 modi
1358 4706 1411 4778 Bp

119 4785 268 4858 amurgam
286 4785 297 4842 i
315 4785 433 4843 breuem
450 4783 572 4860 habent]
593 4785 710 4844 ebreus
723 4787 833 4844 habeut
848 4788 877 4860 0,
897 4805 913 4846 e
931 4791 1019 4846 breue
1033 4788 1099 4846 hab'
1114 4791 1162 4846 aed
1182 4795 1238 4846 eet
1256 4789 1322 4846 hab’
1337 4807 1393 4847 ras.
1410 4789 1456 4857 M,
1542 4802 1560 4820 ³

119 4865 259 4926 ibrsnis
277 4885 293 4926 e
311 4865 355 4936 Β,
373 4882 463 4938 ooap

1199 4964 1238 5020 8*
