3564 5482
404 369 419 389 ,
528 327 531 333 ·
605 309 675 366 les
695 306 947 366 namucum
1372 307 1441 374 425

105 409 266 462 smum

104 499 178 558 vitio
203 496 266 558 iuri
293 495 386 578 duco,
413 497 556 578 inprecor
583 496 677 582 hosti,
705 496 843 562 ausculto
872 495 1006 578 suasori,
1035 494 1172 578 supplico
1201 494 1270 580 tibi,
1298 495 1441 559 moderor

18 686 21 690 Ι
103 603 268 687 militibus,
296 602 439 686 obstrepo
468 605 594 690 dicenti,
622 605 727 688 palpnr
755 615 787 670 et
814 603 903 688 palpo
931 621 1024 688 equo,
1052 605 1148 668 crisso
1178 604 1247 688 tibi,
1274 624 1440 690 praecurro

102 714 254 796 praetori,
272 730 405 796 procuro
423 712 533 797 pugili,
552 714 711 794 geniculor
728 716 861 798 parenti,
880 729 978 795 genua
998 711 1052 775 tibi
1074 713 1228 799 advolvor,
1247 704 1441 798 praevaricor

101 840 173 906 reo,
198 822 376 905 supersideo
396 819 559 906 discipulo,
583 809 730 886 antecello
754 822 886 899 aemulo,
910 820 1037 884 consilio
1058 820 1113 884 tibi
1136 820 1219 907 sum,
1243 825 1346 889 studet
1368 825 1440 889 huic

60 947 75 986 s
103 931 165 1014 rei,
184 933 278 994 timeo
296 929 353 994 tibi
372 938 404 993 et
422 928 459 992 de
480 939 524 1012 te;
547 928 673 994 detraho
693 931 762 1014 tibi,
781 931 898 995 alienus
918 947 985 992 sum
1005 928 1074 1014 tibi,
1092 942 1177 996 vacat
1196 932 1284 1016 mihi,
1303 944 1439 1018 tempero

101 1040 189 1123 vino,
213 1041 388 1104 testimonio
412 1048 459 1102 est
483 1038 569 1122 mibi;
600 1038 743 1103 adversor
772 1041 911 1122 inimico,
939 1037 1098 1102 subscribo
1128 1041 1276 1126 epistolis,
1304 1045 1440 1107 intentus

101 1147 229 1231 studiis,
247 1150 389 1214 inimicus
407 1148 592 1234 neglegenti,
612 1149 692 1214 dicto
712 1151 851 1233 audiens,
871 1146 992 1212 invidus
1012 1148 1106 1232 bono,
1125 1149 1281 1214 malivolus
1296 1151 1440 1238 studenti,

79 1256 216 1321 -babilis
239 1261 357 1342 virtrni,
381 1258 464 1322 utilis
489 1261 568 1337 seni,
593 1268 682 1342 aptus
706 1260 881 1323 industriae.
1002 1315 1005 1322 .

195 1367 311 1450 incipio
330 1367 479 1452 studium,
503 1367 662 1451 aggredior
680 1367 847 1452 homiuem,
871 1365 1013 1448 indulgen
1034 1375 1078 1451 te,
1102 1370 1242 1450 experior
1260 1369 1439 1453 periculum,

61 1492 89 1532 to
101 1475 262 1558 periclitor
280 1481 425 1561 amicum,
444 1495 547 1540 mereo
566 1486 598 1540 et
617 1495 739 1540 mereor
757 1476 919 1559 bonorem,
938 1475 1073 1558 despicio
1091 1474 1288 1560 laticlavium,
1307 1478 1439 1561 impedio

101 1584 269 1669 legentem,
292 1584 430 1649 ludlllcor
453 1584 662 1670 vanilocum31
685 1596 802 1650 veteres
826 1595 857 1650 et
884 1585 1050 1649 ludificari:
1079 1585 1161 1647 iuvat
1188 1602 1263 1668 me,
1280 1589 1440 1650 nanciscor

101 1695 310 1779 occasionem,
333 1694 404 1758 ludo
428 1703 594 1778 oratorem,
616 1694 708 1759 iubeo
732 1695 874 1779 lamulos,
896 1694 1004 1758 invado
1028 1702 1059 1760 te
1083 1702 1115 1757 et
1138 1695 1170 1756 in
1193 1702 1238 1778 te,
1261 1696 1383 1759 intueor
1407 1706 1436 1760 te

102 1813 133 1867 et
157 1805 189 1866 in
214 1811 259 1885 te,
282 1802 403 1867 adorior
422 1802 590 1887 bominem,
613 1803 712 1867 involo
732 1816 762 1867 te
781 1811 813 1866 et
830 1806 862 1866 in
881 1813 927 1888 te,
951 1795 1073 1866 redoleo
1091 1813 1296 1887 unguentum,
1320 1802 1439 1866 invideo

101 1911 244 1994 divitem,
268 1915 415 1976 commeio
439 1913 551 1976 lectum
571 1923 601 1977 et
620 1915 755 1997 permeio
775 1905 933 1998 (commixi
957 1919 988 1974 et
1011 1905 1165 1996 permixl),
1183 1911 1326 1975 insimulo
1346 1915 1439 1976 simu·

60 2035 87 2077 rs
102 2019 247 2105 latorem,
269 2021 475 2086 animadverto
498 2031 544 2106 te,
568 2023 714 2085 criminor
737 2021 947 2104 directarium,
971 2019 1113 2083 moderor
1137 2030 1176 2083 te.

194 2129 329 2214 lupertin
361 2130 446 2194 illum
479 2130 536 2194 bac
569 2149 617 2214 re,
650 2131 758 2214 dignor
791 2132 922 2194 amicum
955 2128 1101 2212 hospitio,
1134 2139 1237 2192 saturo
1271 2132 1438 2194 exercitum

84 2245 289 2324 ¹commeatu,
317 2239 413 2304 libero
437 2248 467 2304 te
490 2239 643 2324 periculo,
670 2239 784 2304 liberor
807 2239 960 2324 molestia,
985 2229 1067 2302 dono
1095 2247 1327 2321 praeceptorem
1354 2258 1440 2322 auro,
1555 2247 1560 2264 ¹

101 2357 242 2432 tempero
266 2369 314 2414 uve
338 2351 421 2434 vino,
446 2349 552 2414 iraudo
576 2348 770 2413 creditorem
783 2351 935 2432 pecuniis,
964 2346 1071 2410 abdico
1101 2365 1150 2410 me
1179 2356 1334 2432 praetura,
1364 2346 1438 2411 cedo

102 2458 159 2522 tibi
182 2459 291 2543 gloria,
315 2459 415 2522 aldclo
439 2457 524 2521 illum
547 2457 675 2540 laetitia,
698 2457 812 2520 desisto
837 2465 889 2520 tua
913 2455 1147 2540 consuetudine,
1176 2456 1261 2519 labor
1284 2475 1339 2538 spe
1363 2475 1439 2539 urea,

57 2584 89 2624 co
102 2566 209 2631 imbuo
232 2567 344 2630 malum
369 2565 470 2650 melis,
503 2567 643 2649 egredior
672 2569 806 2650 civitate,
839 2565 1000 2648 degredior
1029 2575 1144 2649 monte,
1177 2573 1340 2630 contentus
1370 2584 1439 2630 sum

102 2696 166 2740 uuo
199 2695 339 2760 nummo,
372 2675 447 2739 orbo
480 2694 605 2740 uxorem
640 2676 727 2761 dote,
760 2673 911 2739 interdico
950 2676 1184 2757 ignominiosum
1218 2675 1298 2756 loro,
1336 2673 1438 2738 exulto
1479 2758 1482 2765 Ι

102 2787 246 2869 victoria,
273 2803 384 2868 soporo
409 2792 438 2848 te
462 2787 546 2869 vino,
575 2785 684 2866 dignor
707 2803 724 2850 a
749 2793 777 2848 te
802 2783 932 2866 honore,
959 2784 1095 2847 sustineo
1125 2802 1173 2846 me
1201 2782 1334 2867 hac-re,
1367 2802 1437 2847 cou-

101 2895 214 2979 plaudo
233 2903 349 2978 tecum,
366 2893 483 2975 gaudeo
502 2893 659 2978 felicitate,
677 2912 754 2978 opus
774 2902 821 2957 est
840 2892 913 2956 mihi
928 2902 1068 2976 argento,
1087 2891 1204 2955 alienus
1218 2910 1285 2955 sum
1301 2893 1438 2975 crimine,

102 3007 233 3068 comitor
256 3005 375 3088 amicis,
399 3022 471 3068 vaco
494 3003 599 3067 militia
605 3052 615 3088 ,
638 3005 828 3068 communico
852 3013 968 3086 tecum,
997 3000 1116 3085 postulo
1140 3020 1157 3063 a
1182 3010 1225 3084 te,
1254 3009 1324 3064 utor
1348 3019 1437 3064 careo

58 3130 88 3171 ss
102 3113 227 3176 iruorve
251 3112 377 3189 divitiis,
410 3115 490 3176 nitor
517 3111 574 3176 bac
598 3131 646 3196 re,
674 3114 776 3195 potior
804 3129 944 3195 munere,
971 3110 1065 3173 induo
1094 3119 1123 3173 te
1153 3111 1260 3194 armis,
1287 3128 1397 3193 precor
1420 3128 1437 3171 a

102 3223 176 3306 diis,
200 3230 271 3304 opto
295 3240 312 3284 a
336 3222 408 3306 diis,
432 3230 582 3304 antepono
607 3233 637 3286 te
662 3221 734 3305 lide,
757 3220 907 3283 interdico
925 3217 986 3282 ‘tibi
1011 3221 1143 3282 amicitia
1165 3236 1241 3282 mea.

195 3329 308 3394 Similis
336 3349 404 3394 sum
432 3333 478 3394 tui
506 3329 641 3394 moribus
670 3339 701 3393 et
731 3329 800 3418 tibi-
814 3329 904 3413 lacie,
937 3327 1030 3390 avello
1064 3329 1146 3390 senis
1179 3337 1211 3391 et
1243 3329 1309 3390 seui
1333 3346 1435 3412 canos,

103 3441 209 3522 irangn
233 3441 313 3502 servi
337 3449 369 3502 et
392 3457 479 3502 servo
503 3448 608 3524 caput,
631 3457 716 3502 eruo,
730 3437 884 3501 mendacis
908 3447 939 3500 et
963 3435 1100 3500 mendaci
1114 3436 1242 3520 oculos,
1266 3436 1367 3501 studio
1391 3441 1436 3500 tui

103 3551 162 3613 ieci
182 3551 217 3612 id
234 3557 280 3612 est
298 3551 371 3612 dum
389 3551 498 3612 studeo
517 3551 588 3626 tibi,
611 3550 714 3612 studio
739 3555 791 3609 tuo
812 3545 880 3625 feei
902 3544 932 3608 id
957 3555 1004 3608 est
1027 3555 1057 3608 te
1082 3545 1237 3628 studente3
1268 3544 1437 3630 discrucior

59 3675 89 3716 so
102 3661 195 3721 animi
218 3667 250 3721 et
273 3659 388 3742 animo,
413 3666 494 3721 metu
520 3660 564 3720 tui
589 3666 619 3720 et
644 3666 709 3742 tuo,
733 3657 851 3718 vicinus
876 3673 943 3717 surn
961 3653 1043 3717 illius
1062 3663 1093 3716 et
1112 3651 1155 3716 illi
1174 3660 1206 3715 et
1224 3655 1339 3716 amicus
1359 3671 1436 3738 sum,

102 3767 200 3830 fidens
223 3783 291 3829 sum
315 3767 407 3829 animi
430 3775 461 3829 et
484 3767 598 3850 animo,
626 3765 751 3827 memini
775 3771 806 3826 et
835 3779 950 3824 memor
978 3780 1046 3825 snm
1076 3761 1201 3824 honoris
1225 3771 1257 3824 et
1280 3761 1436 3845 bonorem,

102 3893 261 3938 ammoneo
276 3875 504 3938 interfectorem
519 3873 619 3938 caedis
640 3882 669 3936 et
689 3869 827 3953 caedem,
851 3869 1012 3934 obliviscor
1035 3871 1184 3933 amicitiae
1208 3878 1239 3932 et
1263 3871 1435 3953 amicitiam,

195 4139 288 4198 eota
306 4139 507 4212 Scamnum.
555 4137 674 4211 lvitio]
693 4135 797 4194 uitium
879 4134 1025 4209 moderor]
1044 4134 1159 4192 medeor
1239 4133 1362 4192 ceneto

102 4229 271 4295 eproourro
285 4221 396 4295 pugillo
460 4218 611 4292 advolvor]
626 4219 727 4276 adulor
791 4216 1018 4274 ttestimonium
1083 4222 1182 4273 saeue
1243 4215 1433 4291 thomicem]

101 4322 208 4365 nomen
287 4309 321 4361 10
339 4301 507 4361 lotioluuurn
587 4295 786 4358 1'1iubet1ne
866 4304 899 4354 12
918 4298 1070 4355 obintueor
1144 4302 1176 4352 lb
1195 4295 1325 4352 mederer
1399 4300 1433 4351 18

101 4386 244 4460 tempero]
264 4388 349 4444 teneo
426 4391 463 4442 20
481 4383 613 4456 egredior
631 4383 778 4440 deitatem
797 4379 943 4452 digredior
960 4381 1058 4435 monte
1140 4382 1175 4433 22
1199 4393 1320 4449 soporeo
1398 4381 1432 4432 23

101 4469 234 4543 muto]
260 4467 371 4526 oriente
457 4473 493 4524 at
515 4465 598 4538 voco]
622 4479 695 4521 uoco
783 4467 817 4518 29
842 4461 872 4518 id
898 4463 941 4518 est
959 4489 995 4502 ·-
1013 4464 1064 4516 tuo
1087 4457 1145 4515 leci
1162 4475 1213 4515 orn.
1297 4455 1434 4513 directim

101 4547 597 4609 enimi.mi.metutuiettuo

196 4792 229 4844 ts
244 4789 372 4859 tempero
387 4801 432 4842 me
446 4782 772 4852 vinoDr'om.p.315,24
844 4783 879 4834 28
899 4777 994 4833 studio
1013 4772 1057 4831 tui
1075 4773 1132 4832 feci
1149 4773 1180 4829 id
1194 4775 1238 4830 est
1251 4771 1319 4828 dum
1333 4771 1435 4830 studeo

101 4865 172 4936 tibi,
190 4867 286 4924 studio
305 4869 356 4923 tuo
374 4864 430 4923 ieci
448 4865 479 4921 id
498 4865 542 4920 est
560 4865 590 4920 te
609 4861 742 4918 eludente
760 4861 841 4917 Beda
860 4860 893 4916 de
912 4859 1032 4929 ortbogr.
1048 4873 1079 4928 p.
1098 4859 1211 4924 esset

157 4977 317 5012 ommuu
331 4975 419 5009 urm
432 4975 477 5008 m.
1180 4951 1215 5001 28
