3590 5486
565 301 568 308 ’
599 341 650 399 oe
669 341 964 402 oumoonmmu
1388 347 1453 414 189

110 456 132 496 n.
147 445 212 490 Μ.
226 447 240 488 t
254 443 281 487 P.

111 534 268 616 triumvir,
291 529 363 594 licet
386 534 577 617 composita}
594 551 655 596 uon
680 521 826 616 simplicia
851 535 921 598 siut.
956 529 1012 594 tor
1038 551 1095 615 per
1118 550 1135 593 v
1159 540 1292 617 notetur,
1321 544 1355 597 ut
1373 533 1456 606 livor

112 653 143 705 et
167 641 299 722 blavors,
322 641 348 702 sl
372 638 429 704 hoe
454 629 566 704 no'men
590 643 621 704 iu
645 641 700 704 bac
724 649 810 724 parte
834 643 907 724 poni
931 643 1136 704 necessarium
1161 641 1306 706 dicimus:
1329 643 1450 724 quidam

112 752 195 812 enirn
219 767 279 812 uon
304 748 402 813 solum
426 749 519 834 biars,
549 750 603 814 secl
627 753 717 813 etiam
741 749 873 832 illusore,
897 749 978 812 unde
1007 758 1037 812 et
1061 748 1218 828 Mavortia,
1249 750 1308 822 dici
1332 751 1453 814 volunt:

112 866 241 940 excepto
265 857 391 944 arbore,
415 859 557 942 quoniam
580 867 775 940 nuncupatur
799 866 830 919 et
854 856 958 942 arbos,
987 857 1068 940 quod
1096 877 1152 940 per
1176 857 1195 920 h
1219 869 1333 922 mutam
1358 856 1450 922 scribi

86 967 218 1030 tolocuit
241 968 439 1054 consuetudo.
477 985 545 1030 nam
577 965 664 1030 labor
687 968 771 1028 lavor
796 967 897 1029 terror
920 985 1013 1050 pavor
1038 987 1074 1041 ex
1098 966 1191 1031 verbo
1220 968 1346 1050 figurata
1371 968 1455 1031 veriti

112 1094 235 1158 quoque
257 1095 317 1139 non
336 1076 487 1159 abnegant
505 1075 649 1158 regulam.
688 1075 748 1139 bur
768 1075 879 1157 syllaba
898 1079 1059 1140 terminata
1079 1075 1098 1138 b
1118 1085 1231 1140 mutam
1252 1078 1282 1139 lu
1302 1079 1455 1160 scriptura

113 1183 249 1269 tenebit,
272 1185 307 1249 u't
330 1185 407 1249 ebur
430 1184 533 1248 robur.
632 1209 638 1218 ’

204 1293 264 1358 Ves
281 1292 383 1358 brevis
402 1293 524 1357 delinita
545 1293 650 1376 [quae]
672 1294 783 1376 syllaba
803 1313 892 1377 perv
912 1294 1044 1358 vocalem
1065 1313 1120 1376 pro
1136 1303 1321 1356 consonante
1339 1294 1452 1356 scribe·

115 1411 177 1481 tur,
203 1412 237 1468 ut
261 1403 353 1468 dives.
390 1403 445 1466 bes
469 1401 557 1484 longa
581 1421 650 1467 cum
675 1404 768 1467 luerit
793 1406 966 1488 terminata,
991 1403 1009 1465 b
1034 1413 1148 1466 mutam
1168 1402 1283 1466 tenebit
1307 1405 1338 1465 in
1358 1406 1451 1486 serip-
1496 1483 1498 1488 Ι

19 1597 22 1602 ¹
76 1525 101 1566 ιι
114 1521 196 1595 tura,
228 1519 262 1576 ut
291 1511 375 1576 labes
407 1511 490 1575 tabes
520 1511 617 1594 pubes
645 1511 757 1596 nubes,
790 1515 926 1594 quamvis
964 1510 1054 1576 nubis
1085 1511 1206 1594 quidam
1237 1513 1454 1574 nominativum

114 1623 274 1684 enuntiare
294 1621 474 1686 maluerunt
512 1623 557 1684 vis
576 1639 632 1703 per
653 1639 670 1680 v
694 1620 826 1704 vocalem
849 1620 916 1683 loco
939 1623 1068 1704 positam
1087 1623 1295 1702 consonantis,
1319 1629 1354 1682 ut
1373 1621 1447 1682 civis

116 1729 192 1790 nivis
216 1732 300 1792 navis
324 1730 416 1794 clavis
438 1721 538 1811 gravis
561 1729 660 1812 pulvis
684 1732 792 1794 suavis.
830 1728 901 1793 licet
924 1732 1006 1792 euim
1029 1729 1146 1792 scrobis
1170 1738 1201 1792 et
1224 1728 1308 1792 orbis
1326 1748 1387 1811 per
1410 1722 1452 1812 bl

115 1845 228 1900 mutam
259 1838 446 1924 scribantur,
484 1850 582 1920 tamen
613 1837 669 1901 hac
700 1838 737 1902 tle
768 1837 873 1922 causa,
910 1839 1051 1920 quoniam
1084 1837 1206 1920 quidam
1238 1817 1455 1901 nominativum

115 1946 298 2028 singularem
323 1950 418 2012 siuei
442 1948 542 2011 littera
565 1950 725 2011 enuntiare
746 1946 914 2010 voluerunt.
952 1945 1008 2008 bos
1032 1945 1127 2028 perb
1150 1957 1279 2029 mutam,
1299 1957 1333 2009 ut
1353 1947 1454 2030 arbos,

192 2128 223 2178 .1
245 2121 303 2180 sint
320 2123 349 2180 Β
369 2125 438 2180 sunt
455 2122 515 2179 Ao
586 2121 719 2180 asihoc
738 2138 842 2180 nomen
863 2119 929 2177 Osi
946 2121 1045 2178 mmen
1063 2121 1119 2178 hoo
1137 2137 1242 2178 nomen
1260 2119 1289 2176 Β
1309 2121 1333 2178 si
1353 2123 1382 2179 et
1401 2122 1455 2179 hoc

115 2218 219 2260 noman
238 2203 265 2258 A
346 2203 468 2262 dicimm
488 2202 547 2261 AO
563 2203 693 2260 ducimus
712 2202 741 2259 Β
823 2209 840 2258 4
860 2203 996 2275 qnoniam
1014 2205 1196 2276 nuncapatur
1214 2201 1274 2259 AO
1330 2203 1367 2260 od
1386 2222 1456 2260 unn-

115 2287 236 2356 cupetnr
252 2284 281 2339 Β
346 2283 436 2358 qnod]
457 2301 532 2357 quaa
551 2283 646 2341 ABG
708 2291 724 2341 t
744 2283 838 2358 lavor]
857 2283 940 2340 febor
957 2281 986 2338 Β
1060 2290 1076 2339 6
1097 2283 1154 2340 Bur
1172 2283 1283 2355 syllaba
1316 2285 1457 2342 erminato

114 2364 134 2420 b
152 2369 234 2422 mota
251 2365 394 2438 scripturn
411 2365 524 2423 tenebit
544 2365 569 2422 0
585 2365 642 2422 Bur
661 2365 774 2436 syllaba
791 2365 810 2421 b
830 2367 940 2422 nuum
958 2363 1101 2436 scriptura
1119 2365 1230 2422 tenebit
1247 2366 1276 2421 A
1342 2372 1357 2423 7
1377 2367 1456 2423 tene·

118 2445 189 2502 bunt
206 2445 236 2501 Β
305 2451 323 2504 8
341 2463 391 2504 uer
410 2447 491 2503 breui
509 2446 598 2503 inste
616 2445 728 2518 syllaba
745 2463 796 2518 per
814 2465 834 2502 ιι
852 2445 982 2503 noralem
1006 2461 1058 2517 pro
1078 2449 1252 2504 consonante
1271 2447 1406 2504 scribitur
1424 2450 1457 2504 nt

115 2526 195 2585 clines
226 2528 246 2584 b
272 2529 381 2585 mntem
406 2534 425 2582 ῑι
449 2526 561 2584 tenebit
584 2525 636 2582 bes
660 2525 750 2598 longa
774 2543 839 2583 cnm
864 2525 952 2584 fuerit
974 2526 1130 2588 terminata
1154 2527 1184 2584 in
1205 2528 1346 2600 scripturn
1370 2528 1395 2584 0

115 2606 239 2665 tinent
257 2609 286 2664 A
303 2608 412 2666 fuerint
430 2606 459 2663 Β
533 2608 552 2665 b
571 2609 680 2664 matam
699 2609 839 2667 tenebunt
856 2607 893 2682 B,
913 2623 964 2666 oso.
983 2609 1012 2664 A
1087 2613 1120 2665 12
1140 2608 1215 2666 nivis
1233 2624 1285 2666 oste
1305 2611 1333 2666 A

579 2915 766 2973 mutan
785 2916 834 2974 DE
855 2917 877 2973 B
896 2915 946 2974 ET
966 2915 992 2974 V

117 3086 275 3170 simplicia.
312 3105 366 3150 ror
380 3105 444 3169 ,ρει
463 3105 481 3146 v
505 3084 677 3168 digammon
697 3097 836 3172 notetur,
860 3096 894 3150 ut
917 3086 993 3149 livor
1012 3094 1044 3148 et
1063 3085 1195 3172 llavors,
1218 3089 1244 3150 si
1267 3087 1325 3151 boc
1345 3106 1454 3151 nomeu

117 3195 148 3256 in
171 3194 228 3256 bae
252 3203 337 3276 parte
361 3196 432 3276 poni
457 3197 664 3258 necessarium
687 3195 833 3259 dicimus:
856 3195 978 3278 quidam
998 3198 1080 3259 euim
1100 3215 1162 3258 unu
1181 3195 1279 3259 solnm
1299 3196 1378 3259 Mars
1402 3196 1456 3259 sed

55 3285 64 3293 ’
118 3305 207 3366 etiam
236 3301 367 3385 Mavors,
395 3302 476 3366 uude
505 3311 536 3364 et
564 3301 722 3389 Mavortia,
751 3304 810 3368 dici
843 3303 962 3367 volunt:
995 3313 1122 3386 excepto
1156 3304 1279 3388 arbore,
1313 3307 1455 3386 quomam

118 3421 312 3493 nuncupatur
334 3420 366 3475 et
389 3410 492 3494 arbos,
523 3410 604 3492 quod
636 3412 735 3494 perh
759 3421 873 3476 mutam
897 3411 990 3476 scribi
1020 3411 1348 3478 docuit.cousuetutlo.
1386 3431 1455 3475 nam

92 3519 202 3582 tlabor
236 3521 319 3582 lavor
354 3521 456 3582 lervor
487 3537 580 3601 pavor
608 3540 644 3583 ex
675 3521 766 3584 verbo
795 3523 922 3600 figurata
951 3519 1035 3582 verbi
1065 3538 1187 3601 quoque
1215 3539 1276 3583 non
1306 3520 1456 3601 abnegant

118 3627 260 3708 regulam.
290 3627 349 3690 bur
364 3627 475 3710 syllaba
496 3630 655 3691 terminata
673 3628 693 3690 b
713 3638 827 3692 mutam
841 3631 872 3692 in
888 3629 1040 3710 scriptura
1060 3627 1187 3712 tenebit,
1207 3639 1241 3691 ut
1260 3627 1337 3690 ebur
1352 3626 1455 3690 robur.

207 3734 265 3797 Bne
294 3734 436 3816 syllabam
466 3739 622 3801 terminari
650 3740 681 3800 iu
710 3738 803 3800 latino
828 3755 968 3801 sermone
1003 3755 1108 3818 parum
1133 3739 1268 3818 invertire
1292 3739 1455 3820 potuimus.
1541 3729 1548 3746 ’

118 3861 168 3905 res
187 3843 290 3905 brevis
309 3843 430 3908 delluita
450 3844 561 3926 syllaba
580 3865 636 3927 per
655 3866 672 3906 v
693 3845 824 3910 vocalem
846 3864 902 3928 pro
922 3855 1108 3908 consonante
1128 3845 1291 3930 scribetur,
1311 3855 1345 3910 ut
1364 3845 1455 3908 clives.

118 3951 170 4015 bes
198 3951 288 4034 longa
311 3971 381 4016 cum
409 3953 503 4015 luerit
531 3956 703 4037 terminata,
726 3954 746 4017 b
779 3963 892 4018 mutam
920 3953 1037 4017 tenebit
1060 3955 1091 4016 io
1116 3957 1281 4038 scriptura,
1311 3962 1346 4019 ut
1373 3953 1455 4016 labes

82 4073 105 4113 ιο
119 4060 203 4124 tabes
221 4059 319 4142 pubes
340 4059 447 4144 nubes,
462 4064 597 4142 quamvis
616 4061 706 4125 uubis
726 4062 847 4146 quidam
867 4065 1084 4125 nominativum
1104 4067 1255 4126 enuntiari
1273 4062 1454 4126 maluerunt.
1488 4122 1497 4136 ,

118 4171 161 4231 vis
190 4188 247 4252 per
274 4188 292 4229 v
320 4165 453 4232 vmalem
480 4167 547 4231 loco
575 4171 704 4251 positam
734 4173 943 4254 consonantis,
977 4179 1012 4234 nt
1039 4173 1113 4234 civis
1142 4174 1218 4235 nivis
1249 4173 1332 4235 navis
1363 4167 1454 4233 clavis

117 4280 216 4359 gravis
239 4277 338 4361 pulvis
362 4279 470 4340 suavis.
508 4277 579 4338 licet
603 4279 683 4340 euim
707 4278 824 4342 scrobis
848 4289 879 4342 et
902 4277 986 4340 orbis
1008 4297 1064 4359 per
1087 4278 1107 4341 b
1132 4289 1246 4343 mutam
1269 4279 1452 4362 scribantur,

120 4393 221 4450 tameo
241 4385 297 4450 hae
316 4385 354 4450 de
374 4403 478 4476 causa,
497 4387 639 4468 quonlam
659 4387 781 4468 qutidam
800 4389 1016 4451 nominativum
1039 4387 1221 4468 singularem
1241 4389 1335 4473 siusi
1353 4388 1453 4450 littera

119 4497 272 4559 enuntiari
296 4494 466 4559 voluerunt
503 4492 559 4557 bos
582 4512 638 4577 per
660 4494 681 4558 b
705 4507 832 4580 murtam,
856 4503 892 4560 ut
915 4494 1018 4579 arbos,
1042 4515 1098 4558 ceu
1120 4497 1261 4577 superius
1280 4499 1453 4560 meminisse

84 4613 106 4656 1⁵
120 4605 340 4685 cognoscimus.
378 4603 451 4688 bns,
476 4603 625 4686 siquidem
645 4602 805 4667 masculini
826 4606 948 4684 generis
967 4611 1083 4667 tantum
1103 4601 1223 4665 nomina
1247 4603 1376 4689 luerim,
1399 4624 1455 4686 per
1531 4621 1537 4628 ·

120 4711 272 4776 bmutam
296 4711 462 4797 scribetur,
485 4720 520 4776 ut
544 4712 631 4776 cibus
654 4711 769 4775 nuebus
794 4712 918 4776 morbus
941 4712 1037 4775 rubus
1060 4709 1168 4794 globus
1192 4710 1313 4775 nimbus
1336 4711 1455 4776 lembus

191 4893 295 4944 lnam
313 4887 395 4945 lavor
411 4885 494 4945 lavor
511 4887 547 4944 N
561 4905 628 4945 nam
646 4886 729 4944 labor
747 4887 829 4945 labor
847 4873 880 4944 15
927 4888 1089 4958 babnegat
1106 4886 1140 4942 N
1196 4891 1230 4942 16
1249 4887 1407 4944 scribentur
1423 4886 1459 4943 N
