3602 5482
643 331 713 390 ARS
732 331 983 392 Gaamuamca
1400 335 1465 401 367

131 540 279 586 versuum
304 497 485 586 vicenorum'
507 531 540 586 et
562 530 781 604 quaternorum
810 526 851 588 ita
879 525 986 608 scripti
1014 532 1099 606 snut,
1128 533 1162 589 nt
1189 526 1322 608 primum
1350 540 1468 606 graeca,

131 629 244 694 deinde
268 633 300 694 in
322 630 418 696 altero
437 631 584 696 laterculo
603 635 687 696 iuxta
705 635 802 716 posita
822 637 884 697 sint
902 632 994 696 latina
1012 631 1171 716 vocabula;
1195 633 1349 697 Interdum
1368 634 1468 714 etiam,

130 742 263 804 maxime
287 741 318 802 ln
342 741 449 822 primis
480 739 526 802 rel
554 743 698 804 extremis
727 743 905 824 paginarum
937 739 1104 824 laterculis,
1137 740 1227 804 latina
1261 743 1467 825 superscripta

133 859 208 913 sunt
231 850 349 931 precs
373 848 420 912 rel
443 851 475 912 in
498 847 686 932 marginibus
710 851 869 934 adscripta.

225 956 386 1022 Lectiones
410 967 512 1022 autem
531 958 663 1022 duorum
682 957 835 1045 codicum,
858 962 889 1022 in
909 959 1020 1042 quihus
1039 959 1112 1038 solis
1131 959 1267 1024 Dosithel
1285 978 1335 1022 ars
1354 962 1467 1042 scripta

132 1076 193 1150 est,
219 1067 279 1130 mm
303 1077 444 1131 accurate
467 1069 549 1132 inter
572 1085 606 1130 se
630 1071 838 1146 consentiunt,
867 1078 902 1133 ut
929 1067 1061 1133 dubitari
1092 1077 1223 1150 nequeat
1247 1071 1320 1151 quin
1344 1087 1381 1131 ex
1405 1087 1466 1130 nno

131 1175 297 1260 archetypo
322 1175 406 1240 ducti
430 1178 492 1240 sint
515 1225 522 1240 .
547 1177 600 1241 sed
624 1179 655 1240 in
679 1177 853 1242 Monacensl
880 1177 959 1242 libro
987 1195 1022 1240 aa
1051 1185 1168 1241 motum
1199 1195 1276 1259 quae
1304 1197 1412 1260 graece
1436 1187 1469 1241 et

131 1286 226 1350 hune
250 1288 363 1369 scripta
387 1292 474 1350 erant
498 1296 620 1369 recepta
639 1297 730 1370 atque
749 1306 787 1351 ex
806 1287 853 1352 his
873 1305 994 1370 quoque
1014 1287 1107 1352 multa
1124 1289 1352 1371 praetermissa,
1376 1305 1466 1369 quae·

131 1395 202 1460 dam
233 1413 306 1458 sero
335 1397 426 1459 etiam
453 1413 470 1458 a
498 1394 622 1460 librario
651 1404 765 1460 mumta
800 1405 885 1461 sunt:
916 1414 1013 1480 pauca
1041 1398 1163 1460 omnino
1192 1398 1403 1479 inveniuntur,
1435 1398 1467 1459 in

131 1503 246 1588 qtdbus
265 1503 422 1568 meliorem
446 1506 628 1587 scripturam
650 1503 803 1588 praebeat.
840 1506 1011 1569 accuratior
1035 1507 1126 1568 etiam
1149 1522 1317 1568 consensus
1336 1503 1466 1568 duorum

131 1613 274 1678 codicum
302 1612 542 1698 deprehenditur
574 1615 606 1677 in
638 1614 675 1677 lis
704 1631 781 1697 quae
811 1632 848 1678 ex
880 1614 989 1697 glossis
1020 1623 1052 1677 et
1079 1615 1239 1677 sententiis
1269 1621 1301 1676 et
1328 1611 1466 1694 epistulis

130 1723 278 1788 lladrlani
306 1727 338 1786 in
361 1723 535 1787 bionaoenai
563 1721 667 1786 relicta
696 1731 781 1808 aunt,
810 1741 887 1806 quae
910 1723 999 1806 plane
1022 1722 1129 1787 eodem
1157 1721 1246 1785 modo
1275 1723 1307 1785 in
1337 1730 1466 1806 utroque

130 1832 211 1897 libro
235 1835 348 1915 scripta
372 1832 475 1895 inveni
498 1879 505 1895 .
529 1833 631 1914 itaque
655 1849 725 1895 cum
749 1831 856 1896 inutile
876 1849 943 1894 esse
962 1829 1118 1895 rideretur
1138 1849 1259 1894 omnem
1278 1831 1467 1896 Monacensis

131 1940 248 2005 ennete
271 1941 505 2024 discrepantiam
530 1949 670 2004 accurate
694 1941 877 2024 descriptam
900 1957 1087 2026 proponere,
1111 1959 1172 2005 non
1196 1943 1299 2024 putari
1318 1942 1466 2004 rationem

130 2069 225 2134 qnam
255 2052 286 2116 in
315 2053 418 2135 priore
447 2050 580 2114 editione
609 2060 733 2114 secutus
762 2068 845 2114 eram
872 2049 1047 2114 mutandam
1077 2069 1158 2133 esse,
1187 2049 1254 2133 sed,
1288 2050 1368 2112 sicut
1396 2048 1467 2111 olim

129 2161 339 2245 institueram,
362 2158 565 2243 Sangallensis
589 2157 702 2222 codicis
726 2161 907 2242 scripturam
933 2168 993 2221 tam
1016 2161 1047 2222 in
1071 2158 1171 2223 latinis
1192 2175 1280 2240 quam
1300 2160 1330 2220 in
1350 2160 1467 2240 graecis

131 2267 287 2333 vocabulis
310 2287 366 2352 per
389 2287 422 2331 se
445 2269 577 2350 positam
599 2269 631 2330 in
654 2269 756 2350 priore
779 2266 980 2332 adnotationis
1002 2279 1089 2352 parte
1108 2267 1231 2333 exhibui
1251 2316 1258 2331 .
1277 2266 1467 2330 Monacensis

130 2386 234 2442 antem
259 2377 373 2442 codicis
397 2368 646 2461 lectiones'tum,
670 2394 741 2440 cum
765 2375 801 2441 ab
826 2375 877 2440 illo
900 2376 1135 2462 dissentiebant,
1160 2379 1186 2440 al
1211 2374 1299 2440 modo
1318 2393 1466 2439 memora-

131 2487 204 2552 bilis
237 2506 306 2552 esse
338 2486 498 2551 ridebatur
531 2484 701 2570 dissensus,
739 2487 770 2549 in
808 2485 902 2550 altera
933 2497 1020 2570 parte
1051 2487 1252 2551 adnotationis
1283 2487 1382 2570 posui.
1428 2482 1466 2547 de

131 2596 320 2680 sangallensi
350 2607 452 2661 autem
480 2594 585 2660 codice
614 2603 749 2678 repetam
778 2613 855 2677 quae
883 2597 914 2658 in
943 2596 1045 2678 prlore
1076 2593 1224 2680 editione,
1253 2613 1291 2658 ex
1319 2612 1377 2677 qua
1406 2592 1466 2656 dis·
1512 2642 1515 2652 ,

131 2707 289 2790 crepantia
312 2707 482 2789 scripturae
512 2707 641 2788 repetita
669 2713 731 2788 est,
764 2705 872 2786 scripsi
895 2726 904 2768 ε
929 2699 1123 2787 ‘quamquam
1157 2705 1261 2768 curari
1294 2711 1328 2767 ut
1359 2721 1466 2766 omnes

131 2814 249 2878 librarii
272 2832 395 2878 errores
417 2813 647 2898 exhiberentur,
680 2821 780 2876 tamen
812 2804 852 2876 in'
877 2815 993 2895 graecis
1024 2813 1131 2897 multa,
1159 2832 1236 2896 quae
1260 2831 1321 2875 non
1345 2819 1407 2875 tam
1429 2831 1465 2875 ex

131 2923 307 2987 diversitate
332 2925 500 3006 scripturae
525 2940 615 3005 quam
638 2941 676 2985 ex
695 2921 884 3005 neglegentia
903 2924 1032 3005 quadam
1051 2921 1099 2986 sel
1119 2924 1190 2986 vitio
1210 2923 1466 3004 pronuntiationis

132 3039 203 3096 nata
217 3041 299 3112 sunt,
321 3030 487 3095 omittenda
510 3043 610 3116 erant,
634 3041 667 3094 ut
692 3051 704 3092 ι
728 3049 783 3115 pro
808 3051 837 3095 se
856 3033 990 3114 positum
1009 3031 1056 3095 sel
1075 3051 1105 3096 se
1124 3050 1180 3114 pro
1201 3052 1223 3111 r,
1249 3041 1282 3093 ut
1305 3027 1466 3094 dedecea-

131 3143 206 3206 iem
221 3152 354 3223 στοιχια
368 3158 424 3224 pro
440 3135 643 3203 διδασκαλία
662 3148 820 3223 στοιχεῖα,
843 3139 890 3204 sel
910 3161 931 3223 η
950 3160 1006 3224 pro
1026 3161 1068 3222 aa,
1092 3152 1126 3204 ut
1145 3141 1247 3222 λεγην
1267 3158 1322 3222 pro
1342 3135 1465 3221 λέγειν,

132 3269 232 3334 opro
257 3269 284 3314 o
308 3259 339 3313 et
362 3268 378 3312 s
401 3267 457 3333 pro
480 3269 518 3331 η,
543 3257 577 3312 ut
599 3267 677 3312 arao
700 3269 760 3312 τεν
782 3267 838 3332 pro
863 3243 901 3313 ἐν
923 3247 970 3338 τῷ
994 3243 1074 3333 τήν,
1098 3271 1110 3312 ι
1133 3267 1189 3332 pro
1213 3269 1247 3330 o,
1274 3257 1309 3312 ut
1333 3261 1389 3312 σιν
1408 3269 1464 3332 pro

132 3354 215 3440 σύν,
248 3379 270 3423 ν
299 3378 355 3443 pro
385 3379 408 3441 γ
435 3358 482 3422 rel
510 3378 534 3441 p
569 3361 599 3422 ln
633 3357 757 3442 talibus,
791 3369 967 3440 συιηιρισις
1000 3372 1168 3442 συνφωνα
1201 3377 1256 3441 pro
1290 3349 1466 3442 σύγκρισις

132 3463 320 3554 σύμφωνα,
343 3487 437 3551 apro
455 3470 494 3548 a,
513 3477 647 3530 uixero
667 3487 723 3551 pro
742 3459 822 3531 καθ’
849 3458 881 3549 ὅ,
904 3489 926 3530 ν
945 3471 977 3532 in
997 3470 1055 3532 line
1075 3467 1291 3532 vocabulorum
1310 3468 1466 3552 omissum,

106 3579 167 3645 'ut
190 3591 326 3661 svyeoro
351 3597 407 3660 pro
431 3573 588 3659 ἔγγιστον
612 3623 619 3640 .
643 3576 717 3640 haec
745 3578 838 3658 igitur
867 3584 898 3638 et
926 3575 983 3639 aba
1006 3578 1152 3660 quaedam
1181 3577 1317 3657 eiusdem
1344 3580 1465 3660 generis

132 3689 313 3773 plerumque
337 3705 397 3750 non
422 3683 552 3748 indicata
577 3687 681 3748 vitiosa
713 3684 826 3748 codIcis
854 3687 1005 3768 scriptura
1029 3689 1148 3750 correxi
1173 3736 1179 3751 .
1204 3706 1264 3750 non
1289 3686 1369 3750 nulla
1393 3706 1465 3750 vero

56 3877 62 3890 ἱ
132 3801 198 3880 ipsa
222 3813 344 3878 quoque
368 3795 489 3878 vitiosa,
522 3813 599 3876 quae
632 3812 693 3857 non
726 3793 849 3858 librario
883 3795 937 3858 sed
967 3799 1163 3879 grammatico
1192 3815 1317 3878 graecae
1346 3795 1465 3878 linguae

131 3925 193 3970 non
218 3907 291 3968 satis
314 3906 413 3987 perito
437 3901 597 3967 tribuenda
621 3913 706 3987 sunt,
739 3921 777 3966 ne
810 3904 988 3986 eorrtgenda
1018 3905 1140 3986 quidem
1167 3900 1283 3988 putari’
1307 3953 1314 3968 .
1339 3905 1466 3968 eandem

131 4017 228 4099 igitur
250 4015 400 4077 rationem
429 4014 460 4076 in
484 4029 560 4076 nora
588 4012 720 4076 editione
750 4015 876 4096 retinui,
905 4031 1000 4096 panca
1029 4013 1200 4097 apographo
1229 4014 1356 4098 codicis,
1384 4014 1465 4095 quod

131 4123 204 4187 olim
224 4124 365 4205 teneram,
389 4120 490 4186 denuo
512 4123 651 4204 inspecto
674 4121 774 4205 paullo
798 4125 970 4187 accuratius
994 4123 1123 4187 indicari
1142 4123 1188 4187 rel
1211 4126 1242 4188 ln
1267 4125 1340 4207 ipsis
1364 4121 1464 4187 verbis

130 4232 322 4318 grammatici
346 4230 502 4295 emendari
526 4279 533 4294 .
557 4249 591 4294 ea
615 4249 692 4314 quae
717 4229 839 4313 ilageno
863 4241 988 4295 auctore
1013 4234 1115 4315 recepi
1140 4252 1175 4295 ex
1200 4250 1329 4296 censura
1353 4233 1465 4314 prioris

41 4424 44 4430 Ι
131 4343 276 4406 editionis
309 4339 423 4404 abillo
457 4341 488 4403 ln
522 4337 767 4422 ephemeridibus
799 4339 954 4404 litterariis
988 4327 1195 4423 lipsiensibus
1229 4333 1465 4426 (Literarisches

133 4442 348 4535 Cenhalblatt)
371 4467 397 4512 a.
424 4445 508 4512 1871
533 4467 561 4532 p.
589 4444 675 4511 1268
700 4447 777 4510 iacta
799 4451 893 4531 petita
917 4459 995 4512 sunt

224 4558 359 4622 Plurima
382 4575 459 4640 quae
483 4575 500 4619 a
521 4555 665 4619 Dositheo
689 4557 720 4618 in
744 4564 808 4619 arte
832 4560 1025 4638 grammatica
1049 4560 1162 4641 scripta
1181 4553 1253 4621 sunt
1267 4558 1346 4641 apud
1361 4559 1464 4624 Chari-

132 4673 214 4734 sium
238 4675 271 4730 et
293 4665 469 4730 Diomedem
492 4674 524 4728 et
546 4667 577 4727 in
601 4665 753 4746 excerptis
776 4683 813 4727 ex
836 4665 978 4730 Bohiensi
1002 4667 1106 4731 codice
1137 4669 1167 4730 in
1191 4670 1289 4750 primo
1313 4667 1464 4734 volrrmine

131 4778 400 4862 grammaticorum
424 4775 586 4838 latinorum
610 4772 713 4857 editis,
742 4792 801 4837 non
826 4775 907 4838 nulla
931 4779 1020 4840 etiam
1045 4775 1123 4859 apud
1147 4776 1221 4838 alios
1245 4781 1466 4865 grammaticos,

132 4890 214 4952 sieut
243 4887 275 4948 ln
304 4885 496 4948 adnotatione
525 4882 667 4966 indicari,
699 4881 851 4964 leguntur.
903 4905 962 4967 qno
992 4887 1024 4948 iit
1053 4893 1087 4948 ut
1116 4887 1162 4948 ria
1192 4885 1354 4968 quidquam
1387 4891 1465 4974 novi,
