3610 5482
316 341 359 408 12
813 343 990 400 ΤΒΒΕΝΤΠ
1010 342 1144 402 SCAVRI

212 489 219 502 .
313 457 336 496 p.
352 445 404 487 2251
420 445 445 488 1’.

273 569 283 578 -
315 530 526 608 adneriooom,
555 537 589 594 ut
617 548 687 593 cum
715 531 747 593 in
776 530 868 594 verbo
897 533 1000 596 oemio
1029 551 1044 596 s
1069 531 1202 596 litteram
1229 533 1325 615 priori
1356 532 1484 616 syllabae
1509 535 1650 618 iungunt,

273 681 274 684 κ
316 655 386 701 cum
409 639 588 721 posterioris
611 639 731 702 initium
755 658 823 703 esse
846 639 969 704 debeat:
999 651 1046 704 est
1069 643 1149 705 enim
1174 661 1212 706 ne
1237 644 1309 704 scio.
1346 661 1416 705 nam
1440 663 1477 706 oe
1506 662 1562 726 pro
1586 661 1650 706 non

314 748 446 828 positum
477 753 523 810 est
552 745 631 828 apud
659 749 807 828 antiquos.
847 731 874 828 ¹†
903 749 1051 830 significat
1083 750 1245 813 nefrendes
1267 768 1377 833 porcos
1406 755 1459 833 qui
1482 761 1559 828 ‚sunt
1582 754 1649 816 sine

316 845 471 938 dentibus,
495 853 525 916 id
549 856 672 936 est'qui
694 853 792 916 fabam
817 855 957 918 frendere
983 875 1044 919 nou
1067 867 1212 940 possunt,
1240 877 1371 941 nesapus
1395 861 1531 940 quinon
1562 862 1651 942 sapit,

315 965 356 1026 ita
380 973 412 1026 et
435 965 536 1026 nescio
562 981 621 1025 non
646 964 709 1026 scio
733 961 864 1026 diductis
887 965 919 1026 in
944 963 1069 1028 verbum
1093 976 1124 1028 et
1156 964 1332 1029 adverbium
1356 965 1485 1048 syllabis.
1518 945 1680 1031 recurri-s

230 1125 235 1132 .
315 1075 398 1155 gitur
422 1069 626 1152 sero-regulis
650 1068 761 1163 tribus,
785 1070 926 1154 historia,
949 1075 1164 1156 originatione,
1188 1093 1278 1157 quam
1297 1074 1404 1138 Graeci
1424 1071 1651 1159 ἐτυμολογίαν

315 1180 479 1265 appellant,
504 1181 717 1262 proportione,
741 1199 816 1261 quae
841 1198 948 1262 graece
972 1170 1141 1263 ἀναλογία
1165 1181 1284 1246 dicitur.
1323 1193 1354 1246 et
1373 1184 1498 1248 historia
1518 1184 1652 1270 quidem,

316 1299 350 1356 ut
374 1287 522 1354 cum'sed
546 1307 601 1370 per
621 1289 813 1350 novissimam
837 1288 968 1350 litteram
993 1291 1016 1352 d
1038 1289 1215 1373 scribimus,
1239 1293 1380 1372 quoniam
1402 1295 1521 1375 antiqui
1544 1293 1651 1356 sedum
1683 1369 1691 1385 ἱ

316 1400 449 1472 dixerint
468 1408 505 1460 et
517 1416 572 1480 per
590 1395 792 1460 abscisionem
811 1399 1035 1460 coniunctionis
1053 1415 1124 1480 pars
1144 1401 1333 1462 remanserit
1363 1397 1421 1480 [at]
1441 1403 1652 1482 originatione,

316 1517 350 1572 ut
380 1525 450 1570 cum
479 1505 607 1569 dicimus
636 1505 778 1568 iricboare
810 1523 879 1568 cum
909 1507 1091 1588 aspiratione
1122 1505 1330 1588 scribendum,
1358 1511 1499 1589 quoniam
1529 1527 1545 1570 a
1575 1509 1651 1571 chao
1670 1527 1703 1565 ιο

316 1617 430 1681 dictum
453 1620 507 1692 sit,
531 1613 612 1696 quod
637 1615 728 1678 fuerit
753 1616 872 1678 initium
892 1617 1158 1704 omnium-rerum.
1196 1619 1407 1699 proportione,
1431 1624 1466 1680 ut
1489 1635 1559 1678 cum
1578 1615 1652 1678 dici·

316 1744 385 1788 mus
409 1741 521 1806 equum
545 1731 576 1786 et
600 1741 720 1786 serrum
746 1731 776 1789 et
800 1722 907 1786 similia
932 1722 1043 1786 debere
1067 1723 1175 1806 scribi,
1199 1726 1269 1805 quia
1292 1725 1410 1806 antiqui
1432 1743 1489 1806 per
1514 1721 1552 1788 ιιό
1576 1727 1652 1787 scri·

316 1836 447 1918 pserint,
478 1834 619 1914 quoniam
650 1833 786 1894 scierunt
816 1831 949 1894 vocalem
981 1848 1041 1894 non
1070 1850 1160 1915 posse
1188 1834 1335 1914 geminari
1364 1832 1588 1916 credebantque
1621 1842 1654 1896 et

317 1943 394 2006 banc
418 1941 550 2005 litteram
574 1942 754 2022 geminatam
779 1948 909 2022 utroque
933 1939 1001 2002 loco
1025 1942 1057 2003 iu
1081 1945 1135 2004 sua'
1158 1950 1307 2023 potestate
1332 1960 1543 2025 perseverare,
1567 1945 1652 2022 iguo·

317 2060 420 2120 rantes
440 2067 505 2112 eam
524 2051 727 2132 praepositam
750 2046 842 2110 vocali
862 2049 1140 2112 consonantisrice
1161 2051 1246 2131 fungi
1270 2059 1301 2112 et
1323 2052 1394 2132 poni
1418 2069 1474 2132 pro
1495 2069 1528 2112 ea
1550 2049 1652 2112 littera
1669 2067 1703 2106 rs

317 2179 393 2242 quae
422 2161 462 2222 sit
490 2159 519 2242 i;
548 2156 672 2239 deinde,
701 2157 782 2238 quod
812 2159 912 2220 omnia
938 2159 1057 2220 nomina
1088 2159 1231 2222 feminina
1255 2161 1437 2221 nominativo
1466 2159 1692 2239 singularia-

318 2269 414 2351 finita,
443 2269 586 2348 quotiens
614 2269 644 2328 in
676 2263 875 2328 masculinum
904 2273 1074 2348 transeant,
1104 2269 1230 2329 servatis
1261 2265 1513 2353 praecedentibus
1542 2266 1653 2330 litteris

318 2379 514 2440 novissimum
544 2395 560 2436 a
591 2376 623 2437 in
652 2393 671 2436 u
702 2381 820 2436 vertant
847 2381 878 2436 et
909 2383 1062 2455 assumpta
1089 2393 1104 2435 s
1129 2377 1316 2438 contrarium
1339 2393 1445 2438 sexum
1473 2377 1654 2458 significent,

262 2524 270 2530 -
319 2495 354 2548 ut
377 2487 458 2548 iusta
481 2486 601 2566 iustus,
619 2492 700 2547 casta
724 2491 839 2564 castus,
863 2484 911 2564 pia
934 2485 1018 2564 pius,
1040 2484 1081 2545 ita
1106 2490 1137 2545 et
1161 2499 1237 2563 equa
1257 2493 1288 2546 et
1305 2503 1397 2546 servo
1417 2486 1543 2545 serratis
1566 2501 1653 2564 prae-

320 2591 500 2657 cedentibus
531 2591 640 2653 litteris
671 2601 714 2659 et
732 2610 750 2652 ιι
780 2609 835 2672 pro
864 2579 882 2652 a
910 2588 1074 2653 substituto
1104 2609 1200 2670 equus
1230 2599 1261 2653 et
1289 2610 1395 2654 serras
1426 2601 1457 2653 et
1485 2609 1597 2672 equum
1622 2601 1654 2653 et
1669 2606 1705 2647 ²0

323 2720 443 2773 servum
473 2719 528 2783 per
557 2699 617 2761 duo
647 2718 682 2782 u,
710 2718 770 2762 non
800 2717 854 2781 per
884 2717 978 2761 unum
1007 2699 1204 2782 reficiunt,
1233 2707 1359 2781 excepto
1391 2718 1450 2761 rino
1479 2703 1543 2762 aria
1571 2719 1655 2781 avire,

320 2809 400 2874 unde
424 2817 549 2891 apparet
572 2810 670 2870 crisim
695 2807 836 2871 debuisse
860 2808 928 2870 dici.

319 2941 536 2954 ...υ-

340 3076 345 3089 ⁸
413 3009 426 3057 1
447 2999 543 3058 nescio
558 3018 588 3071 p.
609 3006 659 3066 28,
678 3005 723 3057 15·
790 3007 823 3056 tt
843 2999 1036 3072 praepositam
1055 2999 1148 3056 vocab
1163 3017 1195 3070 p.
1215 3005 1260 3067 17,
1279 3005 1300 3056 2

412 3179 426 3228 1
455 3170 568 3228 litterae
595 3169 638 3236 B,
663 3187 732 3227 cors.
756 3188 814 3226 -am
841 3172 858 3227 b
967 3170 1055 3242 priori
1078 3171 1206 3242 syllabae
1234 3171 1356 3243 iungunt
1381 3177 1509 3248 eccepto
1533 3172 1655 3228 Eussner.

320 3253 463 3326 sfcsperm.
490 3252 580 3318 Voss,
599 3253 688 3324 priori
707 3253 834 3323 syllabae
853 3251 1005 3322 iniungant
1025 3253 1054 3308 P
1070 3253 1160 3325 priori
1181 3252 1309 3324 syllabae
1329 3253 1505 3326 coniungunt
1523 3275 1545 3308 ω
1568 3254 1658 3325 priori
1770 3319 1774 3329 Ι

319 3336 443 3408 iungrmt
461 3334 489 3389 Β
512 3383 518 3392 .
563 3340 579 3388 t
600 3335 643 3390 est
666 3333 741 3390 enim
764 3334 860 3390 nescio
885 3351 941 3390 non
963 3332 1022 3389 scio
1046 3341 1175 3406 eccepto
1193 3335 1314 3389 Βιιιιιιιι.
1336 3333 1478 3406 Scepsim.
1506 3333 1581 3390 Voss.

277 3451 298 3460 ο
319 3423 335 3472 3
357 3416 436 3488 Aput
460 3414 593 3484 antiquos
617 3412 758 3485 significat
781 3413 925 3471 nifrendes
946 3414 975 3468 P
996 3415 1074 3485 apud
1093 3416 1227 3487 antiquos
1246 3417 1278 3470 ut
1302 3413 1451 3470 nefrendes
1471 3433 1502 3470 ω.
1538 3415 1658 3482 sortasse

320 3497 398 3569 apud
413 3497 559 3568 antiquos,
580 3495 654 3551 sicut
672 3494 807 3552 dicebant
822 3495 971 3552 nefrendes
1044 3495 1203 3568 nefrendes]
1227 3496 1307 3551 Vcrr.
1325 3514 1346 3553 r.
1362 3513 1386 3551 r.
1403 3497 1424 3550 I
1424 3496 1445 3550 I
1457 3501 1534 3563 4,17
1549 3497 1656 3554 amisso

233 3597 238 3602 ·
320 3577 435 3635 nomine
454 3577 587 3635 hmends
603 3577 736 3634 dicuutur
749 3577 899 3634 nefrendes
914 3577 953 3632 ab
967 3593 1013 3646 eo,
1034 3569 1110 3647 qno'd
1124 3578 1251 3635 nondum
1264 3575 1360 3631 fabam
1381 3573 1658 3646 frendere-possunt,

320 3657 351 3714 id
371 3662 415 3714 est
433 3657 578 3729 frangere:
604 3663 639 3728 ef.
659 3660 735 3717 Fosi.
754 3678 782 3732 p.
803 3665 860 3716 162
936 3665 951 3714 t
972 3658 1095 3715 diductis
1117 3659 1170 3715 Pc
1191 3655 1319 3714 deductis
1338 3656 1366 3710 Β
1440 3657 1658 3713 ΒΗΓΥΜΟΛΟ-

320 3739 398 3794 ΤΙΑΝ
423 3739 451 3794 Β
481 3740 676 3797 ΕΤΥΜΛΓΙΑΝ
703 3742 732 3797 Ρ
818 3742 883 3796 'tet
901 3757 952 3795 om.
973 3761 995 3795 ω
1084 3741 1208 3796 edom.
1228 3738 1331 3805 ΒΡω,
1357 3736 1422 3793 cdd.
1445 3737 1595 3794 Putseleius

321 3818 491 3876 edixerunt
508 3822 597 3877 ΒΡω
689 3829 720 3878 10
740 3821 890 3878 scribendo
910 3841 931 3875 ω
1020 3840 1038 3877 a
1057 3823 1128 3878 chao
1150 3821 1203 3875 Pu
1223 3836 1241 3874 a
1260 3817 1314 3874 cbo
1332 3817 1375 3872 B:
1393 3817 1497 3875 inchoo
1515 3819 1658 3893 inclinavi,

321 3901 362 3957 sic
382 3900 532 3958 dicendum
557 3905 640 3973 putat
659 3904 748 3958 lulius
768 3903 926 3973 Modestus,
951 3903 1019 3974 quia
1045 3903 1083 3959 sit
1095 3901 1290 3974 'compositum
1309 3919 1328 3956 a
1346 3901 1432 3970 chao,
1456 3901 1539 3957 initio
1564 3919 1658 3958 rerum

322 3981 470 4038 Diosnedes
484 4001 515 4054 p.
536 3985 721 4052 365‚16.cf.
742 3983 824 4038 Vorr.
845 3985 878 4039 de
897 3983 915 4040 l.
935 3985 952 4040 l.
971 3984 1005 4062 ¹l'
1021 3991 1057 4041 19
1142 3991 1174 4038 ιι
1196 3982 1234 4038 sit
1252 3999 1303 4038 om.
1322 3982 1413 4036 ΒΡω
1504 3989 1536 4038 it
1556 3997 1656 4038 eccum

289 4103 296 4116 .
322 4065 402 4132 (corr.
424 4066 519 4135 aqum)
543 4069 573 4122 et
597 4081 710 4120 seruum
728 4065 756 4120 Β
780 4081 892 4122 seruum
913 4066 942 4121 et
965 4083 1082 4122 ceruum
1102 4065 1166 4135 Pu,
1186 4079 1289 4134 equom
1309 4063 1339 4117 et
1365 4078 1476 4119 seruom
1497 4062 1657 4118 Potentius.

321 4145 440 4213 fortasse
459 4161 563 4215 equum
582 4161 697 4201 servum
715 4149 745 4202 et
770 4145 875 4202 similia
899 4146 1025 4217 perduc
1043 4165 1063 4202 u
1082 4146 1184 4216 debers
1203 4143 1290 4200 scribi
1376 4144 1474 4200 deberi
1496 4145 1524 4199 P
1607 4161 1659 4214 per

322 4241 359 4281 uo
378 4225 542 4298 scripserint
562 4227 726 4297 Putsclsius,
745 4244 797 4297 per
815 4242 866 4282 uos
885 4225 1050 4298 scripserint
1069 4228 1124 4284 Pu
1143 4243 1263 4299 paruos
1282 4227 1402 4298 scripse?
1422 4225 1449 4280 Β
1542 4231 1576 4280 14
1594 4241 1658 4297 per·

323 4306 465 4378 seuerare]
485 4325 615 4366 seueram
633 4309 661 4364 Β
681 4325 794 4365 seruare
814 4307 843 4361 P
860 4307 967 4362 samari
987 4329 1022 4363 uu
1107 4315 1140 4364 td
1159 4325 1232 4379 quae
1251 4308 1289 4365 sit
1307 4308 1322 4364 f
1338 4327 1359 4362 ω
1379 4305 1524 4377 quaesitae
1542 4305 1570 4360 Β
1589 4322 1659 4375 que-

268 4411 274 4418 ·
322 4385 376 4442 siis
395 4387 424 4441 P
498 4389 638 4462 singulari
656 4407 675 4446 a
693 4389 775 4445 finita
793 4407 815 4442 ω
835 4386 981 4458 singulari.
1001 4391 1033 4446 L.
1053 4391 1134 4446 finita
1148 4391 1175 4445 Β
1197 4389 1310 4460 singula
1327 4389 1357 4444 id
1377 4388 1421 4443 est
1439 4385 1519 4441 finita
1537 4385 1571 4441 P.
1599 4387 1659 4454 sor·
1728 4401 1736 4412 “

324 4473 396 4524 tasse
415 4485 432 4524 a
450 4467 547 4525 littera
567 4471 648 4528 finita
666 4477 691 4527 et
709 4471 807 4527 deiude
826 4469 978 4542 adsumpta
992 4491 1005 4527 s
1019 4471 1117 4528 littera
1130 4473 1280 4541 empserat
1298 4469 1496 4541 praenotatione
1576 4472 1608 4522 ll
1627 4465 1658 4521 in

323 4550 689 4622 masculinumtransseani
701 4553 729 4607 P
741 4553 770 4607 in
785 4550 942 4607 masculino
957 4553 1102 4608 transeant
1111 4551 1140 4606 Β
1207 4555 1238 4605 te
1254 4553 1399 4621 assumpta
1413 4569 1426 4606 s
1442 4549 1496 4604 Pe
1512 4551 1661 4619 assumpta

324 4629 402 4688 L.B
481 4631 642 4704 significant
662 4631 750 4688 BPc
838 4636 869 4686 19
889 4633 919 4686 et
938 4647 1012 4701 equo
1031 4635 1061 4688 et
1079 4631 1200 4689 seruatis
1219 4629 1454 4702 praecedentibus
1473 4627 1662 4686 litteris-BP

327 4715 357 4769 et
375 4727 449 4783 aqna
468 4715 498 4769 et
516 4731 599 4770 seron
617 4713 852 4786 praecedentibus
871 4711 963 4767 literis
982 4713 1102 4770 minatis
1118 4735 1139 4769 u
1215 4719 1319 4783 tltper
1337 4727 1392 4767 nno
1412 4713 1474 4782 (per
1493 4726 1547 4765 auo
1563 4727 1598 4768 n.
1619 4711 1659 4780 P)

324 4809 382 4849 non
401 4809 451 4864 per
469 4810 489 4848 n
508 4793 619 4850 efficere
638 4794 699 4848 BP
715 4811 766 4866 per
780 4811 832 4850 uns
846 4809 902 4848 non
916 4809 968 4863 per
982 4811 999 4849 o
1014 4793 1126 4850 efficere
1141 4815 1163 4849 ω
1238 4808 1294 4849 nno
1309 4791 1375 4847 auia
1388 4809 1459 4848 auus
1476 4791 1505 4847 P
1521 4808 1577 4846 uno
1593 4791 1662 4848 ania

325 4875 464 4932 anosdin
538 4880 572 4929 ‘tt
593 4873 700 4947 arium]
721 4891 807 4930 auum
827 4874 890 4929 BP
907 4890 992 4930 auom
1012 4895 1034 4930 ω
