3564 5482
510 331 690 390 EXFMPLA
708 332 978 392 btocvmouvnt
1346 335 1414 401 445

75 527 107 586 in
144 543 207 606 quo
242 523 356 586 nomini
389 522 529 584 arusisni
563 541 673 587 nomen
702 521 833 587 Cornelii
868 521 1031 586 Frontonis
1063 524 1249 608 adscriptum
1282 534 1342 607 εει,
1376 543 1412 587 ex

74 633 223 697 Bobieusi
247 632 409 714 archetypo
434 639 573 694 accurate
598 649 762 714 expressus
786 641 845 715 est,
868 631 948 695 hand
973 633 1171 715 improbabile
1201 633 1353 697 ridebitur
1381 635 1411 697 in

4 751 12 762 '
76 742 135 805 hoc
159 741 301 806 similiter
325 752 489 822 utrumque
514 757 624 803 nomen
648 743 679 802 in
703 743 942 825 praescriptione
971 741 1040 804 libri
1069 745 1201 823 positum
1231 743 1335 806 luisse.
1382 754 1413 806 et

75 853 199 916 videtur
223 869 296 914 sane
320 849 380 914 lanc
402 851 558 933 pertinere
582 849 689 912 titulus
713 851 766 931 qui
788 851 871 912 inter
889 848 1055 913 lioblenses
1074 849 1195 914 codices
1218 859 1287 935 post
1310 851 1411 916 catho-

74 962 134 1024 lica
156 959 253 1024 Probi
275 957 390 1024 relatus
413 969 461 1022 est
484 961 516 1022 ln
540 957 699 1041 llaplnaelis
719 956 906 1022 Volaterrani
930 961 1155 1022 commentariis
1180 959 1304 1024 urbanis
1324 961 1343 1026 l.
1358 958 1411 1044 56,

78 1072 208 1134 Corneli
234 1070 400 1132 Frontonis
428 1071 602 1146 elegantiae
631 1069 761 1144 latinae,
790 1076 821 1130 et
848 1070 880 1131 in
908 1069 1046 1151 principe
1074 1067 1206 1132 editione
1235 1069 1412 1134 Terentiani

73 1179 188 1260 Mauri,
217 1178 354 1241 Cornelii
375 1179 542 1241 Frontonis
565 1179 737 1255 elegantius
760 1223 768 1240 .
792 1195 860 1240 nam
885 1179 1025 1240 drusiani
1050 1180 1162 1240 mentio
1187 1178 1263 1242 facta
1285 1189 1412 1242 nonest

74 1291 107 1351 ιιι
132 1286 221 1350 blesis
244 1285 330 1350 Bnbii
353 1288 485 1350 inventis
510 1335 517 1350 .
541 1287 573 1348 in
596 1284 697 1348 libello
722 1293 824 1349 autem
843 1284 1097 1369 differentiarum,
1121 1304 1211 1368 quem
1231 1286 1411 1350 Parrhasius

74 1399 200 1460 nomine
229 1395 391 1460 Frontonis
421 1397 602 1478 inscriptum
631 1395 661 1458 in
690 1394 822 1458 editione
851 1394 941 1470 Probi
970 1395 1104 1459 Vicetina
1128 1415 1155 1459 a.
1179 1392 1266 1459 1509
1291 1415 1327 1459 ex
1352 1396 1409 1460 alio

74 1505 182 1568 codice
206 1507 279 1569 item
303 1503 445 1568 bobiensi
468 1503 576 1588 edidit,
598 1502 672 1567 illud
697 1521 807 1568 nomen
830 1507 953 1569 omnino
977 1505 1067 1570 fldem
1091 1504 1274 1569 nonhabet.

170 1614 280 1678 lisdem
308 1616 459 1697 excerptis
490 1631 567 1696 qrrae
591 1613 754 1677 Frontonis
784 1615 904 1676 nomine
934 1615 1078 1696 inscripta
1112 1612 1200 1694 vulgo
1234 1611 1410 1676 terebantur

73 1727 96 1788 ii
135 1725 190 1806 qui
224 1725 315 1806 primi
351 1725 382 1786 in
420 1722 597 1805 fragmentis
634 1720 767 1784 Saliustii
805 1729 836 1784 et
874 1720 1031 1786 Ciceronis
1069 1721 1244 1804 colligendis
1283 1739 1407 1803 operam

74 1831 304 1896 collocaverunt
335 1833 383 1894 usi
413 1841 485 1896 sunt
512 1841 543 1893 et
572 1828 707 1912 exempla
739 1831 771 1892 ιιι
800 1829 859 1893 lllis
887 1832 976 1893 citata
1005 1833 1037 1894 in
1065 1849 1136 1894 suas
1169 1831 1407 1912 fragmentorum

74 1942 227 2005 editiones
251 1950 434 2024 receperunt
453 1986 461 2003 .
480 1939 516 2002 ad
541 1939 622 2003 bunc
646 1939 761 2002 fontem
785 1941 865 2002 enim
889 1937 1057 2003 revocanda
1080 1948 1128 2003 est
1151 1941 1294 2002 memoria
1313 1938 1408 2002 Fron·

75 2053 158 2114 tonis
191 2050 229 2112 ab
262 2048 350 2112 aldo
383 2048 545 2114 blarrutlo
583 2057 614 2112 et
652 2046 736 2110 lano
770 2047 888 2110 Dousa
921 2050 952 2111 in
985 2051 1067 2112 notis
1099 2049 1136 2112 ad
1170 2047 1360 2128 Sallustium,
1393 2067 1409 2110 a

28 2146 33 2159 ’
75 2159 209 2224 Carolo
248 2157 400 2241 Sigonio
442 2167 473 2222 et
515 2156 657 2220 andrea
699 2155 862 2220 Patricio
901 2161 931 2220 ln
971 2159 1148 2241 fragmentis
1186 2157 1354 2242 Ciceronis,
1392 2176 1408 2219 a

74 2269 206 2332 Fulvio
230 2265 362 2330 Vrsino
385 2269 417 2332 in
442 2269 520 2330 notis
544 2267 581 2329 ad
606 2265 782 2330 Sallustium
806 2275 837 2330 et
860 2265 1038 2334 Ciceronem
1062 2285 1151 2349 saepe
1176 2265 1315 2349 appellati
1340 2315 1346 2330 .
1371 2285 1407 2331 ex

76 2380 124 2442 bis
150 2378 293 2461 Sigonius
316 2387 347 2441 et
370 2376 497 2441 Vrsinus
521 2397 558 2441 eo
582 2377 685 2440 codice
710 2379 762 2458 qui
787 2396 867 2441 nuno
891 2376 1052 2442 Vaticanus
1071 2373 1160 2439 3402
1185 2383 1232 2438 est
1254 2377 1302 2438 usi
1327 2385 1407 2460 sunt,

16 2493 23 2505 '
75 2488 114 2552 de
140 2505 202 2569 qno
226 2485 369 2568 Sigonius
391 2489 423 2548 in
447 2485 509 2550 Cic.
534 2486 638 2568 fragm.
663 2484 796 2549 Venetiis
823 2483 910 2551 1560
935 2488 952 2550 f.
973 2482 1032 2570 56,
1056 2485 1173 2549 Clade
1194 2502 1256 2566 rep.
1277 2482 1289 2546 l
1311 2481 1406 2568 1218

75 2599 254 2660 nuntiatum
278 2602 324 2658 ert
350 2599 457 2659 venire
484 2595 624 2659 Laelium
648 2597 797 2673 domoque
831 2600 892 2658 iarn
925 2600 1039 2672 exisse,
1072 2592 1179 2656 scribit
1211 2593 1298 2676 baec,
1331 2588 1408 2657 ‘Hoc

75 2715 179 2769 autem
204 2705 419 2788 fragmentum,
443 2714 477 2768 ut
502 2703 594 2767 multa
618 2713 686 2786 post
710 2704 779 2788 alia,
810 2723 846 2768 er
871 2704 1003 2768 Cornelii
1031 2703 1193 2767 Frontonis
1220 2705 1407 2785 grammatici

77 2817 194 2879 arcteris
208 2811 286 2876 libro
302 2811 445 2896 quodam,
460 2815 512 2894 qui
522 2812 735 2877 Elocutionum
751 2813 887 2896 exempla
900 2815 1067 2896 inscriptus
1081 2821 1137 2897 est,
1152 2823 1306 2876 mutuatus
1321 2831 1407 2876 sum.

76 2941 169 3006 quiem
189 2921 300 2985 librum
320 2941 356 2985 ex
375 2923 490 2985 intimis
510 2921 643 2984 liainutii
663 2920 813 3004 Farnesii,
832 2922 998 2986 Cardinalis
1016 2922 1225 3000 illustrissimi,
1247 2923 1407 3007 thesauris,

76 3033 201 3114 domino
224 3033 290 3113 ipso
314 3031 500 3093 concedente
525 3039 679 3112 sumptum
703 3031 739 3093 ad
765 3049 812 3094 me
833 3031 925 3094 Rorna
946 3033 1066 3096 iuuenis
1085 3032 1297 3095 ornatissimus
1317 3043 1406 3115 atque

75 3141 272 3204 doctissimus
296 3138 422 3202 Fuluius
446 3138 586 3220 Vrsinus,
610 3143 725 3202 amicus
748 3159 849 3224 meus,
878 3143 959 3204 misit
983 3189 990 3204 .
1015 3140 1063 3203 hic
1087 3149 1203 3223 antem,
1227 3159 1296 3204 cum
1321 3160 1405 3224 prae·

75 3251 158 3314 clara
181 3247 288 3331 multa,
312 3265 406 3330 eaque
431 3249 581 3329 incognita
602 3247 758 3312 Ciceronis
782 3248 817 3311 ad
841 3251 957 3331 antiqui
981 3250 1064 3312 latini
1088 3251 1238 3314 sermonis
1263 3251 1406 3314 formulas

75 3357 326 3424 demonstrandas
346 3357 481 3439 exempla
501 3361 667 3441 contineat,
691 3357 765 3420 adeo
785 3358 858 3420 mibi
877 3357 913 3420 ad
929 3358 1003 3421 baec
1019 3359 1225 3421 concinnanda
1241 3359 1406 3440 fragmenta

76 3471 134 3532 luit
157 3465 348 3548 commodus,
379 3475 425 3548 ut,
453 3467 599 3548 quidquid
628 3469 665 3528 iis
693 3470 862 3530 ornamenti
891 3467 946 3530 hac
976 3485 1055 3530 noua
1080 3466 1210 3530 editione
1235 3471 1407 3550 accesserit,

76 3577 105 3640 id
125 3595 216 3640 omne
241 3575 450 3638 humanissimi
468 3577 614 3658 principis
634 3573 817 3656 liberalitati,
841 3585 872 3638 et
896 3576 931 3639 ad
952 3575 1098 3638 bonarum
1118 3574 1287 3638 litterarum
1307 3575 1405 3638 studia

76 3682 221 3766 torrenda,
244 3693 275 3746 et
294 3691 430 3746 ueterem
450 3701 554 3745 earum
574 3681 691 3745 laudem
713 3684 916 3746 renouandam
937 3688 1011 3768 stati,
1036 3695 1192 3766 acceptum
1212 3683 1405 3748 referendum
1429 3726 1431 3730 -

76 3789 154 3865 sit'2,
170 3793 208 3854 cl.
233 3796 320 3854 brus.
339 3811 368 3874 p.
388 3789 453 3854 227
473 3789 505 3854 L.
521 3794 585 3873 ipse
606 3791 733 3854 Vrsinus
752 3804 853 3856 autern
868 3794 981 3858 codicis
996 3796 1044 3858 sui
1059 3797 1243 3857 mentionem
1258 3793 1330 3855 fecit
1344 3802 1405 3855 not.

76 3907 106 3967 in
122 3902 184 3966 Cic.
198 3903 340 3982 Antrerp.
357 3896 441 3963 1581
460 3918 487 3981 p.
506 3897 579 3982 171,
598 3908 660 3962 not.
675 3902 704 3962 in
721 3898 840 3964 Sallust.
856 3903 998 3985 antverp.
1016 3899 1102 3967 1595
1117 3922 1145 3985 p.
1160 3899 1227 3965 345
1247 3912 1278 3964 et
1291 3921 1320 3984 p.
1330 3897 1406 3964 359.

76 4012 239 4094 Manutius,
253 4013 305 4092 qui
320 4011 438 4092 primus
452 4027 487 4070 ex
503 4006 666 4070 Frontonis
680 4007 758 4071 libro
774 4010 939 4092 fragmenta
951 4010 1084 4074 Sallustii
1100 4012 1223 4094 recepit,
1238 4011 1406 4093 aScipione

76 4121 175 4184 Vettio
195 4137 265 4182 eum
285 4117 395 4181 librum
415 4134 447 4178 se
468 4118 621 4198 accepisse
645 4116 758 4181 indicat
781 4121 811 4180 in
837 4117 968 4182 editione
993 4119 1126 4183 Sallustii
1152 4119 1283 4183 Venetiis
1311 4118 1406 4204 1563,

77 4232 181 4312 fragm.
196 4227 265 4291 hist.
281 4222 351 4290 132
367 4225 413 4288 ed.
428 4224 549 4287 [lintach
571 4226 657 4287 rVibr'l
673 4227 710 4288 ob
729 4233 847 4288 tanturn
865 4230 1038 4291 mercedem
1056 4232 1117 4292 sibi
1134 4233 1330 4306 abnuitnrcs,
1349 4224 1404 4292 ‘Ex

77 4337 210 4402 Cornelii
234 4334 398 4399 Frontonis
422 4331 458 4395 de
482 4331 636 4415 Exemplis
660 4332 867 4398 elocutionum
890 4337 1004 4420 libello,
1032 4339 1167 4401 nondum
1191 4339 1286 4421 edito,
1315 4357 1404 4420 quem

76 4447 135 4530 legi
160 4445 384 4510 commodatum
408 4462 423 4504 a
449 4441 590 4524 Scipione
615 4443 727 4526 Pettio,
752 4445 819 4506 uiro
843 4448 972 4530 optimo,
1000 4454 1030 4508 et
1054 4446 1198 4528 singulari
1222 4446 1350 4529 quadam
1374 4449 1405 4510 in

77 4553 317 4637 pervestigandis
340 4551 483 4616 Veterum
507 4549 593 4613 libris
617 4551 770 4632 diligentia
794 4549 961 4636 praedito':
985 4552 1273 4636 cl.1lrus.p.210.
1311 4555 1405 4619 Patri·

77 4667 141 4728 rius
170 4661 301 4726 eundem
335 4661 447 4725 librum
480 4663 728 4724 commemoravit
760 4664 789 4724 in
819 4663 879 4727 Cic.
910 4666 1013 4746 fragm.
1043 4663 1175 4727 Venetiis
1207 4661 1293 4728 1565
1326 4665 1404 4747 apud

78 4773 239 4836 Graevium
268 4771 328 4834 Cic.
358 4779 433 4833 orat
458 4789 483 4832 r.
509 4769 548 4831 lll
573 4767 595 4831 2
618 4789 646 4852 p.
672 4767 738 4833 942
767 4776 851 4849 quod
877 4792 937 4836 non
966 4777 1144 4837 detrectare
1172 4777 1323 4850 militium,
1351 4777 1407 4837 sed

79 4881 247 4961 defendere
266 4884 461 4961 procinctum
486 4883 626 4943 irtdicutc
650 4889 708 4956 est,
733 4874 957 4962 ‘Fragmentum
979 4901 1086 4944 recens
1110 4881 1230 4945 allatum
1255 4903 1271 4944 a
1296 4903 1343 4945 ιιιε
1369 4903 1405 4947 cx
