3602 5482
395 325 462 395 378
968 327 1143 388 numnam
1275 409 1278 414 Α

393 439 418 479 9.
432 431 453 500 g.
467 431 481 472 9
494 431 525 478 Ε.

396 537 473 601 quaa
501 536 518 580 a
547 517 606 581 flue
635 521 687 582 ait'
703 520 807 603 tertia,
840 527 875 583 ut
902 515 1111 603 pnaele'gimus.
1163 518 1390 601 circumflexus,
1423 521 1449 581 sl
1480 537 1551 601 pars
1580 517 1720 580 arebonis

395 629 489 691 trium
513 636 565 690 aut
588 625 716 710 amplius
740 629 833 692 luerit
851 627 1045 710 syllabarum,
1069 645 1128 690 nnn
1147 629 1284 709 ponitur,
1308 629 1367 690 nisi
1386 627 1606 711 paenultlmum
1624 624 1719 688 laeum

395 738 509 819 poterit
540 737 690 812 invenire,
725 746 759 800 ut
792 735 923 800 turbare.
974 735 1186 820 monosyllaba,
1220 755 1429 820 quaecumque
1463 739 1614 820 positione
1637 735 1720 815 longa

397 845 521 927 luerint,
545 853 666 909 acutum
689 843 844 908 habebunt
867 852 1040 927 accentum,
1064 853 1098 908 ut
1120 845 1184 928 pix;
1209 863 1285 928 quae
1309 853 1417 909 natura
1435 845 1523 928 longa
1542 855 1643 929 erunt,
1665 845 1720 906 cir-

396 953 545 1018 cumssexn
569 963 696 1018 aeeentu
720 953 1012 1038 pronuntiabuntur,
1035 961 1069 1017 ut
1093 956 1151 1016 res.
1182 949 1187 1034 Ι
1217 955 1248 1016 ln
1267 953 1434 1037 disyllabis,
1458 957 1485 1017 si
1508 956 1593 1036 peior
1617 963 1719 1016 natura
1742 965 1753 1004 ο

394 1061 483 1147 lunga
513 1064 571 1126 erit
598 1065 767 1146 posteriore
792 1073 945 1146 correpta,
972 1064 1057 1146 prior
1080 1061 1353 1145 circumflectetur,
1380 1071 1416 1125 ut
1442 1065 1523 1126 lauru
1551 1061 1665 1124 Rama:
1697 1061 1721 1122 si

394 1173 548 1254 posterior
570 1171 718 1254 producta
742 1175 795 1256 alt,
817 1175 914 1255 prior,
938 1190 992 1236 seu
1016 1170 1105 1255 longa
1128 1189 1182 1235 seu
1206 1171 1307 1236 brevis
1326 1173 1431 1254 iuuerit,
1454 1182 1581 1236 acuatur
1600 1188 1720 1234 neeesse

395 1289 454 1364 est,
476 1290 512 1344 ut
533 1281 616 1364 leges
640 1281 735 1366 σέλαος
758 1289 789 1344 et
812 1283 838 1344 si
858 1279 961 1344 ambae
981 1279 1089 1344 breves
1109 1283 1182 1364 sint,
1205 1291 1332 1344 acuetur
1355 1282 1453 1364 prior,
1476 1289 1512 1344 ut
1529 1280 1606 1344 dius
1628 1280 1732 1342 bimo..

395 1391 427 1452 iu
450 1389 614 1472 trisyllabis
638 1389 873 1472 tetrasyllabisve
897 1398 949 1454 aut
972 1407 1048 1471 quae
1072 1389 1176 1474 plures
1199 1387 1326 1472 syllabas
1349 1388 1517 1471 habebunt,
1545 1390 1572 1451 si
1603 1386 1719 1470 paenul-

395 1501 467 1564 tima
491 1499 591 1564 brevis
615 1499 721 1582 luerit,
744 1518 820 1582 quae
844 1517 909 1564 eam
934 1499 1087 1582 praeeedit
1110 1509 1251 1583 acuetur,
1273 1507 1309 1561 ut
1334 1497 1449 1561 Τιλίίίαο
1472 1497 1670 1560 Hortensius:
1697 1497 1720 1556 si
1734 1509 1753 1547 ιι

395 1609 579 1692 paenultima
602 1609 751 1692 positione
775 1608 864 1690 longa
887 1608 993 1690 luerit,
1022 1609 1086 1688 ipsa
1109 1617 1231 1671 anulum
1254 1605 1378 1670 babebit
1401 1613 1575 1688 accentum,
1603 1623 1720 1687 praeee-

395 1716 517 1782 dentem
555 1727 656 1782 autent
693 1734 813 1798 gravem
852 1716 954 1800 laniet,
990 1723 1026 1778 ut
1062 1714 1210 1780 Catullus:
1265 1717 1292 1778 si
1328 1713 1511 1798 paenultima
1548 1712 1721 1776 naturaliter

394 1826 542 1910 producta
567 1829 638 1910 erit,
667 1828 708 1889 ita
732 1833 766 1888 ut
789 1823 893 1888 ultima
920 1823 1022 1887 brevis
1049 1827 1105 1907 sit,
1131 1822 1346 1907 paenultimam
1374 1822 1664 1904 circumflectemus,
1691 1830 1722 1881 ut

396 1935 567 2019 Cethegus:
614 1937 639 1998 si
673 1943 772 1999 autem
810 1933 897 2016 longa
935 1935 994 1997 erit
1032 1932 1150 2017 ultima,
1186 1931 1387 2016 paenultimae
1425 1940 1548 1995 acutum
1587 1929 1721 1992 dabimus

395 2055 571 2130 accentum,
593 2051 629 2108 ut
651 2042 790 2108 Atbe'naa
813 2041 960 2107 Fideltae.
1734 2054 1754 2094 1⁵

486 2240 579 2298 Οαδτπ
597 2237 799 2310 Sanpattensts.
850 2236 972 2294 tfuerit
995 2238 1128 2294 euentum
1206 2233 1261 2292 erit
1340 2237 1408 2291 tint
1430 2234 1502 2290 bora
1519 2231 1614 2289 Rama
1637 2248 1688 2287 οπο.

396 2328 545 2380 'ineaesse
570 2319 649 2394 leges
673 2319 744 2375 sal'n
817 2321 974 2375 Saluitto
1001 2317 1070 2375 deun
1094 2334 1146 2374 οπο.
1220 2321 1237 2372 9
1256 2315 1433 2388 peneullima
1507 2321 1540 2370 10
1559 2315 1594 2369 ut
1613 2311 1721 2369 Tullius

394 2401 561 2460 Hortensius
579 2418 631 2458 om.
711 2406 745 2457 1a
763 2398 982 2474 paenultimam]
1001 2399 1206 2472 penanliimum
1283 2399 1317 2454 nt
1334 2403 1400 2454 unte
1419 2395 1562 2468 Cethegus
1579 2411 1632 2452 οπο.

396 2489 431 2539 14
449 2481 655 2556 paenultima]
674 2479 851 2554 peneultims
868 2497 939 2538 τοττ.
959 2511 993 2523 -
1013 2497 1047 2538 οε
1131 2485 1164 2536 ta
1184 2483 1217 2537 ut
1234 2481 1364 2538 Athenae
1384 2479 1508 2537 Fidenae
1526 2495 1579 2535 om.

396 2717 442 2803 ὡς
463 2716 502 2791 τὸ
525 2721 760 2810 προανέγνως,
789 2712 810 2806 ἦ
835 2717 888 2787 ἐπὶ
911 2716 1036 2805 ταύτης
1058 2715 1132 2807 ἥτις
1154 2723 1249 2807 τρίτη
1273 2713 1340 2788 άπὸ
1362 2718 1481 2799 τέλους
1503 2718 1597 2786 ἐστίν
1673 2713 1722 2803 .ἡ

395 2827 651 2917 περισπαμένη,
688 2826 750 2896 ἐὰν
786 2822 825 2896 τὸ
863 2826 965 2913 μέρος
1001 2830 1063 2896 τοῦ
1095 2825 1204 2914 λόγου
1235 2829 1342 2918 τριῶν
1375 2822 1396 2916 ἢ
1428 2824 1600 2896 πλειόνων
1634 2829 1723 2894 ἔσται

396 2940 593 3024 συλλαβῶν,
626 2932 668 3005 ού
700 2929 866 3023 τίθεται,
885 2938 917 3004 εί
948 2933 993 3024 μὴ
1026 2933 1087 3028 τὸν
1119 2939 1370 3024 παρατέλευτον
1401 2935 1507 3005 τόπον
1541 2933 1723 3022 δυνήσεται

365 3055 372 3066 “
396 3043 526 3138 εύρεῑν,
549 3041 595 3128 ὡς
617 3043 656 3115 τό
725 3041 797 3114 .τά
822 3043 1078 3133 μονοσύλλαβα,
1102 3043 1186 3135 άπερ
1206 3041 1249 3114 ἂν
1268 3047 1365 3116 θέσει
1388 3040 1498 3134 μακρά
1517 3051 1586 3131 alp,
1612 3042 1723 3128 ὀξεῖαν

396 3157 533 3239 ἕξουσιν
564 3155 764 3246 προσῳδίαν
842 3207 850 3223 .
877 3150 978 3223 άτινα
1009 3152 1047 3223 ti
1075 3153 1177 3244 φύσει
1206 3152 1317 3244 μακρά
1346 3158 1455 3242 ἔσται,
1486 3155 1754 3242 περισπωμένμι

395 3269 572 3358 προσῳδίᾳ
592 3269 598 3348 Ι
619 3259 900 3353 ένφωνηθήσεται
971 3317 978 3332 .
1003 3263 1148 3334 ἐπὶτῶν
1178 3261 1413 3352 δισυλλάβων,
1441 3259 1501 3332 ἐὰν
1529 3258 1550 3351 ἡ
1578 3262 1724 3351 προτέρα

396 3372 499 3464 φύσει
528 3371 639 3464 μακρά
667 3380 720 3460 εἴη
748 3375 808 3460 τῆς
833 3368 978 3459 ὑστέρας
1007 3372 1291 3461 συνεσταλμένας,
1323 3367 1345 3459 ἡ
1372 3372 1520 3458 προτέρα
1542 3389 1723 3460 περισπασ-

395 3482 555 3572 θήσεται,
584 3479 630 3564 ὥς
657 3478 696 3552 τὸ
725 3477 812 3570 [ὥρα
834 3475 970 3570 Ῥωμη].
1022 3477 1083 3550 ἐὰν
1112 3479 1150 3548 δέ
1178 3477 1199 3568 ἡ
1226 3475 1351 3566 ὑστέρα
1379 3479 1578 3567 ἐκτεταμένη
1608 3487 1678 3568 εἴη,
1705 3473 1723 3564 ἡ

396 3594 649 3680 προτέρα,ἐίτε
672 3585 783 3680 μακρά
807 3595 872 3657 alae
895 3593 1036 3678 βραχεῖα
1061 3592 1169 3676 ἔσται,
1193 3585 1483 3675 ὀξυτονηθήσεται
1507 3589 1541 3670 ἐξ
1565 3585 1723 3676 ἀνάγκης,

398 3697 443 3782 ὡς
465 3699 505 3771 τό
575 3699 657 3770 ’καί
677 3702 710 3768 εί
727 3695 915 3787 ἀμφότεραι
933 3701 1088 3785 βραχεῖαι
1111 3693 1195 3786 εἶεν,
1218 3692 1508 3784 ὀξυτονηθήσεται
1527 3692 1548 3784 ἡ
1568 3699 1725 3784 προτέρα,
1738 3733 1756 3770 u

398 3805 444 3890 ὡς
470 3808 510 3879 τύ
579 3809 649 3879 ,έν
676 3820 748 3889 τοῖς
775 3803 1014 3895 τρισυλλάβοις
1045 3801 1066 3894 ἢ
1099 3819 1171 3887 τοῖς
1202 3803 1486 3894 τετρασνλλάβοις
1517 3800 1538 3893 ἢ
1568 3801 1655 3893 άπερ
1683 3801 1724 3874 ἂν

396 3921 534 3997 πλείους
557 3911 761 4002 συλλαβάς
784 3915 865 3999 ἕξει,
889 3909 949 3982 ίάν
974 3909 995 4000 ἡ
1019 3913 1263 4000 παρατέλεντος
1286 3911 1438 4001 συλλαβὴ
1462 3911 1603 4003 βραχεῖά
1623 3915 1725 3998 ἐστιν,

396 4022 567 4115 ἡταύτης
589 4021 788 4112 προάγουσα
813 4020 1056 4110 ὀξυνθήσεται,
1092 4019 1137 4103 ὦς
1173 4021 1336 4104 Τούλλιος
1359 4019 1563 4112 Ὁρτήνσιυς.
1615 4020 1678 4093 ἐὰν
1706 4020 1724 4109 ἡ

396 4133 644 4222 παρατέλευτος
666 4132 763 4201 θέσει
786 4127 898 4220 μακρὰ
921 4139 989 4219 alp,
1013 4128 1097 4218 αὐτὴ
1121 4129 1184 4220 τὴν
1209 4126 1322 4214 ὀξεῖαν
1347 4133 1412 4215 ἕξει
1430 4133 1640 4222 προσῳδίαν,
1664 4131 1725 4219 τὴν

396 4240 618 4332 προάγουσαν
652 4239 689 4311 δέ
723 4244 864 4328 βαρεῖαν
897 4237 1030 4328 ποιήσει
1106 4292 1114 4309 .
1147 4237 1208 4310 έάν
1241 4236 1262 4328 ἡ
1294 4231 1540 4330 παρατέλευτος
1572 4239 1723 4327 συλλαβὴ
1738 4272 1758 4314 u

398 4354 551 4440 φυσικῶς
593 4351 791 4440 ἐκτεταμένη
834 4353 942 4436 ἔσται,
985 4345 1092 4431 οὕτως
1125 4347 1209 4419 ὥστε
1241 4348 1305 4438 τὴν
1336 4353 1530 4420 τελευταίαν
1562 4352 1725 4437 βραχεῖαν

398 4456 502 4546 εἶναι,
525 4458 588 4550 τὴν
610 4461 859 4552 παρατέλευτον
875 4448 1217 4548 ’προπερισπάσομεη
1246 4456 1292 4540 ὡς
1318 4459 1356 4527 τύ
1425 4453 1517 4526 .έδιν
1544 4456 1583 4526 δὲ
1614 4455 1726 4546 μακρά

398 4577 450 4657 aiu
483 4566 504 4658 ἡ
537 4574 726 4658 τελευταία,
762 4571 803 4659 τῇ
835 4565 1069 4660 παρατελεύτῳ
1103 4564 1217 4650 ὀξεῖαν
1246 4568 1401 4655 βάσομεν
1429 4568 1647 4659 προσῳδίαν,
1683 4565 1726 4648 ὥς

399 4675 557 4766 [uenum
583 4682 756 4766 Φιδηναι].

399 4823 616 4839 m

490 4883 620 4959 δέεται]
640 4905 749 4943 enatant
823 4891 1001 4957 βαροτεραν
1076 4891 1108 4942 12
1128 4881 1270 4960 συλλαβάς
1288 4902 1340 4942 σπι.
1416 4891 1448 4940 13
1467 4903 1556 4954 ταυτῃ
