3610 5482
343 367 386 434 14
753 383 754 388 ¹
839 365 1020 426 Taunum
1039 364 1175 425 SCAVRI

336 481 359 521 p.
374 469 435 512 aras.
449 469 478 513 aa
491 469 517 512 e.
778 489 783 496 ·

337 562 504 637 γραφεῖον
519 563 550 624 et
568 554 664 618 saltum
679 547 787 620 σάλον
809 565 841 620 et
864 557 981 621 similla.
1018 575 1035 620 x
1058 554 1157 620 littera
1173 565 1299 638 cognata
1313 563 1359 620 eat
1373 575 1443 621 cum
1457 577 1474 622 c
1489 566 1520 621 et
1538 576 1571 642 g,
1590 554 1677 638 quod

334 661 439 744 lingna
467 662 584 727 sublata
613 663 736 748 paulum
765 663 821 728 bae
849 665 1007 749 dicuntur,
1035 672 1071 728 ut
1093 663 1130 728 ab
1155 683 1190 729 eo
1215 664 1297 748 quoti
1320 675 1367 730 est
1391 665 1442 730 lur
1466 675 1496 730 et
1526 665 1574 729 lex
1597 663 1675 728 dici-

337 787 406 835 mus
438 770 515 836 lucis
548 781 580 836 ct
610 771 693 856 legis.
747 771 767 836 b
800 791 869 836 oum
900 793 920 855 p
951 781 982 836 et
1013 793 1042 836 m
1073 774 1238 856 consentit,
1277 775 1419 855 quoniam
1450 776 1534 856 origo
1566 793 1677 838 earum

337 898 399 943 uon
422 883 488 946 nne
512 880 614 944 labore
639 883 801 945 coniuncto
825 899 879 944 ore
911 880 1085 964 respondet
1132 899 1149 946 a
1176 899 1237 964 quo
1266 899 1357 964 quem
1380 882 1488 947 Graeci
1512 882 1677 965 Πυρρίαν

338 1006 394 1052 nos
417 987 569 1072 Byrriam,
592 999 624 1053 et
646 1007 738 1072 quem
761 1005 817 1052 noe
835 987 965 1069 Pyrrum
989 991 1106 1072 anthui
1127 987 1260 1052 Burrum
1286 997 1316 1052 et
1339 988 1487 1054 Palatium
1506 991 1676 1068 Baletium,
1708 1001 1724 1042 ⁵

337 1098 411 1160 item
435 1095 621 1161 Publicolam
644 1094 843 1180 Poplicolam:
872 1101 906 1159 ei
929 1097 978 1161 aiil
1002 1095 1185 1182 scamillum,
1214 1095 1264 1159 alii
1291 1095 1448 1162 scabillum
1472 1097 1593 1163 dicunt:
1621 1107 1678 1162 aut

338 1221 408 1268 cum
428 1204 466 1267 ab
486 1205 591 1272 eatlesn
609 1223 683 1268 voco
703 1203 780 1268 duae
800 1205 981 1290 gignuntur,
1000 1215 1035 1270 ut
1053 1204 1090 1269 ab
1110 1225 1147 1269 eo
1167 1205 1249 1288 quod
1268 1216 1315 1270 est
1337 1209 1480 1290 princeps
1500 1215 1531 1271 et
1554 1205 1678 1270 caelebs

337 1315 484 1396 principie
515 1321 546 1376 et
575 1311 711 1395 caelibis,
740 1331 796 1376 neu
824 1315 924 1376 minus
952 1331 969 1375 e
998 1315 1151 1378 contrario
1179 1316 1211 1377 in
1241 1314 1355 1399 verbis,
1383 1334 1497 1379 cuma
1526 1333 1618 1398 carpo
1642 1323 1678 1377 et

338 1419 439 1486 scribo
463 1423 562 1504 carpsi
586 1430 618 1484 et
641 1423 750 1504 scripsi
774 1421 967 1503 proferimus.
1008 1441 1026 1484 c
1052 1424 1262 1504 cognationem
1285 1422 1377 1487 babet
1400 1443 1469 1488 cum
1493 1443 1527 1508 g,
1550 1432 1581 1486 et
1604 1422 1676 1486 ideo

338 1529 388 1594 alli
406 1529 512 1593 dicunt
531 1547 702 1612 gauuacen,
726 1527 775 1592 ¹alii
795 1549 965 1613 caunacen,
990 1532 1063 1593 item
1079 1521 1242 1596 'camellum
1261 1531 1430 1614 gamelium.
1468 1549 1538 1594 cum
1557 1551 1577 1613 χ
1596 1547 1672 1612 quo·
1691 1541 1722 1580 ¹⁰

338 1658 398 1722 que
425 1657 533 1721 graeca
562 1637 662 1702 littera
685 1641 851 1703 consentit:
880 1639 960 1702 unde
984 1638 1106 1721 quidam
1131 1659 1287 1725 coronam,
1305 1649 1376 1704 ‘non
1407 1639 1481 1704 nulli
1508 1639 1677 1702 eberonem

338 1747 489 1811 dixerunt
527 1745 546 1808 k
571 1746 691 1827 quidam
712 1764 929 1828 supervacuam
950 1764 1017 1809 esse
1040 1746 1172 1811 litteram
1197 1748 1420 1832 iudicaverunt,
1443 1750 1584 1831 quoniam
1606 1748 1675 1809 vice

337 1855 418 1920 illius
443 1855 527 1935 iungi
552 1857 626 1916 satis
649 1873 666 1916 c
690 1861 801 1936 posset.
850 1853 902 1916 setl
935 1861 1052 1916 retenta
1077 1863 1137 1937 est,
1164 1862 1199 1916 nt
1226 1854 1349 1937 quitiam
1377 1864 1501 1939 putant,
1529 1857 1676 1937 qnoniam

341 1972 427 2028 notus
446 1961 591 2046 quasdam
610 1963 807 2045 signiticaret,
830 1971 865 2024 ut
884 1959 1052 2024 Kaesonem
1072 1971 1102 2026 et
1121 1961 1215 2046 kaput
1235 1973 1266 2026 et
1286 1963 1470 2028 kalumniam
1490 1963 1495 2044 Ι
1516 1971 1548 2026 et
1570 1962 1674 2026 kalen

339 2072 400 2136 des.
437 2071 494 2134 bac
518 2079 618 2133 tamen
638 2071 755 2152 antiqui
778 2072 809 2132 in
829 2071 996 2132 conexione
1015 2068 1197 2152 syllabarum
1221 2070 1263 2135 ibi
1287 2081 1404 2136 tantum
1423 2071 1596 2156 utebantur,
1619 2071 1722 2134 ubi1⁵

341 2179 483 2244 alittera
506 2176 716 2258 subiungenda
740 2187 819 2262 erat,
843 2181 984 2260 quoniam
1008 2176 1111 2240 multis
1135 2177 1287 2243 vocalibus
1311 2179 1507 2264 instantibus,
1531 2183 1676 2262 quotiens

430 2361 446 2410 'i
465 2353 598 2426 princeps
613 2369 645 2424 p.
664 2357 712 2424 21,
731 2357 758 2409 9.
777 2357 827 2422 27,
846 2357 881 2408 11

429 2524 443 2573 1
464 2515 634 2573 tenentos
654 2514 683 2570 Β
760 2516 794 2570 ui
811 2515 904 2571 salum
923 2509 1011 2571 adias
1029 2517 1060 2572 ei
1078 2514 1184 2580 nmilia
1204 2514 1259 2571 Pa
1277 2517 1311 2571 ub
1328 2515 1421 2572 salum
1439 2517 1521 2574 adon
1540 2535 1623 2590 grece
1643 2520 1676 2575 eb

336 2597 470 2655 similiter
485 2596 515 2651 Β
589 2597 714 2668 cognota
734 2594 763 2649 P
834 2596 879 2650 esi
898 2610 962 2651 cum
980 2611 1032 2652 oss.
1047 2594 1136 2651 ΒΡω
1211 2597 1288 2668 quod
1307 2597 1406 2670 lingua
1420 2597 1536 2677 sublata
1554 2597 1675 2670 paulum

154 2715 181 2729 .-
336 2680 391 2736 bac
409 2679 545 2736 dicuntur
559 2695 665 2750 partam
684 2681 755 2732 recta
774 2676 807 2732 cie
826 2693 842 2732 c
859 2681 885 2731 et
903 2692 924 2748 g
942 2677 1043 2734 litteris
1061 2679 1137 2734 dictu
1155 2684 1230 2733 sumt.
1259 2678 1307 2734 aad
1325 2677 1414 2733 dest
1432 2677 1589 2734 litterarum
1603 2695 1674 2750 pro-

242 2755 251 2768 '
335 2760 542 2816 nautaticum
559 2761 689 2816 nmiiuer
706 2759 913 2828 sumpserunt
933 2757 1119 2815 Terentianus
1136 2775 1162 2815 o.
1179 2765 1232 2815 199
1252 2775 1308 2830 apg.
1328 2763 1353 2813 et
1373 2757 1491 2815 Marius
1512 2758 1675 2815 Victorinus

332 2858 364 2912 p.
380 2844 426 2907 34,
444 2845 493 2898 14.
522 2857 610 2911 guare
627 2841 778 2897 adamum
796 2855 835 2895 nu
853 2838 920 2893 buce
937 2855 1000 2894 mm
1018 2840 1055 2895 iis
1074 2859 1145 2911 guae
1162 2857 1252 2911 esayam
1269 2841 1304 2896 aa
1321 2840 1366 2894 iu'a
1385 2839 1485 2896 litteris
1504 2841 1596 2896 alicua
1615 2841 1675 2897 ioco

335 2923 442 2992 raupta
459 2927 527 2977 aaut
546 2923 613 2977 olias
630 2924 780 2978 muana
798 2923 824 2974 et
837 2924 904 2988 poet
921 2918 995 2974 bunc
1012 2920 1230 2990 disputationem
1248 2922 1282 2977 aia
1300 2938 1318 2976 x
1337 2921 1431 2976 littera
1447 2923 1542 2990 positu
1565 2921 1676 2988 suerint

335 3004 369 3058 iss
391 3003 466 3058 iasa
487 3002 546 3070 fere
568 3003 693 3070 modum
714 3001 787 3057 item
810 2999 830 3054 d
849 3000 909 3055 eit
933 3004 1071 3070 cognatae
1095 3007 1176 3074 suni,
1205 3002 1282 3076 quod
1304 3002 1405 3074 lingua
1423 3000 1538 3057 sableia
1555 3001 1673 3072 paulum

1375 3088 1412 3125 911

336 3137 392 3194 bae
410 3135 557 3208 dicuutur,
576 3139 610 3193 ub
627 3135 727 3191 attunt
741 3139 771 3191 ei
788 3133 894 3191 attinet
911 3133 1023 3205 bprod
1041 3135 1195 3193 substituis
1269 3135 1382 3209 aquotl
1400 3137 1450 3192 lux
1463 3135 1492 3190 B
1565 3134 1673 3192 blucis

337 3223 368 3278 eb
386 3220 460 3293 legis
481 3219 535 3275 Pa
554 3218 627 3275 lucis
646 3217 720 3289 legis
739 3217 768 3272 Β
854 3217 884 3272 eb
902 3215 943 3289 m]
963 3215 1050 3272 etiam
1069 3237 1093 3272 a
1181 3219 1291 3291 smum]
1312 3235 1410 3275 eorum
1428 3216 1483 3271 Bu
1504 3233 1624 3287 quorum
1646 3215 1675 3270 P

392 3308 410 3358 4
429 3299 611 3359 coniuniione
625 3299 805 3370 respondite
819 3301 932 3368 quoque
951 3297 1028 3368 greci
1041 3296 1193 3362 ΠΥΡΡΙὰΝ
1210 3317 1261 3358 uos
1276 3299 1402 3371 byrriam
1422 3297 1450 3352 Β
1473 3296 1673 3374 coniunctione

336 3383 470 3457 respondi
489 3400 508 3440 a
526 3399 583 3455 quo
603 3396 690 3451 quem
708 3379 786 3450 greci
803 3377 910 3432 ΠΥΡΡΙ
930 3377 975 3432 Au
998 3379 1086 3435 uosia'i
1109 3380 1236 3452 byrrinm
1257 3381 1286 3436 P
1307 3377 1507 3437 coniunctione
1531 3375 1631 3434 reuelli
1655 3393 1674 3433 a

339 3482 486 3538 quoquam
504 3463 613 3536 potest,
634 3458 735 3516 Graeci
749 3459 872 3528 uuppiuv
886 3459 977 3515 nostri
995 3459 1120 3531 byrriam
1141 3483 1172 3518 ω.
1200 3463 1393 3519 correctionem
1407 3459 1541 3540 praebant
1556 3457 1674 3513 Mariua

343 3546 506 3604 Victorinus
520 3561 550 3615 p.
562 3547 664 3610 18,14,
682 3540 752 3596 ilem
772 3543 959 3596 consonantes
978 3539 1054 3597 inter
1068 3559 1098 3598 se
1116 3543 1230 3616 proprie
1249 3546 1315 3600 suni
1332 3545 1473 3615 conatae
1492 3556 1566 3612 quae
1585 3539 1673 3597 simili

324 3627 564 3706 ,configuratione
587 3623 644 3680 oris
668 3621 814 3689 dicuntur,
837 3623 871 3676 ub
894 3623 960 3677 enni
977 3621 997 3677 b
1016 3621 1113 3695 imp
1223 3629 1240 3680 1
1264 3626 1294 3680 eb
1317 3639 1401 3694 quem
1424 3639 1541 3694 pyrrum
1560 3620 1674 3691 antiqui

338 3711 456 3782 byrrum
474 3708 564 3765 BPu
588 3709 618 3762 eb
640 3719 725 3774 quem
744 3701 865 3758 Parrum
884 3702 997 3774 antiqui
1015 3703 1136 3760 Burrum
1158 3705 1309 3761 Putemim
1395 3707 1425 3760 eb
1442 3701 1584 3774 palatium
1602 3700 1672 3756 item

340 3791 516 3864 publicolam
533 3786 709 3860 poplicola'm
727 3785 756 3838 Β
775 3787 804 3840 ei
827 3784 968 3856 palafium
990 3784 1060 3840 item
1079 3785 1194 3857 publico
1213 3786 1310 3858 lampo
1329 3784 1466 3857 plicolam
1486 3782 1514 3838 P
1531 3781 1673 3854 palatium

337 3873 408 3931 ibam
427 3871 618 3940 Publicolam,
638 3865 815 3924 Boblioolam
835 3889 865 3922 ω.
895 3867 930 3934 cf.
952 3865 1034 3922 Varr.
1054 3867 1087 3920 de
1106 3867 1123 3921 l.
1139 3865 1155 3922 i.
1177 3864 1204 3920 V
1216 3871 1252 3923 53
1271 3867 1369 3937 itaque
1388 3865 1513 3922 Naevius
1527 3863 1673 3921 Bnlabium

340 3954 469 4028 appellat
542 3958 558 4008 b
578 3954 608 4008 eb
622 3949 672 4006 eiii
688 3947 847 4004 scamillum
862 3947 913 4004 alii
928 3945 1079 4004 scabillum
1092 3945 1155 4001 BP
1173 3947 1224 4004 aiii
1242 3948 1392 4021 scapillum
1408 3947 1458 4004 alii
1477 3944 1626 4002 scabillum
1641 3965 1672 4002 aa.

339 4037 495 4096 scabeilum
521 4033 612 4090 Varro
630 4033 664 4088 tie
682 4029 850 4098 117163,
869 4027 1037 4086 scamellum
1057 4027 1488 4100 Priscianut.111p.111,1
1515 4061 1519 4069 ·
1564 4025 1674 4083 ideae

339 4119 370 4176 iu
388 4134 423 4175 ae
442 4117 598 4192 gignuubu
618 4114 672 4169 Pu
760 4111 854 4170 celebs
875 4110 940 4166 BP
1025 4115 1041 4165 8
1061 4109 1160 4167 celibis
1180 4111 1210 4166 P
1227 4111 1332 4168 celabis
1351 4111 1378 4165 Β
1466 4114 1567 4166 auae
1585 4123 1673 4179 carpo

338 4217 389 4257 om.
409 4199 499 4256 ΒΡω
592 4201 608 4252 9
634 4193 738 4266 carpsi]
764 4191 837 4248 causi
863 4191 891 4245 P
982 4197 1015 4248 10
1038 4209 1196 4263 gaunacem
1216 4195 1290 4263 (cem
1308 4209 1362 4249 aas.
1383 4191 1422 4262 Β)
1443 4189 1494 4247 alii
1519 4204 1673 4246 mustacem

338 4281 438 4341 BPu.
467 4294 647 4353 geennom
670 4275 754 4331 coelen
779 4272 916 4328 Varrone
939 4273 973 4328 de
991 4273 1008 4328 i.
1029 4273 1047 4330 i.
1073 4272 1100 4327 V
1116 4280 1172 4332 167
1270 4274 1423 4331 camellum
1446 4270 1601 4343 mellum
1618 4269 1671 4325 ΗΖ

340 4378 454 4434 quoque
476 4361 504 4416 Β
529 4359 681 4417 camellum
705 4353 842 4412 camellus
865 4353 915 4408 ba
939 4371 1052 4425 quoque
1077 4357 1106 4412 P
1128 4357 1268 4413 cumdum
1294 4354 1437 4428 gamalam
1460 4353 1486 4409 Κ
1510 4368 1623 4423 quoque
1649 4371 1672 4406 u

341 4442 482 4502 camelum
501 4441 645 4514 gamalam
664 4439 689 4494 X
710 4452 824 4508 quoque
844 4435 996 4493 Puteolaiue
1066 4444 1098 4494 11
1119 4439 1194 4495 uude
1214 4438 1331 4510 quidam
1347 4436 1401 4491 Pu
1420 4434 1494 4490 uude
1514 4431 1629 4504 quidam
1643 4433 1671 4487 Β

391 4521 557 4594 eberonem]
572 4521 711 4578 korouam
726 4539 748 4575 a
824 4523 856 4573 ia
876 4519 966 4577 lione.
985 4518 1053 4590 Po,
1073 4520 1138 4576 add.
1152 4519 1181 4574 Β
1255 4533 1460 4590 superuacuam
1479 4531 1540 4572 esse
1558 4514 1672 4570 liberam

266 4649 268 4656 Α
339 4603 538 4660 iudicauerunt
557 4624 578 4659 aa
598 4618 806 4675 superuacuum
820 4619 881 4659 osse
900 4601 1027 4659 libiarum
1046 4601 1245 4658 iudicauerunt
1260 4600 1288 4655 P
1305 4613 1509 4671 superuacuam
1522 4611 1584 4652 esse
1598 4593 1672 4650 iudi-

340 4689 477 4744 cauerunt
493 4685 522 4741 Β
597 4691 630 4742 11
649 4686 732 4759 fungi
750 4686 849 4745 salise
867 4683 959 4760 possit
971 4681 999 4738 Β
1019 4680 1131 4752 iungic
1150 4681 1219 4738 satis
1239 4683 1337 4752 posset
1355 4679 1410 4735 Pu
1484 4678 1603 4733 retenta.
1616 4674 1672 4730 Pu

182 4864 187 4879 .
338 4811 503 4881 eumden
600 4779 781 4879 1411111Β
866 4823 896 4879 eb
913 4819 1018 4892 kaput]
1036 4820 1070 4874 ui
1087 4817 1180 4888 kaput
1198 4815 1288 4870 BPna
1373 4821 1405 4870 lb
1424 4813 1479 4870 hau
1497 4815 1595 4870 meu
1615 4811 1671 4902 Pae

338 4907 410 4964 hasa
428 4907 526 4960 tamen
543 4902 572 4957 B
645 4902 686 4959 ibi
704 4905 817 4960 mlum
839 4903 892 4958 Pu
912 4904 1025 4959 inuium
1044 4899 1085 4957 ibi
1103 4899 1131 4954 Β
