3590 5486
633 290 682 349 nn
703 289 1002 350 OBTHOGBAPHIA

144 404 167 444 n.
181 391 244 436 aare
258 393 287 436 aa
300 391 326 435 ι,

237 478 383 545 llominor
405 481 453 542 tui
475 488 507 543 ct
530 479 671 544 dominor
695 479 758 543 tibi.

151 641 155 650 .
235 587 379 669 Dogmata
402 605 524 672 graece,
547 589 640 653 latine
663 588 795 652 decreta.
833 587 1002 670 dogmatizo
1026 589 1158 652 decerno
1182 589 1245 650 sire
1268 607 1388 654 censeo.

235 694 313 759 llum
337 697 513 760 coniunctio
536 697 697 779 aliquando
720 695 917 760 indicativum
940 694 1066 759 verbum
1091 694 1198 760 trahit:
1229 694 1395 780 Gregorius
1419 693 1479 761 ‘ne

136 806 313 887 scientia,
337 804 420 869 dum
438 809 540 869 novit
562 814 598 869 et
616 825 686 869 non
706 804 847 890 diligit,
870 804 995 888 inllet,
1017 813 1071 889 ut,
1094 804 1176 869 dum
1195 807 1365 872 intuetur
1384 809 1479 890 quod

110 911 202 975 silla
227 910 425 994 aliquando
449 933 520 978 nou
543 913 687 998 habuit,
711 921 894 997 temperet
916 912 1094 997 dolorem,
1118 913 1214 995 quod
1239 912 1386 980 amls'it’.

232 1019 324 1086 Doleo
347 1026 445 1086 vicem
468 1025 514 1087 tui
539 1030 570 1087 et
591 1033 676 1087 tuam
700 1032 731 1087 et
754 1023 842 1087 doleo
866 1022 935 1086 tibi:
962 1020 1128 1105 Gregorius
1151 1041 1227 1106 papa
1250 1025 1288 1088 de
1311 1025 1476 1090 Benedicto

136 1139 225 1211 patre
258 1125 354 1194 ‘oum
386 1140 669 1216 persecutorem
702 1151 807 1200 suum
841 1140 993 1215 amaret,
1026 1133 1140 1213 magis
1173 1131 1231 1195 illl
1264 1152 1369 1216 quam
1404 1134 1475 1197 sliri

137 1233 286 1302 doluit'.
1267 1301 1271 1312 .

144 1405 148 1413 ,
229 1346 307 1411 llum
340 1350 515 1433 coniunctio
549 1349 708 1442 aliqnando
740 1349 864 1414 modum
892 1349 1133 1430 coniunctivuni,
1159 1341 1164 1434 Ι
1189 1348 1349 1432 aliqnando
1383 1350 1475 1416 trahit

99 1481 124 1520 ro
139 1457 352 1540 indicativum,
376 1467 410 1521 ut
434 1453 532 1522 ‘dum
555 1460 771 1521 anxiaretur
794 1474 858 1520 cor
887 1452 1019 1520 menm'
1043 1465 1074 1520 et
1098 1451 1198 1520 ‘dnm
1220 1458 1360 1523 dicitnr
1388 1461 1475 1524 milri

136 1565 277 1628 cotidie
302 1565 384 1630 «ubi
407 1575 465 1630 est
487 1566 577 1630 deus
600 1561 740 1631 tnusir'
764 1574 796 1630 et
819 1564 925 1630 boatus
948 1583 1024 1648 papa
1049 1563 1214 1646 Gregorius
1238 1561 1362 1631 ‘amici
1386 1587 1471 1651 ergo

136 1673 236 1736 beati
260 1672 338 1752 lob,
361 1673 444 1738 dum
466 1677 749 1758 percussionum
774 1692 910 1756 genera
931 1672 1165 1755 distinguere
1184 1677 1371 1762 nesciunt,
1393 1697 1475 1761 per·

138 1801 289 1846 cussum
315 1801 384 1865 pro
414 1783 524 1867 culpa
552 1777 824 1848 crediderunt'.
865 1783 938 1845 item
962 1781 1143 1864 aliquotiens
1167 1783 1239 1846 dum
1263 1793 1298 1848 ut
1321 1787 1479 1869 significat,

139 1898 174 1953 nt
198 1899 289 1972 poeta
313 1885 429 1974 (boeot.
453 1889 483 1967 9,
506 1883 566 1974 23)

101 2021 124 2060 n
304 1997 445 2081 Tityre,
468 1999 550 2062 dnm
573 1997 698 2082 redeo,
722 1998 847 2061 branis
870 2007 927 2061 est
950 1981 1019 2083 ria,
1042 2016 1151 2083 pasce
1175 2001 1346 2083 capellas.

233 2100 418 2188 Desperatus
437 2124 495 2188 per
513 2125 530 2168 e
548 2104 755 2191 scribendum,
774 2107 932 2189 dispersus
950 2109 1039 2190 peri
1073 2107 1197 2172 discedo
1215 2111 1308 2192 peri,
1327 2110 1478 2175 descendo

142 2231 199 2295 per
222 2201 249 2276 ιζ
791 2271 795 2278 .

232 2319 363 2385 Diastole
386 2340 510 2407 graece,
533 2323 625 2388 latino
648 2324 853 2389 interdictum.
891 2334 939 2388 est
957 2333 1058 2388 autem
1080 2335 1151 2388 nota
1170 2325 1207 2388 ad
1231 2325 1340 2410 pedem
1359 2327 1478 2391 litterae

140 2431 255 2515 posita,
278 2449 355 2512 quae
379 2431 456 2494 male
481 2435 643 2497 coniuncta
667 2442 802 2518 separet,
826 2452 864 2496 ne
887 2451 966 2516 puer
990 2432 1094 2516 legens
1117 2444 1214 2518 erret,
1237 2443 1272 2497 ut
1360 2519 1363 2524 Ι

99 2562 126 2602 so
306 2537 425 2603 llbera
447 2558 513 2624 per
537 2542 676 2605 vitreos
700 2544 814 2605 morit
836 2543 993 2623 vestigia
1016 2559 1170 2626 campos.

171 2643 180 2665 ⁸
233 2647 348 2712 Domus
375 2649 537 2724 ablativum
566 2669 670 2715 casnm
698 2649 862 2734 dupliciter
890 2651 992 2733 ellert,
1020 2659 1051 2714 et
1073 2653 1105 2715 ln
1129 2670 1147 2713 o
1172 2650 1312 2715 videlicet
1340 2654 1424 2715 etin
1450 2671 1479 2714 u.

141 2757 197 2822 sed
222 2775 239 2820 a
262 2757 352 2821 domo
375 2761 534 2841 genetivus
556 2759 682 2842 pluralis
705 2763 740 2824 lit
763 2759 937 2841 domorum„
961 2778 978 2822 a
1000 2760 1094 2822 domu
1117 2759 1272 2824 domnum
1309 2837 1320 2858 .

234 2863 317 2947 ligea
340 2869 439 2932 rictus
463 2876 495 2931 et
522 2869 636 2932 rictum
659 2878 690 2932 et
718 2870 808 2931 victu.
847 2869 943 2950 eripio
972 2867 1109 2932 llammae
1139 2869 1301 2932 hominem.
1340 2869 1480 2950 egredior

143 2973 234 3037 domo
260 2984 291 3040 ιι
314 2977 443 3039 ciuitate.

102 3104 129 3144 ιι
236 3082 331 3147 Error
346 3092 394 3148 est
411 3086 457 3148 rei
473 3085 593 3170 vitium,
612 3094 647 3148 ut
664 3103 749 3148 amor
764 3083 864 3167 dolor3
885 3086 997 3149 erratio
1012 3093 1113 3149 certae
1129 3087 1207 3169 riae;
1226 3087 1356 3148 erratrir
1376 3105 1479 3168 perso·

144 3210 215 3255 nam
239 3195 379 3279 respicit,
402 3203 437 3258 ut
460 3197 611 3278 venatrir3
635 3196 764 3257 erratica
786 3193 913 3279 hedera,
937 3196 1015 3258 ritis.

235 3298 416 3383 Eloquentia
440 3311 471 3366 et
493 3302 633 3385 eligantia
657 3302 820 3384 singularia
845 3320 975 3386 semper.

234 3407 367 3473 Exoriae
386 3413 531 3493 exequiae
551 3411 711 3495 excubiae,
735 3429 811 3494 qnae
836 3430 944 3494 graece
963 3405 1221 3504 νυκτοφυλάκιιι
1239 3412 1392 3497 dicuntur,
1411 3423 1479 3476 exta

144 3536 267 3599 quoque
291 3528 408 3584 mnium
431 3520 567 3603 pluralia.
885 3597 889 3608 ¹
1267 3599 1268 3603 Ἰ

94 3648 131 3689 co
235 3623 379 3710 Emporia
402 3628 548 3692 leminlno
571 3635 683 3713 genere
708 3638 738 3693 et
761 3638 810 3693 eat
832 3646 989 3712 graecum,
1012 3628 1103 3692 latine
1127 3638 1288 3693 mercatus.

161 3801 165 3811 ,
236 3733 482 3801 Emolumentnm
510 3757 567 3821 per
591 3757 608 3800 e
632 3736 1033 3821 simpliccmscribendnm,
1062 3737 1222 3801 aemulatio
1250 3757 1306 3820 per
1329 3756 1364 3801 ae
1393 3738 1480 3822 dipli-

144 3842 289 3923 tlrongcn.

237 3948 324 4033 Equo
348 3953 439 4016 sedeo
470 3952 569 4017 dativo
593 3973 666 4018 casu
690 3962 721 4017 et
748 3952 876 4017 ablativo
900 3957 966 4018 sine
994 3958 1231 4039 praepositione
1247 3956 1422 4040 dicendum,
1450 3965 1481 4020 et

145 4077 260 4142 equum
284 4061 376 4124 sedeo
399 4065 571 4126 accusativo
595 4072 626 4127 et
649 4065 681 4126 in
704 4081 783 4144 equo
807 4072 839 4127 et
862 4081 954 4145 snper
979 4083 1091 4146 equum
1115 4064 1262 4128 similiter.

143 4191 340 4206 *a

238 4259 255 4310 ι
273 4254 414 4314 nescienti
432 4255 461 4312 P
530 4261 547 4311 ι
566 4252 648 4312 inflet
665 4255 736 4312 ilem
754 4255 823 4312 dnm
841 4255 892 4316 Le
964 4255 1093 4313 intuetur
1109 4255 1162 4312 illa
1180 4273 1253 4327 quac
1268 4255 1422 4328 aliqnando
1443 4258 1482 4315 M

153 4379 154 4382 ,
200 4341 218 4392 c
238 4335 368 4395 dolorem
387 4336 423 4395 de
441 4336 494 4394 illa
512 4353 586 4408 quac
605 4337 701 4394 amisii
719 4337 758 4393 M
830 4343 845 4393 ι
866 4337 966 4410 qnam]
984 4336 1035 4407 qni
1055 4337 1083 4392 P
1155 4343 1172 4392 9
1191 4338 1307 4395 modum
1325 4353 1376 4394 om.
1398 4336 1427 4393 P

146 4433 182 4483 10
202 4419 366 4484 anxiere'iur
386 4427 425 4483 M
486 4426 603 4500 dicitnr]
623 4414 686 4484 diti
707 4427 736 4482 P
806 4433 838 4484 ιι
859 4430 890 4484 et
908 4427 976 4484 dum
995 4428 1095 4484 bealm
1113 4427 1142 4482 P
1202 4427 1284 4501 ergo]
1302 4431 1400 4484 ιιιιιιιι
1419 4427 1448 4484 Ρ

146 4515 182 4565 ιι
201 4508 270 4564 dnm
289 4511 341 4564 ant
359 4506 502 4580 significat
521 4509 560 4566 M
622 4517 657 4568 itt
676 4508 805 4582 discedo]
824 4507 946 4567 dicendo
965 4508 996 4565 P
1049 4515 1082 4566 18
1101 4507 1286 4566 interdictum
1304 4509 1436 4567 iorbcten
1454 4509 1483 4566 P

197 4594 233 4647 ιι
251 4589 376 4662 positam
397 4590 426 4645 P
484 4595 520 4648 tio
538 4591 612 4649 liber
630 4590 743 4662 apernit
760 4605 825 4646 reos
844 4591 884 4645 M
899 4589 973 4646 liber
991 4605 1042 4660 per
1059 4589 1111 4646 nii.
1130 4605 1194 4646 reos
1215 4589 1244 4645 P
1302 4590 1481 4650 aindoma

147 4670 296 4744 domnam]
317 4687 336 4726 a
353 4671 440 4729 domo
458 4671 572 4729 domnia
592 4671 621 4726 P
674 4677 709 4728 ιι
728 4669 838 4728 nictum
856 4675 887 4727 ct
905 4670 996 4743 metu]
1016 4669 1108 4726 nicini
1122 4669 1151 4724 P
1201 4676 1237 4726 ιι
1256 4675 1335 4728 certe
1351 4672 1401 4728 uia
1419 4673 1449 4729 P

147 4758 183 4808 ιι
198 4752 304 4810 hedera
318 4751 387 4808 uitis
400 4751 429 4807 P
439 4752 546 4809 hedera
559 4751 629 4808 uicii
638 4750 704 4807 ML
759 4756 794 4808 ιι
803 4767 922 4824 semper
935 4751 1061 4822 Empors
1070 4780 1104 4792 -
1119 4768 1171 4824 per
1185 4768 1201 4808 e
1215 4753 1376 4824 simplicem
1388 4755 1480 4813 scribe

147 4832 275 4890 Exnuiac
291 4863 321 4875 -
331 4835 445 4890 mnium
454 4833 581 4905 pluralia
588 4832 751 4890 Aemulatio
762 4833 791 4888 P
845 4839 881 4889 ιι
891 4831 1022 4902 exiquine
1033 4832 1072 4888 M
1121 4839 1156 4890 ³4
1166 4833 1195 4890 in
1205 4834 1292 4909 equo]
1302 4834 1483 4906 inequumP
