3610 5482
360 315 420 380 26.
657 387 662 396 ¹
860 311 1041 370 rnnnnrn
1060 312 1196 372 sonum

361 428 383 466 n.
398 417 453 460 ”dil
465 417 492 458 P.

360 512 432 567 sunt
455 513 612 586 quattuor,
634 499 645 566 l
668 520 699 564 ιιι
722 520 743 566 ιι
766 495 811 586 ι),
839 505 949 566 ambra
980 503 1142 566 norissima
1165 505 1214 565 sni
1238 513 1323 585 parte
1347 506 1504 596 sequentis
1529 503 1613 567 verbi
1636 508 1700 588 pri-

362 629 441 674 mam
473 611 603 676 litteram
634 613 815 696 geminant,
832 621 868 676 ut
899 613 983 694 rapio
1014 613 1127 694 arripio
1158 620 1190 675 et
1219 613 1351 694 corripio
1382 621 1414 676 et
1442 615 1584 696 surripio.
1622 616 1701 678 item

240 787 245 796 ,
361 739 495 804 accerso,
519 723 654 804 quamvis
677 719 727 784 alii
750 737 873 784 arcesso
898 720 999 784 dicant
1023 737 1083 784 non
1107 721 1173 782 sine
1196 721 1324 805 ratione,
1349 720 1430 803 quod
1454 723 1545 786 etlam
1568 725 1600 786 in
1625 742 1641 786 r
1664 725 1698 786 iu

360 832 427 894 eius
452 829 533 894 modi
557 829 827 914 compositionibus
850 828 869 890 d
893 827 995 892 littera
1020 829 1138 911 transit,
1162 826 1281 910 quoad
1305 831 1490 911 praepositio
1514 832 1632 916 linitur,
1662 842 1697 896 ut

359 941 481 1022 arripio.
518 938 571 1003 sed
595 938 717 1022 quidam
740 938 942 1003 differentiam
965 955 1033 1002 esse
1057 937 1228 1022 voluerunt,
1253 946 1288 1002 ut
1310 955 1434 1002 arcesso
1452 939 1574 1022 quidem
1598 940 1635 1003 ab
1659 954 1727 1004 ent

360 1046 453 1110 verbo
477 1055 568 1130 esset,
590 1047 672 1130 qnod
696 1057 743 1112 est
767 1065 865 1126 arceo,
889 1063 1013 1109 accerso
1032 1063 1105 1109 vero
1124 1043 1162 1108 ab
1181 1063 1218 1108 eo
1238 1045 1319 1128 quod
1339 1054 1386 1110 est
1404 1049 1496 1112 accio.
1526 1047 1579 1112 sed
1599 1049 1698 1132 nobis,

360 1165 527 1238 utcumque
552 1155 757 1236 scribendum,
781 1157 817 1220 ad
835 1155 969 1219 eandem
989 1154 1238 1236 significationem
1260 1155 1401 1220 videntur
1422 1159 1586 1240 pertinere.
1615 1161 1698 1222 simi-

362 1265 433 1328 liter
455 1264 539 1347 lego,
562 1264 651 1347 alligo
675 1263 783 1348 colligo
806 1264 926 1348 pelligo,
950 1272 984 1327 ut
1009 1281 1114 1326 omnes
1139 1265 1255 1346 antiqui
1278 1265 1435 1330 dixerunt:
1460 1266 1540 1330 uude
1564 1277 1594 1330 et
1617 1269 1699 1350 apud

360 1373 524 1458 Vergilium
545 1373 705 1455 legendum
724 1370 968 1457 ‘pelligerent
987 1368 1139 1458 oculis,'
1163 1393 1223 1437 nou
1244 1370 1478 1456 ‘perlegerent’
1512 1378 1584 1440 item
1604 1387 1699 1460 muto,

361 1489 513 1546 committo
544 1502 599 1565 per
628 1483 688 1546 duo
721 1501 750 1546 m
779 1491 810 1545 et
839 1485 965 1546 immuto
993 1489 1024 1545 et
1054 1483 1191 1545 imminet
1221 1481 1266 1564 [et
1288 1482 1424 1566 impius}
1463 1484 1494 1546 in
1523 1483 1570 1546 his
1594 1494 1745 1548 autem10

362 1563 461 1654 servat
484 1593 667 1674 praepositio
686 1589 819 1654 litteram
846 1608 941 1673 suam,
965 1587 1027 1670 [ut]
1048 1589 1277 1654 innumerabilis
1296 1601 1327 1655 et
1345 1593 1472 1674 innupta
1492 1600 1522 1655 et
1541 1594 1700 1677 innocens,

362 1701 504 1784 quoniam
528 1702 686 1782 sequentia
710 1698 800 1764 rerba
824 1699 861 1762 ab
881 1699 986 1762 eedem
1006 1699 1104 1762 littera
1124 1693 1282 1781 incipiunt
1320 1703 1352 1764 in
1371 1702 1601 1765 semivocalibus
1621 1721 1697 1784 quo·

362 1826 422 1890 que
445 1810 599 1889 geminant
622 1810 862 1890 praepositiones
886 1809 1015 1889 primam
1043 1809 1200 1888 sequentis
1229 1806 1312 1870 verbi
1340 1807 1485 1895 litteram,
1518 1820 1552 1874 nt
1579 1812 1700 1896 otiatus,

362 1935 423 1978 uon
442 1917 560 1979 exiatns
580 1935 636 1979 nec
656 1917 781 1998 eciatus,
805 1925 839 1978 nt
859 1914 980 1998 qnidam
999 1922 1193 2000 partaverunt,
1217 1925 1247 1978 et
1266 1919 1428 2002 effervens:
1451 1921 1524 1982 item
1544 1923 1575 1983 in
1595 1923 1699 2003 mutis,

362 2027 406 2087 ut‘
425 2025 525 2090 attulit
553 2044 608 2107 per
632 2036 644 2089 t
668 2034 699 2088 et
726 2028 824 2106 attigit
852 2034 883 2089 et
911 2025 1042 2088 attinuit.
1080 2025 1111 2086 in
1141 2024 1271 2088 contulit
1302 2035 1400 2090 tamen
1430 2047 1491 2092 non
1521 2039 1617 2092 mutat
1641 2049 1698 2092 uec
1718 2041 1748 2079 ¹⁵

456 2208 490 2257 ιι
508 2201 579 2258 trem
597 2201 627 2258 in
645 2186 734 2258 mitis
747 2220 780 2272 p.
799 2205 845 2268 ιι,
863 2205 899 2256 ιι

456 2373 470 2421 1
490 2363 609 2439 amissa]
633 2363 721 2421 missa
739 2364 825 2420 BPn
919 2369 935 2417 2
959 2360 1160 2434 geminandam
1184 2364 1217 2418 nt
1240 2363 1322 2436 rapio
1344 2366 1431 2421 BPu
1523 2367 1646 2440 corripio
1669 2371 1703 2424 et
1762 2389 1770 2400 ·

362 2445 486 2518 surripio
504 2467 526 2502 n
546 2445 669 2518 corripio
689 2449 719 2502 et
737 2443 865 2516 subripio
883 2444 912 2499 Β
932 2441 1053 2514 corripio
1073 2441 1196 2513 surripio
1215 2443 1244 2498 P
1347 2451 1364 2501 3
1389 2447 1466 2517 quod
1489 2447 1577 2504 etiam
1601 2449 1631 2504 iu
1650 2463 1701 2506 .er.

363 2527 434 2596 (etis
451 2546 481 2584 m
499 2547 515 2583 r
532 2528 562 2583 P
576 2527 664 2585 etiam
683 2546 698 2584 r
716 2531 750 2596 o)
773 2527 804 2584 in
828 2525 968 2582 eiusmodi
992 2523 1246 2596 compositionibus
1270 2523 1300 2580 in
1324 2526 1360 2583 do
1384 2528 1424 2596 (in
1444 2528 1463 2583 d
1482 2528 1546 2598 Por)
1565 2519 1703 2584 retiansit

365 2608 442 2679 qnod
462 2611 492 2665 et
510 2609 667 2681 prepositio
686 2608 784 2666 finitur
801 2607 905 2664 BPo:
927 2609 964 2675 os.
984 2607 1041 2664 Vel.
1059 2607 1148 2678 Europ.
1163 2623 1194 2675 p.
1213 2610 1297 2662 2232
1316 2605 1430 2664 danim
1449 2627 1506 2666 non
1525 2608 1618 2666 miuus
1636 2607 1666 2664 in
1687 2629 1704 2664 r

362 2689 491 2746 litteram
509 2690 613 2746 transit
632 2707 718 2762 qnam
737 2691 767 2746 in
786 2708 810 2761 o,
830 2708 893 2747 cnm
913 2690 977 2746 dico
991 2692 1021 2746 et
1040 2688 1144 2745 accedo
1164 2689 1194 2742 et
1211 2691 1405 2761 accommodo,
1424 2709 1511 2764 qnam
1529 2689 1606 2762 apud
1625 2689 1703 2746 anti-

363 2773 436 2841 quoi
453 2770 484 2827 iu
504 2788 634 2840 ιιινοιιο,
653 2773 684 2828 in
702 2772 860 2829 nuenario
934 2779 951 2827 t
970 2769 1050 2828 utin
1069 2767 1176 2840 arripio
1196 2765 1251 2822 Poo
1335 2772 1422 2828 daed
1441 2773 1560 2844 quidsni
1577 2771 1630 2826 Po
1650 2772 1704 2826 sed
1740 2772 1748 2780 '

363 2851 413 2922 qui
428 2894 434 2908 .
451 2893 457 2908 .
472 2853 583 2910 duobus
597 2854 697 2910 litteris
711 2855 805 2910 deletis
818 2853 854 2930 B·
930 2857 963 2910 ut
976 2867 1088 2909 acoesm
1103 2868 1174 2907 corr.
1189 2853 1223 2906 ut
1236 2868 1349 2908 arcesso
1361 2854 1391 2908 B
1456 2861 1472 2910 e
1488 2854 1575 2926 esset]
1592 2869 1654 2910 esse
1671 2852 1705 2907 Β

435 2948 517 2990 arceo
538 2933 614 2992 Pto
634 2933 711 2990 arcio
729 2935 758 2990 Β
854 2951 967 2991 accerso
991 2950 1059 2990 uero
1081 2933 1118 2989 ab
1146 2948 1180 2988 eo
1200 2932 1277 3002 quod
1297 2936 1342 2989 est
1360 2933 1438 2991 socio
1457 2956 1480 2991 ω
1499 2951 1612 2992 occano
1631 2953 1704 2992 uero

363 3013 441 3084 quod
460 3017 505 3070 est
523 3013 567 3070 oio
580 3014 608 3070 Β
628 3031 742 3073 accerso
763 3032 829 3072 uero
849 3015 886 3072 eb
904 3031 937 3072 eo
952 3015 1030 3085 quod
1047 3017 1092 3070 eat
1110 3013 1178 3084 pigo
1192 3012 1225 3070 P.
1246 3012 1326 3070 accio
1345 3019 1459 3070 tuentur
1475 3016 1570 3072 Velius
1584 3015 1704 3086 Lonyus

363 3096 381 3150 l.
401 3111 423 3152 c.
443 3099 474 3152 et
491 3095 521 3151 in
541 3107 574 3154 eo
594 3097 671 3168 quod
690 3099 734 3154 est
751 3114 862 3154 arcesso
881 3100 912 3154 et
933 3112 1047 3151 accerso
1072 3097 1248 3166 putaverunt
1270 3095 1388 3165 quidam
1414 3096 1603 3154 differentium
1627 3113 1702 3166 esse,

362 3177 397 3231 ut
420 3192 532 3232 sooemo
552 3177 591 3233 sit
613 3193 697 3246 voco,
722 3175 846 3235 tract'um
865 3179 901 3235 ab
927 3175 1076 3244 cociendo,
1100 3189 1212 3231 arcesso
1231 3191 1298 3232 vero
1317 3195 1496 3249 summoveo,
1519 3179 1556 3234 ab
1576 3179 1701 3234 arcendo

363 3257 499 3325 Mum,
519 3263 544 3313 et
565 3257 733 3314 Pnseioum
752 3259 770 3316 l.
790 3259 813 3314 1
826 3277 857 3330 p.
877 3265 923 3328 35,
943 3266 961 3316 5
980 3259 1054 3315 unde
1074 3257 1235 3314 ostenditur
1253 3261 1330 3315 recte
1350 3276 1462 3316 arcesso
1482 3260 1540 3316 dici
1563 3260 1601 3316 sb
1619 3257 1701 3316 arcio

284 3393 289 3402 ,
362 3337 464 3406 serbo,
483 3338 559 3409 quod
578 3356 653 3395 nunc
672 3339 752 3396 accio
770 3341 908 3410 dicimus,
926 3340 1002 3412 qnod
1022 3343 1065 3396 est
1084 3356 1118 3395 ex
1137 3337 1175 3394 ad
1194 3341 1223 3394 et
1243 3337 1287 3394 cio
1307 3339 1496 3410 compositum
1582 3340 1702 3397 isini-

362 3417 429 3475 liter
447 3420 507 3491 ligo
526 3419 614 3492 siligo
629 3419 685 3476 Bo
705 3420 837 3477 similiter
855 3421 915 3493 ligo
934 3419 1031 3493 adligo
1046 3419 1079 3474 P.
1099 3418 1188 3488 siligo
1207 3435 1225 3474 a
1244 3419 1355 3489 lopendo
1374 3421 1480 3476 dictum
1495 3427 1588 3476 tuetur
1603 3421 1702 3477 Velina

361 3499 478 3572 Meque
496 3519 527 3572 p.
550 3507 642 3572 2225,
666 3503 716 3558 ubi
735 3503 868 3575 ailigere,
890 3519 949 3558 noe
970 3501 1095 3573 abegere
1114 3499 1249 3568 seriptum
1268 3505 1306 3554 est
1329 3503 1361 3555 tn
1384 3503 1484 3558 codiee.
1517 3503 1703 3573 mboqroplri

347 3582 526 3642 ,Oosmodors'
540 3600 571 3654 p.
586 3589 677 3652 2285,
695 3591 785 3654 2293,
803 3591 890 3653 2318,
909 3585 959 3656 qui
977 3581 1065 3654 alligo
1086 3583 1118 3636 in
1133 3581 1260 3652 monnio
1275 3588 1401 3651 ponunt,
1421 3590 1517 3639 otram
1535 3585 1566 3640 id
1585 3585 1620 3640 ob
1635 3585 1701 3640 olli:

362 3665 451 3736 pendo
476 3681 515 3720 un
538 3664 573 3721 ob
597 3663 743 3734 olliponcio
766 3684 820 3723 esse
837 3668 976 3723 voluerint
994 3680 1053 3719 noe
1071 3668 1178 3718 corntot
1288 3663 1431 3734 Spelligo
1450 3664 1513 3719 BP
1533 3665 1646 3737 pellego
1667 3685 1702 3720 ω.

363 3745 477 3816 pellego
495 3762 547 3816 pro
566 3743 684 3816 perlego
705 3745 870 3803 Prisciomn
888 3749 906 3804 l.
927 3747 970 3801 II
984 3764 1015 3817 p.
1035 3751 1080 3812 50,
1099 3749 1118 3799 6
1199 3741 1332 3798 dixerunt
1351 3761 1408 3800 nou
1427 3745 1605 3818 perlegerem
1624 3751 1702 3818 (per-
1741 3737 1744 3744 ’

247 3821 257 3828 '
362 3827 459 3897 legere
479 3826 549 3894 mP)
570 3826 643 3882 uncle
662 3830 692 3883 et
710 3828 796 3896 (unde
815 3847 834 3900 p
854 3831 894 3896 et,
914 3829 961 3884 aed
979 3828 1064 3882 deleto
1083 3843 1102 3897 p
1121 3825 1160 3894 Β)
1180 3825 1257 3895 apud
1273 3825 1426 3895 uerqilinm
1445 3826 1596 3898 legendum
1617 3829 1702 3900 peili·

363 3909 465 3980 gerent
488 3906 667 3977 (pellicerent
690 3927 712 3962 ω
735 3909 913 3980 pellegerent
931 3909 1090 3978 Pittacbiars)
1114 3906 1204 3962 oculis
1229 3906 1298 3961 item
1318 3907 1413 3964 BPoo.
1434 3911 1597 3980 transposui
1615 3910 1703 3965 umba

363 3992 396 4046 ιἰι
414 3989 555 4045 codicibus
574 3993 708 4058 corrupta
727 3995 752 4044 et
770 3991 862 4046 olierw
880 3991 939 4048 loco
954 3993 1062 4062 posito,
1089 4005 1145 4044 nou
1165 3987 1352 4059 perlegerent.
1381 4008 1549 4061 quaomqtsom
1572 3991 1704 4046 ‹inbituri

359 4077 451 4144 potest
474 4086 513 4126 ort
536 4069 732 4138 interpolatori
748 4072 843 4140 potius
861 4087 945 4143 quoni
963 4073 1047 4126 veteri
1064 4069 1246 4142 prommotico
1265 4071 1414 4128 tribuendo
1432 4073 1490 4127 siut
1582 4076 1598 4124 9
1617 4070 1703 4141 pelli-

308 4223 311 4230 ,
364 4151 478 4225 gerent]
505 4150 583 4220 Verp.
604 4151 674 4204 Aen.
701 4150 746 4205 VI
765 4156 801 4207 34
879 4154 959 4208 muto
979 4149 1198 4230 commutoBo
1218 4150 1302 4206 mitto
1321 4153 1471 4208 committo
1491 4151 1519 4206 P
1595 4157 1628 4206 ιο
1647 4151 1704 4204 im·

1040 4245 1064 4274 iit

364 4291 444 4344 muto
469 4290 499 4343 et
520 4283 652 4344 imminet
676 4289 706 4343 et
730 4287 834 4360 impius
857 4288 887 4344 in
905 4288 951 4345 his
971 4307 993 4342 o
1021 4287 1131 4342 inmuto
1151 4289 1190 4356 (ιιι
1209 4305 1343 4358 superser.
1364 4290 1391 4359 b)
1410 4287 1541 4342 imminet
1559 4278 1652 4340 isr‘bia
1671 4285 1702 4339 Β

365 4369 491 4426 immitto
511 4371 540 4425 et
557 4367 692 4424 imminet
710 4370 739 4424 ei
757 4369 862 4441 impius
881 4369 911 4425 in
930 4369 985 4426 hiis
1005 4368 1032 4423 P
1112 4376 1144 4424 ιι
1167 4372 1198 4423 ut
1217 4368 1393 4425 inmutabilis
1413 4372 1441 4424 et
1460 4367 1553 4424 inuita
1571 4371 1601 4423 et
1618 4367 1701 4424 inno·

365 4467 433 4507 cens
451 4449 478 4504 B
497 4454 530 4504 ut
548 4451 657 4508 innuba
677 4455 707 4508 et
725 4451 817 4507 inuita
836 4454 866 4506 et
884 4451 1019 4507 innocens
1039 4451 1097 4505 mP
1172 4455 1205 4506 12
1224 4449 1266 4522 in]
1286 4451 1323 4506 Et
1336 4450 1452 4505 BPEx
1466 4471 1488 4505 ω
1566 4457 1598 4506 ra
1618 4468 1703 4521 pree-

304 4541 306 4552 ·
364 4531 520 4604 positiones
536 4553 557 4586 ω
577 4531 796 4605 praepositionis
812 4532 840 4587 P
855 4531 1113 4604 praepositionibus
1127 4533 1155 4590 Β
1228 4531 1320 4604 verbi]
1336 4529 1431 4586 uerbis
1448 4530 1476 4585 P
1547 4535 1581 4590 ut
1599 4532 1702 4591 effatus

365 4628 422 4670 uon
440 4611 551 4668 existas
570 4633 592 4668 ω
611 4617 645 4669 nt
663 4615 766 4670 elisius
785 4630 842 4670 non
861 4617 893 4669 ut
911 4613 1023 4670 erictus
1041 4615 1105 4670 BP
1200 4621 1305 4690 tinec
1325 4611 1443 4667 ecffatus
1463 4613 1491 4667 P
1586 4615 1616 4668 et
1634 4621 1703 4670 onte

366 4694 502 4752 effervens
521 4709 572 4750 orn.
592 4696 680 4752 ΒΡω
768 4695 838 4752 item
857 4693 888 4750 in
907 4694 994 4750 mutis
1012 4695 1040 4750 Β
1059 4695 1129 4752 item
1148 4697 1236 4753 mutis
1256 4715 1278 4750 oo
1297 4693 1368 4750 item
1388 4692 1480 4750 mittis
1499 4693 1528 4748 P
1613 4700 1646 4750 tt
1665 4699 1701 4751 ut

352 4793 417 4850 ‚orta
437 4775 526 4830 BPu
601 4775 700 4832 attulit
719 4793 770 4846 per
787 4778 801 4832 t
819 4779 849 4830 et
867 4773 967 4830 attulit
985 4781 1015 4830 et.
1032 4778 1132 4848 attigit
1149 4781 1180 4833 et
1198 4773 1316 4832 attinuit
1332 4773 1362 4827 B
1443 4789 1500 4828 non
1519 4777 1615 4832 mutat
1633 4796 1655 4830 or
1675 4785 1704 4832 et

366 4859 476 4914 derebus
495 4858 595 4913 litteris
613 4864 678 4914 onte
697 4859 791 4914 mutat
809 4858 904 4913 deletis
923 4855 959 4924 Β,
978 4872 1035 4911 ιιοιι
1055 4857 1154 4914 mittat
1172 4857 1201 4913 P
