3610 5482
597 335 647 392 Dis
667 335 965 394 oshflosafflsta
1401 337 1443 401 81

101 447 122 485 μ.
139 437 195 478 nas
210 437 237 478 r.

102 521 369 604 subducebantur,
392 523 419 583 si
438 520 468 583 id
489 532 540 586 aut
559 523 652 586 decor
676 525 903 606 compositionis
922 533 974 585 aut
994 525 1082 584 metri
1107 526 1272 586 necessitas
1296 523 1446 606 exigebat,

102 641 138 692 ut
162 625 275 692 ‘adeo
298 633 335 692 in
360 631 503 692 teneris
522 647 773 694 consuescere
798 629 951 694 multum
975 625 1056 693 est’.

198 735 243 799 De
273 736 492 820 adspiratione,
523 740 581 799 nisi
609 737 709 819 iaiior,
739 736 850 819 aliquid
876 740 933 800 ium
962 737 1057 800 locuti
1085 757 1199 800 sumus.
1247 739 1445 821 repetendum

103 855 213 907 tamen
232 847 403 908 existimavi
421 863 592 908 sermonem
612 854 738 927 propter
757 864 809 908 eos
825 847 878 927 qui
891 844 1071 927 Hymnidem
1091 844 1285 927 hyacinthum
1300 856 1330 910 et
1345 846 1444 928 hyme·

79 971 222 1016 snaeum
250 956 332 1016 varie
361 946 560 1037 scripserunt
607 953 657 1016 aiii
681 957 762 1017 enim
790 954 1035 1037 praeponendam
1063 951 1296 1035 adspirationem
1323 964 1445 1037 putave-

102 1069 190 1138 runt,
208 1059 259 1124 aiii
277 1070 431 1142 tamquam
449 1079 511 1124 non
531 1062 733 1124 necessariam
750 1062 930 1141 omiserunt,
945 1061 1087 1141 quoniam
1107 1060 1223 1125 scilicet
1241 1065 1272 1124 in
1292 1065 1445 1126 communi

19 1177 20 1248 i
102 1169 214 1250 lingua
232 1167 419 1232 Graecorum
443 1185 608 1249 numquam
632 1185 692 1230 non
716 1166 950 1249 adspirationem
974 1171 1006 1230 in
1026 1186 1059 1230 se
1084 1167 1173 1231 hahet
1196 1189 1215 1251 y
1238 1169 1347 1254 littera,
1371 1189 1444 1252 qun·

102 1279 189 1338 tiens
219 1275 341 1339 inchoat
372 1295 468 1340 coces.
512 1295 580 1338 nam
604 1275 684 1357 quod
711 1275 747 1338 ad
771 1275 861 1338 latina
884 1277 1031 1358 pertinet,
1060 1277 1091 1338 in
1116 1275 1227 1357 quibus
1250 1276 1309 1340 late
1333 1277 1444 1359 aliquid

103 1383 289 1468 ambigitur,
318 1388 512 1466 antiquorum
536 1383 724 1446 consuetudo
749 1382 938 1465 respicienda
962 1393 1023 1466 est,
1053 1383 1164 1465 quihus
1193 1386 1285 1447 moris
1309 1386 1366 1449 iuit
1390 1404 1445 1470 pro

67 1512 90 1552 n
103 1492 162 1554 hac
196 1492 400 1574 adspiratione
428 1492 560 1554 litteram
588 1491 689 1554 dicere
714 1493 734 1554 i.
780 1492 882 1573 itaque
911 1491 1055 1554 harenam
1084 1493 1195 1554 iustius
1228 1495 1296 1572 quis
1326 1491 1446 1576 dixerit,

103 1601 256 1682 qnoniam
279 1599 359 1682 apud
383 1601 524 1681 antiquos
548 1599 650 1662 issena
674 1607 752 1681 erat,
782 1609 812 1662 et
836 1598 997 1682 hordeum,
1024 1601 1094 1680 quia
1117 1598 1271 1683 fordeum,
1294 1608 1338 1682 et,
1366 1602 1447 1664 sicut

105 1725 208 1792 supra
231 1707 372 1792 diximus,
395 1708 507 1791 hircos,
530 1709 673 1788 quoniam
696 1707 764 1770 iirci
787 1717 883 1791 erant,
906 1716 937 1771 et
959 1707 1081 1790 haedos,
1105 1708 1247 1788 quoniam
1270 1706 1357 1770 iaedi.

203 1879 297 1938 (iodea
317 1881 470 1938 Parrhasis·
525 1888 538 1936 1
564 1861 671 1952 exigat
752 1883 930 1954 dianqnam
953 1879 1141 1938 macenariam
1167 1879 1191 1936 G
1214 1895 1285 1937 corr.
1309 1882 1447 1952 tanquam

105 2032 167 2072 non
186 2016 410 2074 necemus-iam
497 2014 627 2072 trices.
652 2014 746 2071 littero
764 2032 780 2072 c
795 2017 892 2088 primo
910 2033 997 2072 manu
1015 2015 1205 2086 resperseripio
1292 2014 1448 2086 santique

105 2095 317 2152 comustudina
335 2095 515 2168 respicienda
589 2101 620 2150 11
641 2093 783 2168 fordeum]
803 2095 931 2154 sordeam
1006 2103 1039 2153 la
1066 2094 1174 2152 haedos
1193 2094 1328 2166 qnoniam
1346 2095 1445 2170 inedii

105 2177 176 2234 Veii
193 2176 289 2250 Longi
308 2177 343 2233 de
362 2173 569 2248 orthographia
584 2177 589 2246 1
605 2174 690 2233 Liber
708 2175 783 2248 expl.
803 2175 943 2234 foeliciter

201 2339 342 2411 refiget
361 2337 390 2394 R
481 2343 498 2393 2
521 2335 611 2392 ade*
603 2353 633 2392 m
656 2336 761 2394 teneda
780 2354 941 2396 assuescere
965 2339 1125 2395 mulinmrt
1144 2337 1341 2394 commiseras
1367 2337 1446 2410 Vere.

106 2439 200 2495 μοις.
218 2421 264 2478 ΙΙ
281 2426 343 2478 272
398 2419 526 2477 alocuii
544 2417 654 2491 samus]
669 2433 701 2488 p.
717 2423 764 2488 68,
779 2424 815 2475 u
881 2425 897 2473 ‘i
917 2437 937 2474 n
955 2417 1054 2475 littera
1071 2417 1100 2474 R
1155 2424 1172 2473 9
1191 2418 1312 2488 antiqua
1330 2434 1447 2475 consue-

107 2503 178 2560 indo
197 2501 228 2558 R
246 2508 274 2560 et
292 2503 378 2560 codro:
402 2501 501 2558 Vrsini
575 2505 608 2556 tt
628 2502 658 2556 si
676 2499 775 2571 hoedi,
794 2498 929 2572 quonism
948 2497 1038 2556 Fosdi
1056 2497 1085 2555 R
