3616 5482
564 327 637 386 ΑΕΒ
656 327 706 386 DE
726 323 1023 385 ourfloentrffls
1399 326 1464 394 117

141 466 148 479 .
163 437 218 478 noe
232 436 257 477 r.

123 447 211 604 ituris
235 530 267 584 et
296 521 392 585 iuturi
415 519 539 584 adiatim
561 519 759 584 inveniuntur
783 514 935 606 erempia;¹
959 515 1016 580 sed
1043 517 1213 599 praesentis
1237 517 1358 600 demus,
1382 516 1463 600 quod

124 631 280 695 difficilius
304 629 438 714 ridetur,

187 752 191 760 ·
290 739 402 803 litora
426 737 521 822 quod
544 737 699 802 tumidis
718 733 948 800 submersum
967 733 1143 798 tunditur
1160 732 1246 796 oiim

290 845 487 913 fluctibus:

81 977 94 1017 s
292 957 470 1039 qnondam
495 949 604 1020 etiam
628 941 738 1017 ricti's
762 952 921 1016 reditio
944 951 1163 1036 praecordia
1186 954 1325 1018 virtus:
1432 968 1435 972 ·

125 1041 448 1150 ‘expergiscimini
472 1063 669 1146 aliquando
694 1071 729 1125 et
752 1065 936 1145 capessite
960 1079 1035 1125 rem
1058 1056 1276 1144 pubiicum'.

220 1175 421 1240 Conscribero
450 1182 498 1239 est
525 1171 620 1236 multa
648 1171 738 1236 simui
771 1170 920 1256 scribere,
954 1169 1127 1234 exscribere
1155 1171 1237 1252 quod
1265 1171 1336 1235 alibi
1368 1174 1462 1256 scrip·

4 1303 5 1306 ’
126 1295 193 1349 tum
221 1286 263 1348 sit
290 1283 470 1366 transierum
499 1279 718 1364 transcribere,
747 1299 817 1344 cum
845 1281 893 1344 ius
921 1288 1061 1344 nostrum
1090 1279 1122 1340 in
1151 1279 1242 1342 alium
1266 1282 1389 1363 transit,
1417 1283 1462 1344 in·

124 1393 263 1458 scribere
304 1393 520 1476 accusationis,
556 1389 730 1454 adscribere
763 1387 994 1472 adsignationis,
1030 1387 1204 1454 describere
1237 1387 1378 1452 dictionis
1416 1391 1462 1452 rei

3 1499 4 1510 ’
84 1501 336 1566 inordinationis.

216 1611 383 1676 Exstruere
403 1621 450 1676 est
468 1612 500 1674 in
520 1609 614 1674 altum
634 1617 764 1690 struere,
783 1609 937 1671 iustruere
952 1609 1048 1670 aciem
1061 1607 1110 1670 rel
1123 1609 1282 1692 actionem,
1301 1607 1460 1672 adstruere

123 1721 295 1805 adfirmare,
317 1729 497 1784 construere
520 1720 552 1782 in
576 1717 723 1782 suuendo
746 1718 947 1800 coniungere,
970 1715 1149 1780 substruere
1173 1735 1208 1778 re
1231 1715 1330 1799 eliqua
1354 1735 1460 1800 super·

2 1909 3 1914 ¹
124 1831 224 1912 posita
247 1827 354 1894 subter
377 1837 507 1893 struere.

216 1931 356 1998 ‘blemini
378 1953 427 2000 me
452 1930 569 2000 iacere’
592 1935 695 2000 dicere
720 1934 875 2020 debemus,
899 1953 961 1998 nou
985 1930 1126 1998 ‘memmi
1149 1951 1197 1997 me
1217 1931 1352 2000 iecisse'.
1391 1955 1460 2000 nam

84 2063 110 2104 n
125 2039 273 2108 ‘memini'
298 2062 399 2122 sermo
418 2054 465 2108 est
484 2052 567 2110 totus
586 2046 743 2128 praeteriti
763 2046 918 2127 temporis,
941 2045 1082 2126 quiante
1106 2043 1216 2108 iactam
1238 2062 1304 2108 rem
1322 2047 1354 2108 in
1373 2063 1459 2128 prae·

125 2173 206 2218 sens·
227 2161 363 2238 reuocat,
393 2161 425 2216 et
455 2155 481 2216 si
511 2153 624 2216 dixeris
655 2149 794 2216 ‘memini
826 2170 874 2215 me
907 2147 1046 2235 iecbse',
1083 2151 1144 2216 duo
1175 2155 1340 2234 praeterita
1370 2154 1460 2218 simui

125 2265 241 2346 iungb:
284 2261 390 2326 Cicero
420 2256 584 2326 ‘memini
619 2259 849 2343 Pamphilum
881 2258 1136 2343 Lilybetanum
1170 2261 1258 2325 mihi
1290 2258 1459 2327 narrare’

126 2369 293 2455 [solitum],
316 2371 397 2434 idem
420 2370 499 2434 inira
523 2364 679 2453 ‘respondi
702 2369 837 2453 bietello,
862 2379 896 2432 ut
918 2369 1025 2454 debui,
1049 2371 1140 2434 etiam
1164 2369 1238 2434 iliud
1263 2373 1386 2436 memini
1410 2391 1458 2435 me

124 2475 257 2544 dicere':
280 2478 443 2543 Terentius
1229 2485 1236 2497 '

83 2605 110 2646 ro
287 2605 354 2668 ego
377 2587 476 2651 iilam
500 2587 588 2664 ridi,
613 2589 792 2670 virginem
815 2588 928 2650 torma
952 2586 1046 2651 bona

288 2697 435 2761 memini
458 2714 511 2759 me
536 2695 674 2760 ridere:

123 2803 267 2888 vngues
382 2791 384 2796 '

288 2913 469 2978 cantando
494 2911 645 2994 [solitum]
671 2915 818 2977 memini
841 2931 894 2976 me
920 2913 1079 2977 condere
1104 2913 1219 2998 soles,

1 2999 2 3088 i
126 3021 207 3086 idem
231 3017 398 3087 ‘memini
420 3022 613 3086 Auruncos
637 3024 687 3086 ita
716 3022 816 3084 ierre
846 3016 985 3105 senes’,
1013 3030 1044 3084 et
1067 3021 1170 3086 multis
1193 3032 1351 3105 praeterea
1374 3023 1458 3090 locis.

1 3199 2 3218 ,
85 3148 226 3214 seneque
241 3133 396 3196 invenitur
411 3129 463 3194 ubi
478 3129 515 3194 eb
530 3129 596 3194 aitis
616 3128 933 3212 magnis‘auotoribus
951 3124 1098 3195 ‘memini'
1118 3133 1252 3214 positum
1272 3135 1321 3216 sit,
1344 3143 1378 3198 ut
1397 3155 1458 3200 non

216 3296 229 3345 1
251 3288 329 3360 quod
346 3285 491 3345 difficilius
510 3288 554 3344 ast
572 3285 622 3343 uel
639 3285 757 3342 difficile
777 3285 891 3343 uidetur
909 3285 1027 3344 tumidis
1051 3287 1128 3360 quod
1151 3287 1284 3346 fluctibus
1303 3289 1372 3346 olim
1395 3293 1458 3348 tun·

1 3405 2 3428 t
123 3369 200 3426 ditur
219 3368 364 3442 quondam
383 3369 443 3426 BG
504 3375 544 3441 ,a
564 3368 663 3442 litore]
688 3367 767 3442 Verp.
788 3371 859 3425 Aen.
885 3367 986 3425 V215
1070 3368 1262 3444 bquondnm]
1288 3370 1368 3443 Vero.
1387 3375 1457 3430 Aen.

1 3459 29 3522 ᾗ
125 3451 168 3506 ΙΙ
183 3457 242 3510 367
316 3449 594 3525 dexpergescernini
607 3449 636 3506 B
656 3449 891 3523 expergescimini
906 3449 941 3506 0:
966 3449 1082 3507 Salicest.
1098 3449 1158 3508 Oct.
1174 3457 1256 3520 52,5
1330 3453 1459 3510 intuite

124 3531 208 3588 simul
227 3531 288 3588 ΒΟ
304 3538 330 3588 et
347 3532 429 3590 Beda
444 3551 476 3606 p.
495 3535 591 3601 2782,
610 3531 696 3588 simul
714 3530 807 3587 multu
827 3531 866 3587 Μ
942 3530 1145 3647 excnbeffimii·
1207 3531 1283 3603 quod
1301 3532 1352 3589 eiii
1371 3534 1457 3608 scrip·

122 3661 185 3715 tum
213 3651 253 3716 sit
273 3659 303 3716 B
330 3659 408 3731 qnod
436 3659 486 3716 aiii
508 3657 708 3730 'conscriptum
732 3656 770 3714 sit
794 3658 829 3725 0,
858 3675 927 3714 corr.
954 3657 1030 3728 qnod
1056 3657 1141 3714 aiibi'
1155 3659 1343 3716 conscribitur
1371 3679 1386 3718 c

123 3742 346 3800 etnamcribere
364 3745 511 3813 (supeeer.
530 3747 546 3797 e
567 3740 604 3812 0)
624 3739 703 3796 cuins
723 3743 851 3796 nostrum
869 3738 929 3794 BG
990 3737 1144 3796 inscribere
1164 3741 1353 3798 accusationis
1367 3742 1457 3812 Beda,

122 3821 276 3879 inscribere
294 3821 483 3878 accusationis
501 3821 550 3878 nel
567 3820 726 3878 occasionis
747 3822 784 3877 Μ
801 3819 956 3880 inscribere
970 3818 1145 3876 eodonisunt
1158 3821 1207 3878 nel
1225 3823 1415 3882 assumtionis
1429 3826 1457 3881 Β

122 3903 276 3962 mxcribere
294 3901 416 3960 sodoma
435 3904 480 3960 est
498 3901 545 3958 uei
564 3900 755 3958 accusationis
776 3901 800 3957 (J
853 3909 869 3958 t
889 3900 1044 3958 merebere
1061 3901 1090 3956 B
1157 3909 1191 3958 10
1206 3903 1391 3962 ordinationis
1411 3922 1457 3962 ex·

122 3988 215 4042 home
234 3987 279 4042 est
296 3982 357 4040 Rc
372 3981 560 4040 ordinationis
578 3981 623 4038 est
640 3983 783 4040 annuere
806 3983 844 4039 Μ
954 3989 986 4039 lt
1017 3983 1177 4040 substruere
1194 4001 1226 4040 re
1245 3984 1343 4056 aliqua
1361 4005 1457 4059 anper·

121 4065 216 4137 posite
235 4067 335 4136 supter
353 4068 461 4122 strum
482 4063 521 4119 Μ
537 4063 700 4120 substruere
719 4064 819 4136 eiiqnn
836 4081 923 4135 supra
945 4064 1041 4137 posito
1059 4065 1223 4123 armauere
1241 4067 1270 4120 Β
1294 4069 1340 4124 uel
1360 4069 1457 4142 αῑίῳη

122 4147 320 4220 supraposita
338 4145 501 4204 substruere
521 4142 546 4200 0
617 4151 650 4200 to
670 4149 737 4202 ente
756 4149 851 4204 actam
871 4147 953 4203 Beda
967 4164 998 4217 p.
1018 4151 1093 4204 2791
1171 4153 1205 4203 le
1227 4149 1355 4220 revocat]
1375 4167 1456 4207 reuo-

121 4233 167 4285 cet
181 4228 230 4285 uel
243 4229 360 4285 reuocat
372 4227 401 4284 Β
415 4226 531 4284 reuocet
545 4225 626 4296 (corr.
642 4228 698 4297 at)
712 4226 760 4285 nei
774 4229 913 4285 0011qu
975 4231 1005 4284 et
1018 4233 1083 4284 oete
1097 4227 1122 4284 si
1135 4226 1228 4284 omo
1289 4233 1455 4291 timemini

121 4308 305 4381 Pamphilum
319 4308 522 4381 Lilybetanum
532 4324 555 4378 p
569 4305 688 4362 memini
705 4309 885 4379 pamphilum
899 4309 1053 4368 iibitanum
1067 4306 1127 4363 ΒΟ
1143 4323 1188 4363 me
1202 4305 1361 4378 lybitnnnm
1376 4329 1455 4383 paxn-

121 4390 233 4462 pbiinrn
253 4389 293 4446 Μ
312 4390 432 4450 memini
454 4408 501 4448 me
523 4388 703 4463 pamphilum
726 4390 909 4463 bibytsninm
934 4407 964 4452 rr
994 4391 1051 4448 Cic.
1070 4391 1102 4445 in
1128 4387 1204 4444 Verr.
1228 4393 1281 4446 oct.
1299 4407 1350 4448 sec.
1371 4393 1458 4452 IIII

122 4478 171 4540 14,
194 4479 233 4530 32
310 4479 344 4529 18
367 4472 514 4546 respondi]
540 4471 596 4528 Cic.
618 4472 652 4527 ire
683 4470 758 4528 Verr.
783 4480 836 4532 oct.
859 4489 910 4530 aec.
935 4473 1022 4530 IIII
1045 4472 1170 4538 66,1s7
1285 4472 1403 4530 metello
1426 4481 1456 4534 et

122 4553 220 4626 debui,
238 4555 287 4613 esd
304 4555 401 4612 &biis
413 4571 438 4612 c.
454 4559 485 4612 et
502 4553 587 4611 debui
608 4552 632 4609 0
693 4553 778 4628 iilud]
798 4555 878 4612 alind
894 4558 932 4613 Μ
995 4560 1030 4612 to
1050 4567 1118 4622 ergo
1132 4565 1202 4606 corr.
1218 4565 1271 4621 ego
1288 4551 1322 4609 0:
1344 4555 1453 4618 Terent.

122 4639 213 4696 Andr.
228 4638 313 4706 11⁵,
326 4641 364 4694 17
437 4634 608 4692 timemini
629 4634 728 4692 MBO
745 4653 802 4707 qna
816 4639 934 4695 memini
952 4655 968 4695 e
1039 4639 1074 4692 2³
1094 4628 1250 4704 cantando]
1272 4631 1350 4707 Vcrp.
1365 4639 1454 4700 bucol.

122 4724 148 4786 9,
171 4724 211 4776 62
304 4725 340 4776 tt
363 4716 440 4774 idem
463 4747 497 4760 -
522 4733 601 4774 senas
624 4731 676 4774 om.
702 4714 727 4772 O
820 4718 938 4776 memini
961 4735 1007 4775 me
1031 4727 1170 4774 autunum
1194 4711 1244 4768 M:
1278 4713 1357 4789 Vero.
1381 4725 1452 4782 Acer.

128 4797 194 4856 VII
210 4805 271 4858 205
336 4797 431 4873 mnes]
450 4796 574 4856 seniores
592 4797 621 4852 B
684 4797 725 4871 et]
746 4799 825 4856 exG
885 4801 1036 4872 praeterea
1054 4797 1084 4854 in
1102 4793 1173 4852 locis
1194 4793 1233 4849 M
1296 4802 1330 4856 ab
1345 4804 1451 4878 neque]

122 4896 184 4940 nro
204 4881 230 4939 0
