3610 5482
541 445 550 466 ι
598 353 648 412 ou
669 352 973 440 onnrrocnunrrrn,
1181 387 1186 395 -
1401 353 1446 422 59

106 469 132 507 r».
147 459 207 500 rasa
222 457 248 498 n.

106 543 162 606 cul
187 542 282 606 dubio
306 542 381 606 baec
405 542 516 626 syllaba
540 543 628 626 longa
652 553 747 628 esset,
774 544 918 625 quoniam
941 559 1105 622 numquam
1134 543 1210 606 duae
1236 541 1354 607 vocales
1378 561 1447 606 con·

107 653 257 734 veniunt,
285 654 345 714 nisi
369 660 403 715 ιιι
426 651 546 734 longam
569 643 712 736 syllabam
740 653 858 715 iaciant.
905 649 985 715 unde
1009 658 1041 712 et
1062 651 1095 712 iu
1119 668 1197 731 equo
1221 670 1239 710 v
1262 669 1317 731 pro
1341 669 1448 714 conso·
1526 636 1531 644 ’

107 767 205 821 naute
234 761 333 839 posita
361 761 432 844 erit;
466 769 496 822 et
524 759 649 822 auribus
682 759 804 841 quidem
841 757 1010 821 sulliciebat
1038 767 1072 820 ιιι
1098 776 1198 839 equus
1225 775 1280 839 per
1309 775 1403 820 unum
1431 775 1448 817 r

108 867 315 952 scriberetur,
337 871 415 932 ratio
441 877 540 931 tamen
564 868 624 931 duo
645 869 745 949 exigit.
788 883 856 930 nam
881 885 951 931 cum
974 869 1014 930 sit
1036 867 1184 948 genetivo.
1200 867 1272 928 casti
1296 866 1376 946 equi,
1399 863 1448 926 da·

78 977 175 1038 stira
200 994 295 1060 equo,
325 986 414 1058 atque
439 977 601 1038 norissima
624 973 734 1038 vocalis
758 975 968 1038 declinationis
997 973 1198 1037 differentiam
1224 973 1313 1036 iaciat
1336 971 1448 1036 rrullum

109 1085 314 1146 mutationem
337 1081 557 1165 recipientibus
581 1082 826 1166 consonantibus,
850 1083 1059 1145 necessarium
1082 1090 1129 1143 est
1152 1091 1186 1144 ut
1206 1098 1302 1162 eqttns
1326 1098 1448 1162 quoquo

109 1189 227 1253 salrnn
250 1189 359 1254 babeat
383 1198 600 1253 consonantem
624 1209 700 1272 quae
724 1199 772 1252 est
795 1191 827 1252 iu
851 1200 929 1270 eqrro
955 1197 985 1250 et
1003 1195 1107 1270 postea
1132 1187 1211 1251 allud
1233 1207 1251 1249 r
1273 1185 1391 1270 habeat,
1414 1193 1449 1250 ιιι

109 1297 275 1378 adsumpta
293 1300 303 1360 i
322 1298 411 1361 iaciat
430 1299 648 1362 nominativum
666 1297 822 1380 pluralem.
861 1295 1126 1360 animadvertimus
1146 1302 1245 1358 tamen
1268 1293 1447 1376 quibusdam

109 1405 253 1487 partibus
276 1409 423 1468 orationis
447 1425 464 1466 ι
487 1405 619 1469 litteram
644 1407 750 1468 vitiose
773 1385 933 1486 insertam,
949 1385 997 1466 ἰιι
1020 1405 1051 1466 iu
1075 1423 1112 1484 eo
1136 1402 1216 1486 quod
1241 1412 1288 1464 est
1315 1419 1448 1484 urguere

69 1523 143 1576 roei
167 1533 318 1592 ungam.
366 1515 467 1595 itaque
497 1515 584 1576 testis
607 1515 638 1574 in
668 1521 797 1592 utroque
823 1509 985 1595 Vergilius,
1013 1515 1065 1592 qul
1093 1513 1134 1573 ait
1163 1506 1357 1593 ‘quibusve
1385 1529 1444 1574 ur·

111 1630 256 1703 geratur
277 1616 423 1704 poeuls'
447 1623 513 1684 siue
533 1640 560 1704 r,
583 1622 656 1682 item
986 1622 990 1630 '

280 1748 419 1811 ungere
442 1729 515 1792 tela
538 1747 644 1791 mauu
669 1727 883 1810 laurumque
907 1746 1048 1791 armare
1073 1746 1221 1791 veneno.

111 1855 183 1899 nam
208 1855 270 1918 quo
301 1840 401 1900 miuus
430 1856 532 1918 unguo
561 1836 669 1899 debeat
692 1837 752 1900 dici
781 1846 905 1918 apparet
929 1856 974 1900 ar-
989 1856 1040 1919 eo,
1069 1837 1150 1919 quod
1179 1835 1295 1900 nullum
1323 1835 1451 1900 uerbum

112 1957 160 2009 est
189 1964 227 2008 ro
257 1949 450 2010 terminatum
479 1949 542 2008 sire
572 1949 701 2008 iunctim
729 1950 793 2008 sive
821 1943 919 2022 solute
948 1956 983 2008 nt
1010 1964 1071 2008 nou
1100 1943 1226 2008 eandem
1250 1964 1267 2005 r
1291 1954 1392 2008 seruet
1419 1947 1451 2006 iu

71 2078 97 2118 rs
113 2056 291 2136 praeterito,
313 2064 348 2118 ut
371 2053 457 2117 rolro
480 2053 571 2137 rolri,
591 2071 665 2116 eruo
691 2056 766 2116 erui.
804 2062 834 2115 at
857 2056 1035 2134 ungounri
1060 2053 1140 2134 lacit,
1163 2071 1224 2134 qno
1249 2051 1337 2116 modo
1356 2053 1448 2134 pingo

113 2163 213 2244 pinxi,
244 2163 324 2244 tingo
351 2163 432 2226 tinxi.
480 2170 512 2225 et
535 2170 634 2225 minen
663 2161 839 2224 innomine
868 2161 949 2242 quod
977 2161 1048 2224 binc
1077 2161 1201 2241 tingitur
1229 2161 1273 2223 sic
1301 2162 1450 2222 insertum

114 2288 226 2332 rursus
249 2289 269 2333 u
294 2244 481 2354 agnoscitur,
504 2279 539 2334 ut
562 2269 649 2332 crelli
673 2287 734 2330 nou
757 2269 867 2350 possit,
890 2275 924 2328 ut
947 2267 1026 2350 apud
1056 2267 1186 2346 eundem
1210 2246 1375 2349 Vergilium
1399 2262 1452 2330 'et

114 2379 266 2460 pinguis
286 2381 448 2460 unguine
468 2372 598 2460 ceras’;
623 2385 654 2439 et
673 2380 705 2440 in
725 2373 945 2438 consuetudine
965 2384 1130 2457 usurpatur·
1149 2384 1346 2457 unguentum.
1371 2374 1450 2439 idem

116 2485 229 2549 accidit
252 2493 284 2548 et
306 2488 338 2548 ln
362 2485 473 2570 hircis,
500 2505 577 2568 qrros
602 2485 718 2565 antiqui
741 2482 867 2566 hirquos
891 2482 1039 2546 dicebant
1086 2503 1155 2546 nam
1179 2486 1315 2566 quamvis
1340 2502 1395 2546 nos
1419 2485 1450 2546 in

209 2648 302 2706 conec
322 2649 473 2708 Pandunt
520 2650 586 2706 tiu
606 2665 698 2720 aequo
717 2665 736 2704 ιι
755 2665 807 2719 pro
827 2647 994 2704 consonanti
1084 2647 1232 2722 idativo]
1252 2647 1316 2704 dem
1337 2647 1447 2705 Gcorr.

113 2782 251 2840 datiroc
324 2791 434 2855 usquo
450 2736 526 2856 ¹iique
544 2783 699 2841 nouissimo
715 2781 752 2838 0:
772 2785 804 2839 at
821 2797 992 2854 rapnsmc
1064 2781 1227 2840 differentia
1300 2782 1448 2856 ipoatea]
1492 2792 1495 2799 ·

113 2918 208 2990 primo
274 2917 496 2993 8quibuadam]
516 2919 620 2990 quibus
684 2918 799 2990 iquod
818 2920 861 2974 est
879 2875 997 2990 {gnere
1015 2917 1114 2990 itaqua
1135 2918 1168 2975 Gr
1187 2937 1208 2975 u
1225 2932 1395 2990 &opertam

326 3011 343 3040 n
400 3013 404 3022 .

115 3059 150 3108 1⁰
170 3051 311 3123 quibuaue
328 3055 483 3124 arguentur
502 3053 536 3111 0:
555 3071 575 3108 ιι
592 3069 763 3124 superma
841 3059 874 3108 13
899 3069 965 3109 nam
986 3053 1142 3111 comminus
1160 3068 1257 3126 unguo
1339 3051 1451 3108 nullum

113 3135 236 3192 uerbum
260 3151 297 3190 uo
322 3132 507 3190 terminatum
532 3133 593 3190 eiua
616 3133 742 3191 solutum
765 3149 821 3189 nou
844 3134 965 3190 eandem
988 3153 1007 3190 ιι
1031 3151 1145 3190 seruam
1166 3134 1199 3190 iu
1222 3133 1377 3207 praeteribo

117 3225 150 3273 ιιι
170 3221 203 3272 at
221 3215 311 3288 ungo]
330 3217 360 3270 at
378 3231 454 3285 ungo
511 3221 544 3271 17
563 3233 658 3272 rursus
671 3215 719 3272 nal
733 3213 881 3294 moritur
937 3221 970 3270 18
990 3219 1020 3272 et
1035 3215 1239 3273 consuetudine
1296 3221 1328 3271 ιθ
1348 3229 1449 3284 quarn·

115 3351 160 3407 uie
178 3367 232 3406 nor
250 3307 314 3406 ciii>
332 3348 450 3420 birquos
469 3349 568 3406 littera
587 3369 658 3410 nont
672 3353 770 3424 priato
789 3369 876 3408 ariano
894 3367 1029 3422 ιιιριιιοι.
1049 3365 1105 3406 nuo

208 3497 331 3564 batque
349 3491 504 3550 nouissimo
523 3495 632 3552 vocabu
650 3495 849 3553 declinationis
868 3493 1028 3550 differentia
1050 3494 1139 3552 iaciat
1162 3494 1191 3549 R
1283 3501 1299 3550 ἰ
1327 3508 1401 3564 quaa
1419 3492 1449 3548 in

114 3593 208 3646 aequo
224 3578 253 3631 et
266 3573 360 3646 primo
373 3573 447 3631 illud
460 3594 480 3631 ιι
493 3577 599 3635 habeat
611 3576 641 3634 R
717 3582 736 3632 8
754 3575 1006 3634 animadvertimus
1021 3606 1054 3616 -
1066 3582 1099 3633 18
1119 3577 1297 3648 unguentum
1306 3593 1337 3646 p.
1354 3579 1400 3642 67,
1410 3581 1446 3632 15

115 3657 294 3727 Papirianae
312 3657 390 3726 opud
410 3655 618 3716 Comiodorium
632 3677 663 3730 p.
678 3663 758 3716 2295
831 3656 1003 3727 quibusdam
1021 3656 1163 3730 partibus]
1183 3675 1202 3712 ι
1221 3655 1320 3713 littera
1339 3656 1369 3713 in
1388 3656 1449 3726 qui·

116 3738 237 3793 busdam
256 3735 386 3808 partibus
405 3735 542 3794 cationis
562 3736 664 3794 vitiosa
682 3735 816 3793 ineantur
838 3735 1016 3807 Papirianae
1107 3743 1123 3792 ιι
1147 3741 1181 3793 ut
1202 3737 1233 3792 iu
1252 3753 1286 3793 eo
1304 3738 1380 3809 quod
1407 3741 1451 3795 eat

116 3834 254 3890 urguere:
273 3817 370 3888 itaque
390 3815 471 3873 testis
490 3817 520 3873 iu
535 3821 655 3890 utroque
670 3815 822 3890 Virgilius,
841 3817 892 3886 qui
909 3816 951 3873 ait
971 3817 1109 3888 quibusve
1124 3820 1280 3889 urguentur
1299 3817 1398 3889 poeuis
1412 3817 1447 3874 R.

115 3915 244 3970 unguere
263 3897 421 3954 uidendum
439 3913 494 3953 aare
509 3905 572 3970 poat
591 3916 710 3970 urguere
730 3901 859 3954 videant
874 3900 980 3954 Iunius
999 3905 1024 3955 et
1038 3899 1244 3956 Brumbucltinu
1262 3901 1381 3972 ortlmgr.
1398 3902 1448 3956 lat.

113 3984 223 4050 1112&
306 3985 341 4034 ιιι
360 3978 513 4053 quibusve]
539 3979 617 4052 Verp.
636 3982 706 4036 Aac.
734 3979 780 4034 VI
798 3986 854 4036 560
947 3980 1118 4052 inungere]
1145 3979 1223 4051 Verg.
1244 3983 1314 4038 Aeo.
1341 3981 1451 4036 VIIII

116 4065 173 4116 770
249 4065 283 4115 1³
302 4076 368 4114 uem
388 4076 438 4114 cur
456 4061 550 4118 miuus
569 4077 664 4133 unguo
684 4059 789 4116 debeat
807 4059 878 4130 dici,
904 4063 1025 4133 apparet
1043 4077 1077 4117 ex
1096 4077 1144 4131 eo,
1163 4060 1240 4133 quod
1259 4060 1368 4116 nullum
1387 4077 1449 4117 rar·

115 4140 185 4196 burn
205 4156 242 4194 ,ιι
261 4155 287 4196 ο.
306 4140 504 4212 terminatum,
527 4141 587 4198 siue
611 4142 750 4211 solutum,
774 4158 831 4197 nou
855 4141 974 4198 eandem
999 4159 1017 4196 u
1036 4157 1150 4198 seruare
1176 4141 1206 4197 in
1228 4141 1397 4212 praeterito,
1416 4145 1450 4198 ut

114 4219 184 4278 uolo
203 4219 296 4290 uolui,
315 4237 383 4278 aruo
402 4222 477 4294 arui,
496 4224 526 4280 et
543 4240 621 4295 ungo
639 4221 707 4278 unxi
726 4221 797 4279 lacit
814 4222 856 4292 R,
880 4239 947 4278 nam
971 4219 1121 4292 quominus
1144 4237 1240 4292 unguo
1264 4220 1369 4276 debeat
1391 4221 1448 4278 diui

116 4301 266 4359 evidenter
278 4307 399 4373 apparet
417 4303 485 4376 quia
498 4302 610 4360 nullum
623 4302 741 4359 verbum
756 4307 801 4360 est
814 4321 850 4360 vo
864 4305 1049 4361 terminatum
1064 4301 1123 4358 sire
1137 4301 1256 4358 iunctim
1270 4300 1330 4357 aire
1346 4301 1448 4373 solute,

117 4388 149 4440 ut
167 4402 224 4442 non
245 4385 364 4442 eandem
384 4404 402 4443 r
422 4385 515 4442 servet
535 4386 565 4441 iu
583 4383 754 4455 praeterito,
772 4387 804 4440 ut
823 4385 907 4442 volro
927 4385 1019 4456 volvi,
1038 4398 1107 4439 aruo
1121 4381 1189 4438 erui.
1218 4398 1294 4453 ungo
1308 4399 1376 4439 raro
1390 4400 1449 4439 uon

29 4471 33 4480 '
116 4465 219 4538 ungui,
239 4465 290 4522 sad
308 4467 377 4524 unxi
395 4465 467 4524 lacit
484 4465 661 4538 Papinianus
683 4483 688 4490 ·
752 4463 862 4521 nullum
880 4465 999 4522 verbum
1017 4481 1053 4520 ro
1072 4463 1255 4520 terminatum
1274 4463 1313 4518 sit
1331 4463 1449 4522 solitum

117 4565 174 4604 nou
192 4546 314 4604 eandam
332 4567 352 4604 u
369 4564 482 4606 seruare
501 4547 531 4604 iu
549 4544 706 4619 praeteribo
727 4545 878 4602 Potentius
971 4554 1003 4603 ιι
1027 4549 1059 4602 at
1080 4561 1157 4616 ungo
1177 4543 1374 4613 ommatium,
1398 4547 1448 4603 sed

116 4644 195 4698 ungo
211 4627 419 4685 Brambocltius
500 4632 541 4684 ιι
566 4643 662 4682 rursus
687 4625 734 4682 uel
757 4627 923 4698 agnoscitur
941 4627 982 4695 R,
1010 4642 1105 4682 rursus
1125 4643 1143 4680 ιι
1163 4625 1328 4697 agnoscitur
1344 4628 1448 4685 Bram-

117 4706 233 4762 baclriaa
319 4710 349 4764 et
366 4707 493 4783 pinguis]
519 4707 599 4780 Verg.
617 4723 707 4778 georg.
728 4707 792 4762 ΙΙΙ
809 4713 865 4765 450
958 4715 991 4764 18
1011 4706 1067 4764 Sed
1086 4705 1291 4764 consuetudine
1310 4707 1351 4779 R,
1371 4712 1401 4766 et
1418 4711 1449 4766 in

119 4789 322 4846 cousuetudine
343 4789 522 4860 Papinianus
602 4795 634 4844 19
653 4803 719 4844 nam
739 4787 870 4858 quamuis
887 4805 939 4844 uos
958 4787 987 4843 iu
1006 4803 1062 4843 uno
1081 4785 1199 4857 hirquos
1218 4787 1345 4844 litteram
1363 4789 1374 4844 i
1392 4805 1448 4846 nou

119 4869 334 4940 interponamus
354 4870 391 4940 R,
410 4872 461 4928 nbi
478 4889 530 4928 uos
548 4873 641 4929 maisit
661 4870 853 4939 commaticis,
871 4869 901 4926 iu
915 4887 972 4927 uuo
991 4868 1085 4925 birros
1104 4867 1232 4925 litterum
1250 4887 1269 4923 ιι
1288 4885 1344 4926 uon
1363 4869 1448 4925 iuter·
