3602 5482
345 341 413 410 356
739 337 747 351 ⁸
894 339 1055 400 uiuacis

326 447 500 510 mmmm

788 561 849 632 Du
882 559 1233 632 monumentorum

437 714 517 788 Quid
550 721 597 778 est
629 709 823 777 interiectio?
869 712 943 776 Pars
976 713 1121 776 orationis
1154 713 1319 778 ostendeus
1348 716 1441 778 animi
1474 723 1590 778 motum
1623 732 1681 796 per

346 825 582 906 suspirationem
606 871 613 886 .
637 823 719 886 vario
743 830 845 886 autem
867 831 953 886 motu
980 821 1132 886 adlectum
1160 825 1251 886 animi
1280 825 1378 886 nostri
1405 826 1612 906 expromimus
1642 841 1679 886 ex

345 933 555 996 interiectione
580 980 587 996 .
612 940 665 995 ant
689 933 769 994 onim
793 929 944 1016 dolemus,
967 939 1003 994 ut
1025 938 1097 1014 puta
1121 929 1182 994 beu
1205 929 1260 994 bae
1280 952 1298 991 s
1318 933 1361 995 sic
1380 941 1412 995 et
1430 931 1487 995 alia
1506 950 1583 1014 quae
1608 951 1680 995 cum

345 1042 548 1106 commotione
567 1042 658 1104 animi
683 1041 873 1122 suspirantes
895 1047 1080 1123 promuntur
1103 1038 1139 1104 ad
1162 1043 1408 1106 interiectionem
1430 1043 1585 1124 pertinere
1609 1059 1679 1124 pro·
1707 1054 1720 1094 ⁵

345 1151 525 1216 nuntiantur
549 1198 556 1212 .
580 1168 653 1213 sane
683 1156 755 1212 suut
783 1151 1012 1213 interiectiones
1042 1167 1118 1232 quae
1152 1159 1182 1214 et
1214 1150 1340 1213 aliarum
1372 1151 1504 1232 partium
1532 1153 1680 1213 orationis

345 1257 476 1322 babeant
499 1258 740 1342 similitudinem,
764 1266 894 1341 utputa
918 1258 993 1342 beu,
1017 1261 1042 1323 si
1062 1277 1131 1322 oum
1151 1261 1242 1324 animi
1262 1257 1382 1322 adiectu
1407 1259 1596 1342 proteratur,
1620 1259 1679 1342 boc

345 1377 392 1430 est
421 1385 476 1450 per
500 1370 749 1452 suspirationem,
778 1370 837 1431 erit
864 1370 1076 1432 interiectio*
1101 1417 1107 1432 .
1133 1371 1159 1432 si
1188 1385 1259 1430 vero
1291 1367 1467 1451 stupliciter
1495 1369 1680 1450 proteratur,

345 1479 405 1541 erit
423 1475 598 1540 adverbium
619 1470 625 1562 l
645 1474 873 1560 respondentis,
896 1486 931 1541 ut
948 1476 1026 1560 beu,
1047 1476 1094 1540 vel
1113 1476 1277 1562 laudantis,
1301 1485 1336 1540 ut
1355 1472 1426 1540 ‘bau
1446 1475 1523 1540 bene
1544 1472 1679 1540 iecisti'.

345 1587 383 1668 ei,
407 1589 522 1649 sicum
543 1587 635 1648 animi
658 1584 778 1649 adiectu
802 1586 989 1670 proteratur,
1013 1584 1070 1648 boc
1090 1595 1138 1648 est
1160 1604 1216 1669 per
1235 1587 1483 1670 suspirationem,
1507 1589 1566 1650 erit
1585 1589 1720 1650 inter-1⁰

345 1696 450 1777 lectio,
479 1703 513 1758 ut
541 1702 613 1776 puta
643 1689 695 1757 ‘ai
727 1694 815 1759 mibi
848 1704 1026 1777 quantum
1060 1704 1220 1759 mutatus
1253 1694 1294 1759 ab
1324 1694 1390 1758 illo
1419 1691 1597 1760 flectore'
1620 1745 1629 1759 .
1653 1698 1680 1759 si

347 1822 420 1867 varo
439 1805 469 1866 ei
487 1821 544 1886 pro
564 1806 720 1868 vocatione
739 1802 838 1886 sllqua
858 1805 1045 1888 proteratur,
1068 1806 1126 1868 erit
1141 1803 1317 1868 adverbium
1331 1803 1534 1888 exclamantis,
1558 1813 1680 1889 utputa

1247 1916 1279 1977 ei
1304 1912 1407 1996 mibi,

571 2030 676 2105 pater
699 2040 780 2086 esse
803 2021 906 2084 disce
931 2022 972 2085 ab
996 2021 1074 2086 illis
1098 2025 1161 2104 qui
1186 2041 1269 2086 vere
1294 2025 1449 2086 sciunt.

345 2149 413 2214 vae,
440 2132 467 2194 si
495 2149 565 2194 oum
595 2133 687 2195 animi
717 2129 837 2194 adiectu
866 2130 1052 2214 proteratur,
1084 2130 1142 2194 boo
1171 2139 1219 2194 est
1249 2149 1306 2215 per
1338 2133 1587 2215 suspirationem,
1620 2134 1680 2194 orit
1695 2144 1719 2185 ¹³

345 2241 533 2322 interiectio,
561 2248 595 2303 ut
623 2235 688 2304 ‘vae
717 2241 828 2304 misero
857 2233 943 2302 mihi'
968 2288 975 2303 .
999 2242 1025 2302 si
1053 2257 1125 2302 vero
1154 2258 1207 2302 vao
1230 2257 1286 2322 pro
1310 2241 1466 2303 vocatione
1486 2238 1584 2321 aliqua
1609 2259 1678 2323 pro·

346 2351 474 2433 teratur,
499 2351 558 2413 erit
582 2348 757 2414 adverbium
781 2347 990 2425 exclamantis,
1014 2357 1049 2412 ut
1072 2344 1136 2412 ‘vae
1161 2344 1257 2412 vobts’
1277 2397 1285 2412 .
1305 2351 1351 2413 sin
1375 2357 1478 2413 autem
1501 2348 1680 2431 simmiciter

348 2476 382 2520 ve
403 2457 565 2522 subiuncta
582 2459 770 2541 proseratur,
794 2459 853 2522 erit
876 2459 1065 2541 coniunctio,
1088 2467 1123 2522 ut
1142 2453 1333 2522 ‘Pariusve
1359 2454 1468 2541 lapis'
1489 2507 1496 2520 .
1516 2478 1543 2544 o,
1563 2461 1590 2521 si
1608 2477 1678 2521 cum

345 2569 437 2630 animi
455 2567 575 2631 adiectu
594 2569 784 2652 proteratur,
803 2567 860 2630 boc
876 2576 923 2629 est
936 2585 992 2650 per
1007 2569 1256 2651 suspirationem,
1275 2570 1334 2632 erit
1351 2569 1533 2651 interiectio,
1553 2575 1587 2629 ut
1605 2577 1678 2650 puta

563 2695 581 2739 o
605 2677 693 2739 mibi
716 2674 792 2738 sola
816 2677 886 2738 mei
910 2693 1021 2757 super
1044 2678 1281 2758 Astyanactis
1305 2677 1422 2758 imago
1447 2725 1453 2738 .
1692 2689 1719 2729 2⁰

346 2788 467 2850 sivero
491 2805 509 2848 o
533 2787 570 2850 ad
594 2787 799 2849 accusativum
828 2803 929 2848 casum
959 2784 1145 2868 proteratur,
1178 2787 1236 2847 erit
1268 2784 1444 2847 adverbium
1474 2783 1679 2867 exclamantis,

347 2904 380 2958 ιιι
404 2889 433 2956 ‘o
458 2894 669 2958 condicionem
698 2889 851 2986 miseram'
885 2903 916 2957 et
949 2889 978 2956 ‘o
1006 2893 1119 2957 bellum
1147 2912 1329 2976 magnopore
1356 2889 1679 2976 pertimescendum'.

346 3022 414 3066 nam
448 3006 474 3066 si
508 3022 525 3066 o
559 3003 736 3087 simpliciter
768 3004 955 3086 proteratur,
993 3005 1052 3066 erit
1084 3021 1251 3086 pronomen
1293 3003 1339 3065 vel
1371 3003 1518 3066 articulus
1552 3004 1678 3065 vocativi

346 3130 449 3197 casus,
473 3121 543 3175 uto
565 3115 639 3197 iste,
662 3132 680 3174 o
699 3111 748 3176 ille
769 3161 776 3176 .
796 3112 850 3176 sed
870 3112 943 3195 quid
962 3114 1083 3176 intersit
1101 3115 1182 3176 inter
1201 3130 1368 3194 pronomen
1394 3120 1424 3175 ot
1448 3112 1624 3197 articulum,
1647 3113 1678 3173 in

438 3367 453 3417 1
472 3359 522 3417 DE
541 3359 834 3419 munusculorum
853 3359 936 3417 Prob.
955 3364 1036 3430 Idda

349 3511 566 3521 ——

441 3597 525 3654 1·DE
545 3595 840 3655 INTEEIEGTIONE
859 3611 910 3652 om.
926 3595 964 3664 Β,
982 3595 1048 3653 cdd.
1065 3597 1102 3651 M
1175 3594 1372 3653 ttlntsrieotio
1392 3597 1521 3667 estpars
1540 3595 1680 3653 orationis

350 3681 387 3734 M
457 3684 473 3735 s
494 3695 528 3735 ex
546 3678 744 3736 interiectione
764 3681 861 3735 sutem
879 3680 1009 3738 dolemus
1032 3679 1066 3733 ut
1088 3679 1159 3749 puts
1181 3679 1237 3734 beu
1261 3679 1315 3734 hae
1336 3679 1374 3734 M
1392 3695 1427 3733 ex
1450 3677 1679 3734 interiectionem

347 3760 444 3816 numan
468 3759 598 3816 dolemus
616 3761 782 3830 utpotae.
802 3777 828 3814 u.
848 3760 903 3816 lusa
922 3761 965 3817 B:
978 3761 1123 3827 lacunam,
1147 3777 1203 3830 quo
1222 3761 1345 3816 aliorum
1368 3760 1592 3816 interiectionem
1616 3760 1680 3828 deti·

346 3841 480 3908 ositiones,
498 3857 569 3912 quoe
587 3846 654 3898 sunt
672 3843 750 3912 apud
771 3841 908 3910 Probum,
927 3842 1103 3909 excuderunt,
1133 3842 1258 3898 iudicant
1331 3843 1409 3900 tsio
1433 3843 1463 3900 et
1485 3843 1580 3898 cetera
1599 3840 1679 3909 talia,

348 3939 422 3995 quaa
446 3940 510 3979 cum
536 3923 663 3979 motione
691 3921 780 3978 animi
808 3922 983 3994 suspirantes
1010 3924 1191 3995 promuntur,
1221 3924 1258 3980 sd
1285 3924 1513 3982 interiectionem
1536 3923 1680 3993 pertinere

347 4003 503 4076 probantur
524 4003 635 4060 Probus
649 4022 680 4076 p.
699 4009 785 4073 14⁶,5
858 4020 923 4060 oum
941 4021 992 4062 om.
1009 4005 1054 4073 M,
1071 4005 1136 4061 odd.
1151 4004 1179 4060 Β
1252 4005 1379 4062 tunimo
1393 4005 1535 4078 suspirem
1548 4003 1577 4060 Β
1592 4003 1680 4060 animi

348 4085 538 4158 suspiratione
560 4087 597 4141 M
679 4093 694 4142 6
714 4084 856 4142 orodonas
880 4085 987 4142 babeat
1003 4085 1032 4140 Β
1114 4084 1283 4144 suffectum
1304 4088 1342 4142 M
1363 4086 1495 4144 effoetum
1513 4085 1543 4140 Β
1627 4086 1680 4142 boc

348 4169 393 4224 est
410 4166 467 4224 beu
486 4184 537 4239 psr
555 4166 774 4240 suspirationem
788 4166 883 4222 ΒΜ.
897 4167 1041 4236 luctuum,
1059 4185 1116 4240 pcto
1134 4169 1360 4240 exnuplum‘heu
1379 4167 1588 4234 immutante,
1607 4165 1680 4237 quod

347 4255 387 4306 est
405 4249 483 4321 opud
503 4247 641 4316 Probum,
660 4247 779 4314 aridii,
801 4247 928 4328 indicunt
1001 4253 1069 4306 sut
1091 4249 1187 4306 iecisti
1210 4251 1267 4306 lusu
1290 4249 1362 4306 bene
1381 4249 1409 4304 Β
1484 4253 1517 4303 10
1540 4247 1567 4303 ei
1588 4247 1628 4302 M
1644 4247 1681 4302 Et

348 4333 376 4388 Β
394 4331 443 4388 bei
456 4332 566 4388 Probus
576 4349 607 4403 p.
622 4335 722 4398 146ss
797 4329 885 4386 animi
899 4347 949 4386 ont.
963 4330 1007 4398 M,
1022 4332 1087 4387 cdd.
1102 4330 1131 4385 Β
1204 4326 1680 4400 suspirationemBsusccptionem

350 4413 388 4469 M
463 4418 496 4468 11
517 4413 564 4469 lusi
586 4412 658 4470 milui
676 4411 763 4468 BM:
788 4409 869 4482 Verp:
888 4413 958 4467 Aen.
978 4412 1097 4469 11274
1171 4417 1204 4466 tu
1224 4411 1334 4484 aliqua]
1358 4409 1476 4482 aliquod
1498 4408 1572 4464 ΒΜ
1648 4416 1678 4466 13

350 4493 377 4551 si
395 4493 479 4567 mibi]
502 4495 610 4552 Terent.
629 4495 751 4566 Adelpb.
769 4494 791 4549 I
808 4497 874 4562 2,ss
949 4500 984 4548 14
1002 4509 1064 4550 esse
1084 4511 1135 4551 orn.
1154 4493 1228 4549 ΒΜ
1302 4499 1335 4549 to
1354 4491 1420 4566 vse]
1439 4491 1496 4548 beu
1514 4491 1552 4560 B,
1570 4507 1623 4548 om.
1645 4492 1682 4548 M

386 4581 420 4632 16
439 4579 472 4632 ut
490 4577 560 4650 rue]
580 4579 636 4634 hou
654 4576 725 4632 ΒΜ
796 4576 821 4632 si
839 4591 907 4632 uero
926 4591 962 4631 ue
980 4577 1214 4646 prouocationem
1232 4576 1260 4632 Β
1279 4575 1341 4632 siuo
1360 4589 1396 4630 ue
1419 4572 1625 4645 prouocatione
1646 4574 1682 4630 M

387 4665 419 4715 17
440 4659 483 4714 sin
503 4662 600 4715 autem
623 4658 652 4713 Β
680 4658 814 4715 mentm
830 4657 869 4713 M
942 4655 1436 4732 tsPuriusve]Verp.Aen.1593
1509 4660 1544 4710 20
1564 4653 1678 4727 cmilri]

355 4739 436 4812 Varp.
456 4741 527 4797 Aaou
548 4739 611 4795 ΙΙΙ
630 4745 685 4797 489
760 4747 793 4795 st
815 4738 852 4795 sd
871 4755 922 4796 orn.
939 4739 984 4806 M,
1003 4739 1068 4796 odd.
1087 4740 1116 4795 Β
1188 4747 1223 4796 2³
1243 4755 1309 4796 num
1328 4738 1352 4795 si
1370 4755 1387 4794 o
1407 4735 1577 4809 simpliciter
1595 4753 1679 4808 prop·

349 4823 430 4878 terea
447 4821 479 4877 iu
497 4837 528 4877 rs
547 4821 602 4877 erit
619 4838 775 4893 pronomen
793 4819 867 4876 ΒΜ
888 4837 964 4876 nunc
982 4820 1007 4878 si
1026 4838 1043 4878 o
1063 4821 1232 4896 simpliciter
1254 4821 1426 4894 proferatur,
1451 4817 1507 4876 orit
1525 4833 1678 4891 pronomen

233 4927 236 4940 =
352 4901 464 4958 Probus
479 4918 510 4972 p.
530 4906 636 4969 14637
709 4907 745 4957 st
763 4899 807 4974 ut]
828 4900 986 4958 suutBM
1057 4904 1108 4960 ssd
1127 4903 1196 4976 quid
1215 4904 1253 4959 M
1268 4901 1306 4959 sit
1324 4900 1394 4974 quid
1411 4900 1440 4957 Β
