3564 5482
362 293 438 390 450·
864 292 1044 352 navatam
1062 293 1186 352 uusslt

361 409 384 449 p.
398 399 440 440 ate
453 397 480 440 1..

362 487 505 566 accingor
528 483 607 546 illam
632 500 711 567 rem,
732 479 737 564 Ι
758 483 837 547 idem
862 483 933 546 hen.
954 482 1008 546 llll
1029 483 1125 558 (493)
1149 485 1307 566 magicas
1331 485 1480 547 inritam
1506 486 1691 564 accingier

362 603 492 656 artes.
518 594 643 674 accingo
667 591 710 656 illi
734 591 814 656 illam
839 611 917 669 rem,
941 592 1022 656 idem
1041 595 1112 656 hen.
1134 591 1173 656 xl
1193 593 1289 669 ((89)
1313 593 1501 676 laterique
1526 595 1692 656 accinxe-

363 713 418 765 rat
441 719 563 764 ensem
584 750 590 766 .
610 703 752 784 accingor
775 701 824 766 illa
848 721 897 786 re,
919 700 1000 765 idem
1020 701 1093 766 heu.
1113 700 1164 765 Vll
1183 702 1285 778 (649)
1310 701 1459 785 lidoque
1483 704 1694 784 accingitur

321 865 323 871 .
363 829 449 874 61180
474 859 481 874 .

454 919 577 1002 ippum
600 919 671 983 huic
695 921 754 1004 rel,
778 919 864 1003 Verg.
890 924 960 984 Aera
988 919 1000 982 l
1024 920 1124 996 (377)

581 1030 679 1092 torte
704 1049 770 1092 sua
794 1027 943 1110 Libycis
968 1037 1169 1112 tempestas
1193 1029 1336 1112 appulit
1359 1031 1436 1092 uris
1460 1079 1467 1094 .

365 1137 481 1220 appulit
504 1137 540 1202 ad
564 1137 636 1218 hcc,
659 1138 728 1202 Ter.
752 1141 783 1201 in
808 1136 919 1202 Andria
943 1139 1034 1217 (prol.
1058 1139 1092 1214 1)

491 1254 598 1328 pocta
622 1249 881 1330 cumprimum
906 1249 1063 1309 animum
1087 1247 1129 1309 ad
1154 1246 1393 1311 scribendum
1417 1227 1569 1330 appulit.

455 1355 568 1419 baidus
582 1355 639 1418 boc
655 1356 764 1439 lacere,
780 1354 865 1436 Verg.
881 1357 953 1418 hen.
970 1354 1024 1418 xit
1039 1356 1137 1432 (299)
1152 1356 1281 1420 avidus
1296 1355 1527 1419 confundere
1543 1355 1693 1418 inedus.

365 1463 470 1527 avidus
493 1463 573 1528 illius
598 1467 656 1548 rei,
684 1463 764 1526 idem
788 1467 861 1527 hen.
885 1462 965 1526 Vllll
989 1463 1086 1540 (661)
1115 1483 1203 1547 crgo
1232 1464 1369 1528 avidum
1397 1482 1540 1547 pugnae
1571 1465 1728 1545 dictis,ro

368 1572 520 1637 Salustius
543 1571 613 1638 hist.
638 1572 691 1636 llll
717 1571 861 1636 avidior
884 1573 987 1636 medo
1011 1573 1234 1656 properandi
1259 1574 1388 1636 lactus.
1434 1571 1539 1638 aridus
1564 1573 1600 1637 ad
1622 1573 1694 1636 hanc

366 1701 446 1760 rem,
470 1681 539 1745 Ter.
563 1681 640 1746 Eun.
665 1682 808 1759 (1251)
832 1679 1059 1763 aliquantum
1083 1681 1123 1744 ad
1149 1701 1222 1746 rem
1246 1692 1302 1747 est
1325 1682 1475 1746 aridior.

457 1791 564 1855 abnuo
588 1792 655 1855 lieri
677 1790 750 1874 bec,
774 1789 860 1872 Verg.
884 1792 957 1854 den.
981 1790 1008 1853 X
1032 1791 1082 1867 (8)

558 1900 755 1964 abnuerem
779 1898 876 1963 bello
900 1898 1043 1964 ltaliam
1068 1918 1294 1964 concurrere
1319 1899 1474 1964 Teucris
1499 1949 1506 1964 .

367 2010 467 2074 abnuo
491 2011 528 2074 de
553 2009 602 2073 illa
625 2029 658 2072 re
689 2007 757 2092 tibi,
786 2006 895 2072 Salust.
919 2007 998 2071 bello
1022 2008 1084 2092 lug.
1109 2010 1213 2086 (843)
1243 2027 1361 2090 neque
1390 2009 1446 2072 illi
1475 2017 1627 2072 senatus
1655 2010 1692 2071 de
1707 2027 1726 2064 a

369 2117 442 2182 ulle
467 2121 616 2200 negotio
639 2117 821 2180 abnueret
839 2165 846 2180 .
866 2115 965 2180 abnue
986 2115 1041 2181 tibi
1064 2117 1135 2202 hoc,
1158 2117 1238 2181 idem
1258 2116 1325 2181 bist.
1345 2117 1358 2180 l
1378 2117 1470 2181 nibil
1494 2117 1538 2180 ob
1565 2129 1692 2181 tantam

370 2227 571 2291 mercedem
596 2224 667 2290 sibl
690 2225 911 2290 abnuiturns
936 2275 944 2289 .

460 2333 773 2419 annunciantem.
798 2339 871 2398 aen.
895 2333 976 2398 Vllll
1000 2336 1101 2410 (774)
1134 2344 1169 2398 et
1196 2337 1349 2398 amicum
1374 2335 1530 2398 Crethea
1555 2334 1691 2398 blusis.

369 2447 483 2508 anricus
508 2443 602 2528 illins,
625 2443 694 2508 Ter.
718 2444 800 2508 ndei.
824 2447 964 2518 (Phorm.
989 2445 1091 2522 ihi)
1637 2454 1645 2466 '

619 2555 757 2618 amicus
780 2557 1034 2637 summus-mei
1059 2563 1095 2616 et
1117 2552 1312 2636 popularis
1336 2553 1423 2616 Geta
1448 2601 1456 2615 .
1706 2571 1727 2609 n

460 2661 589 2726 ,adunet
604 2663 656 2746 illi,
670 2663 955 2746 taphnim)
969 2662 1144 2726 adhibete
1164 2671 1317 2746 penates
1336 2672 1372 2725 et
1391 2663 1533 2744 patrios
1553 2661 1693 2745 epulis.

371 2771 493 2835 adhibet
524 2774 556 2836 ln
589 2771 687 2855 illum,
720 2772 842 2836 Cicde
866 2772 955 2835 dome
979 2791 1034 2836 sua
1059 2772 1189 2848 (23,69)
1223 2771 1482 2834 crudelitatem
1516 2789 1694 2854 expromo,

371 2899 474 2963 quam
503 2882 538 2942 iu
567 2899 620 2943 me
648 2881 766 2961 ipsum
794 2899 834 2943 ac
864 2898 961 2943 meos
989 2879 1213 2942 adhibuistis
1238 2927 1245 2942 .
1269 2879 1392 2944 adhibet
1418 2882 1450 2943 in
1479 2878 1530 2942 illo
1555 2879 1695 2960 iaciendo,

372 2989 432 3051 Cic.
466 2987 615 3052 Siciliensi
648 2991 696 3062 (in
732 2989 818 3052 Verr.
848 2990 888 3052 ΙΙ
910 2988 1043 3066 77989)
1068 2987 1290 3052 adhibentur
1323 2991 1358 3052 in
1392 2986 1593 3052 scribendo
1628 2991 1694 3050 viri

373 3099 571 3178 primarii.
1157 3133 1161 3141 -
1534 3107 1539 3122 ·
1705 3113 1725 3153 a

463 3205 575 3270 adiuro
599 3205 671 3290 hnc,
695 3205 781 3288 Verg.
805 3210 877 3270 hen.
902 3205 956 3268 ΧΠ
980 3207 1074 3282 (ele)

626 3315 755 3378 acliuro
780 3315 899 3397 Stygii
922 3325 1032 3398 capnt
1056 3313 1288 3397 implacabile
1313 3315 1438 3377 lentis.

315 3446 320 3452 ·
373 3424 479 3526 adiuro
502 3443 557 3506 per
580 3424 638 3488 hoc
667 3423 735 3507 tibi,
768 3424 837 3488 Ter.
865 3423 977 3487 Andria
1010 3425 1076 3497 (IV
1097 3425 1181 3500 2,(1)
1215 3442 1280 3505 per
1313 3441 1437 3485 omnies
1471 3420 1539 3485 tihi
1572 3422 1694 3485 adiuro

373 3533 491 3597 deos.

465 3644 598 3705 aestimo
626 3642 684 3704 hbc
712 3643 762 3706 illa
790 3662 838 3726 re,
867 3643 927 3705 Cic.
957 3645 986 3705 in
1017 3641 1084 3705 Ver.
1111 3641 1149 3705 dc
1177 3642 1335 3725 suppliciis
1362 3646 1409 3716 (in
1446 3643 1531 3704 l'err.
1570 3643 1594 3702 V
1616 3642 1726 3718 9,23)u

375 3752 463 3814 baec
501 3769 602 3832 vero,
644 3770 735 3832 quac
774 3751 829 3813 rel
868 3754 940 3813 vita
978 3751 1108 3814 redimi
1151 3763 1252 3815 recte
1295 3763 1466 3834 possunt,
1508 3754 1694 3813 aestimare
1748 3799 1753 3812 .

375 3861 529 3942 pecunia
563 3877 632 3922 nun
667 3879 758 3941 queo
793 3909 799 3924 .
835 3863 960 3923 aestimo
994 3855 1054 3923 hoc
1088 3880 1124 3924 ex
1159 3859 1207 3924 illa
1240 3879 1288 3942 re,
1323 3860 1380 3923 Sal.
1410 3858 1466 3922 bel.
1490 3859 1575 3922 Catil.
1601 3859 1695 3934 (loa)

375 3969 558 4031 amicitias
582 3969 874 4051 inimicitiasque
900 3987 969 4032 non
993 3989 1034 4032 ex
1058 3989 1110 4052 re,
1134 3969 1196 4032 sed
1221 3989 1261 4032 ex
1287 3969 1475 4033 commodo
1499 3969 1696 4031 aestimare.

468 4179 560 4237 Codex
581 4179 733 4237 Parrhasii
778 4143 883 4236 dhan.
898 4197 948 4236 orn.
1024 4179 1173 4250 dbybicis
1247 4179 1350 4254 ehoe]
1369 4180 1407 4238 bc
1483 4185 1515 4236 12
1535 4195 1595 4236 rem
1612 4181 1697 4250 priora

377 4265 435 4320 loco
454 4280 505 4320 ern.
579 4269 613 4318 21
635 4263 704 4320 Aen.
725 4261 764 4335 V]
784 4265 855 4318 Aen.
875 4260 956 4317 VIIII

470 4452 503 4500 12
519 4443 728 4517 aliquantulum
747 4445 780 4500 Μ
848 4449 881 4499 16
896 4443 1045 4516 abnueret]
1061 4445 1200 4500 abnuerat
1209 4443 1275 4513 GP,
1289 4444 1413 4500 abnuere
1423 4441 1549 4498 audebat
1555 4441 1696 4497 Sallustius

415 4533 448 4582 ta
469 4525 541 4582 Adel
560 4544 616 4598 pro
634 4525 805 4583 Phormione
828 4528 963 4596 scriptum
985 4527 1075 4583 errori
1101 4527 1279 4598 prnmmctici
1305 4525 1417 4582 cedma·
1443 4523 1621 4580 inbuendum
1642 4537 1695 4588 ease,

378 4609 435 4663 eici
454 4608 557 4664 excidit
575 4625 670 4665 veraces
688 4610 805 4680 Adelph.
826 4609 848 4664 1
854 4608 880 4662 V
896 4613 961 4676 5‚17
979 4607 1027 4664 bic
1045 4625 1125 4666 mens
1144 4608 1252 4664 amicus
1273 4607 1317 4663 illi
1336 4623 1439 4680 genera
1458 4607 1502 4663 esi
1520 4603 1661 4676 proximus

379 4698 414 4748 20
442 4690 511 4763 mei]
540 4707 619 4746 mens
650 4690 796 4748 Tererdius
882 4696 917 4746 23
937 4689 967 4747 in
995 4691 1088 4763 ipsum
1111 4707 1157 4746 me
1182 4689 1277 4748 Cicero
1364 4693 1399 4742 24
1418 4687 1591 4743 adhibentur
1612 4685 1641 4741 in
1657 4701 1694 4740 ex·

379 4785 528 4846 scribendo
557 4788 592 4844 da
620 4784 761 4844 conventu
790 4777 844 4834 riri
876 4773 1004 4846 primarii
1038 4777 1133 4832 Cicero
1248 4768 1376 4846 primarii
1410 4767 1464 4823 riri
1498 4785 1532 4824 eac
1567 4767 1594 4824 G
1621 4767 1695 4824 edidit

380 4873 595 4929 Lindcanamcus
