3602 5482
867 1191 1133 1294 AVDAOIS

334 1377 397 1452 ΒΕ
446 1377 619 1454 SOAVRI
660 1377 724 1453 ET
768 1377 1004 1454 PALLADII
1041 1358 1209 1455 LIBRIS
1252 1379 1521 1456 EXOERPTA
1566 1379 1661 1455 PER

496 1498 975 1580 INTERROGATIONEM
1016 1505 1081 1582 ET
1127 1505 1503 1630 RESPONSIONEM

791 1663 852 1732 DE
876 1663 1052 1734 NOMINE
1077 1663 1209 1734 ARTIS

334 1791 356 1830 p.
375 1779 434 1821 lod.
449 1781 504 1822 Mol.

255 1883 314 1934 nne
377 1895 389 1916 κ
427 1871 483 1931 Ars
508 1867 580 1950 qnid
605 1865 674 1930 est?
712 1867 766 1932 Rei
791 1872 940 1950 cniusqne
965 1872 1090 1932 seientia
1114 1871 1150 1933 nd
1182 1868 1343 1932 utilitatem
1375 1868 1665 1951 delectationemque
1693 1886 1710 1924 ⁵

336 1975 489 2038 tendentis
513 1994 570 2039 nsn
594 1975 640 2038 rel
665 1979 781 2040 ratione
805 1977 1023 2060 comprehenso
1043 2025 1050 2040 .
1069 1985 1166 2040 ortem
1185 1985 1287 2040 nutem
1306 1977 1409 2041 dixere
1429 1985 1562 2054 veteres,
1587 1976 1665 2059 qnod

247 2068 250 2076 ¹
336 2094 401 2147 arte
434 2088 624 2168 strictimque
657 2088 755 2150 omnin
794 2089 838 2148 rei
876 2095 1052 2168 argumento
1091 2088 1244 2148 contineat
1278 2135 1284 2148 .
1318 2086 1394 2149 hanc
1428 2085 1549 2170 Graeci,
1587 2085 1667 2168 qnod

336 2193 503 2257 industriae
529 2197 640 2264 virtute
664 2193 741 2258 botta
765 2195 953 2278 possideret,
975 2204 1079 2259 areten
1103 2195 1255 2259 dixerunt.

255 2319 316 2372 reas
428 2304 546 2366 Artlnm
570 2321 681 2385 genera
705 2312 780 2384 qnot
799 2299 895 2366 snut?
919 2303 999 2367 Tria.
1038 2299 1143 2378 Onne?
1168 2303 1246 2367 Snnt
1265 2304 1412 2385 quaedam
1431 2305 1523 2366 animi
1543 2311 1669 2385 tantum,

337 2409 484 2491 qnondam
508 2413 658 2493 corporis,
682 2411 830 2492 quaedam
854 2412 946 2474 antimi
970 2422 1000 2474 et
1024 2414 1177 2494 corporis:
1205 2414 1297 2475 animi
1326 2421 1461 2494 tsntnm‚·
1485 2421 1519 2474 nt
1542 2412 1669 2493 poetica,
1684 2429 1708 2467 ro

338 2521 465 2603 rnnsics,
503 2519 678 2602 astrologia,
715 2521 927 2603 grammatica,
964 2519 1130 2603 rhetorice,
1173 2523 1248 2584 ioris
1286 2521 1427 2605 scientia,
1463 2518 1669 2602 philosophio3

337 2629 490 2710 corporis,
523 2625 677 2709 iaculatio,
708 2625 818 2710 saltus,
852 2627 1008 2711 velocitas,
1041 2630 1143 2691 oneris
1177 2637 1347 2713 gestamen3
1379 2630 1472 2692 animi
1505 2637 1606 2690 sutem
1639 2635 1670 2690 ct

338 2737 489 2820 corporis,
519 2738 600 2798 ruris
631 2734 745 2818 cultus,
775 2735 937 2817 palaestro,
968 2736 1129 2820 medIcina,
1161 2735 1349 2820 mechanica,
1380 2739 1529 2800 tectonica
1555 2783 1562 2798 .
1587 2735 1670 2810 Once

338 2855 409 2906 snnt
440 2863 476 2906 ex
509 2844 557 2907 his
565 2893 575 2928 ‚
608 2862 683 2926 qnos
716 2853 834 2906 veteres
868 2844 934 2907 aliis
963 2843 1136 2908 nominilnrs
1164 2841 1397 2908 dlscrcvernnt?
1448 2845 1671 2927 Κακοτεχνία,

339 2948 578 3036 ψευδοτεχνία,
607 2951 846 3036 ματαιοτεχνία
870 2999 877 3014 .
903 2951 1115 3035 Κακοτεχνία
1139 2957 1308 3031 putreant?
1356 2955 1505 3017 Oratoria
1534 3001 1541 3016 .
1571 2952 1711 3027 Odorem

338 3057 560 3143 inaccepta?
600 3059 755 3142 Siquidem
781 3061 928 3124 malitiosa
952 3079 1002 3122 ars
1026 3071 1073 3124 est
1097 3071 1127 3124 et
1146 3063 1177 3124 in
1197 3060 1228 3125 id
1247 3062 1328 3144 qnod
1347 3061 1532 3144 persuadere
1553 3065 1672 3144 quaerit

339 3171 453 3232 intento
478 3168 657 3251 plerumque
682 3169 718 3230 nd
742 3167 973 3250 pervertendam
998 3171 1106 3232 nititur·
1125 3171 1313 3233 veritatem.
1343 3167 1574 3252 Ψευδοτεχνία
1599 3173 1670 3234 item

411 3381 440 3437 B
458 3383 543 3437 codex
561 3381 713 3438 Berneneie
732 3385 788 3437 336

413 3461 452 3516 M
469 3463 553 3518 codex
574 3462 755 3518 Monacetnt'e
774 3466 861 3529 6434,
880 3460 946 3517 olim
966 3459 1160 3532 Frisinpensit
1178 3467 1236 3518 234

419 3541 445 3597 V
467 3542 606 3599 Victorini
624 3543 692 3599 tion
710 3543 743 3599 de
762 3549 823 3598 arte
839 3544 1025 3613 pramnatica
1043 3547 1068 3598 et
1087 3543 1120 3597 de
1138 3544 1232 3598 metris
1250 3547 1276 3598 et
1293 3543 1451 3599 hanneton
1470 3545 1538 3600 editi
1555 3561 1670 3617 praten.

340 3625 388 3680 lat.
408 3641 434 3680 o.
459 3623 506 3678 VI
518 3641 549 3695 p.
570 3630 626 3680 187
651 3641 722 3696 sqq„
746 3640 760 3679 e
782 3624 884 3694 quidus
901 3625 933 3678 in
953 3624 1050 3692 priore
1069 3629 1153 3694 parto
1175 3623 1243 3680 libri
1265 3640 1299 3680 ea
1320 3639 1392 3695 qnae
1414 3624 1453 3680 od
1471 3627 1671 3682 enmdandam

340 3706 509 3775 scripturam
528 3706 651 3761 codicum
670 3704 739 3761 ΒΜ
751 3708 896 3777 pertinent
914 3705 1050 3760 adnotata
1067 3709 1141 3760 sant.
1179 3706 1290 3762 nnmen'
1307 3705 1483 3777 popinam
1501 3711 1527 3762 et
1544 3723 1671 3764 emnem

341 3789 373 3842 in
390 3786 567 3857 marpinidue
585 3787 724 3856 adscripti
742 3793 815 3843 enni.
1475 3837 1478 3842 .

415 3875 428 3924 t
442 3866 582 3924 INCIPIT
597 3866 756 3925 AUDACIS
775 3866 824 3923 DE
845 3865 979 3924 SCAURI
994 3865 1042 3923 ET
1056 3865 1232 3923 PALLADII
1246 3866 1366 3923 LIBRlS
1381 3863 1580 3924 EXOERPTA
1600 3869 1671 3926 PER

341 3946 706 4008 INTERROGATIONEM
735 3949 782 4005 ET
810 3946 1101 4006 RESPONSIONEM
1135 3942 1266 4005 SCRIPT
1298 3947 1347 4003 DE
1380 3946 1529 4006 NOMINE
1564 3949 1670 4006 ARTIS

342 4029 646 4090 INTERPRETATIO
680 4033 734 4086 Ars
762 4031 790 4087 Β
818 4030 960 4088 INCIPIT
988 4028 1150 4086 AUDACIS
1179 4029 1228 4085 DE
1257 4029 1392 4086 SOAURI
1420 4029 1469 4085 ET
1498 4031 1670 4088 ntntsnn

342 4113 461 4170 LlERlS
487 4109 683 4169 EXOERPTA
707 4111 755 4168 ET
779 4112 853 4168 PER
872 4111 1237 4169 INTERROGATIONEM
1251 4110 1446 4169 RESPONSA
1461 4110 1509 4166 DE
1524 4111 1670 4169 NOMINE

342 4195 452 4252 ARTIS
471 4187 591 4267 INTgoi
618 4195 672 4250 Ars
704 4195 741 4249 M
812 4202 829 4250 5
854 4193 919 4266 Ars]
952 4195 1053 4250 similis
1086 4194 1157 4250 artis
1185 4193 1310 4263 definitio
1340 4191 1450 4249 Scauro
1477 4195 1616 4251 tn'dnitnr
1641 4195 1672 4248 in

342 4279 435 4350 Serpii
458 4276 705 4348 explanationibus
727 4277 760 4330 in
783 4275 859 4332 Don.
879 4293 909 4347 p.
934 4282 1006 4344 436,
1029 4281 1063 4344 9,
1087 4275 1208 4332 Scaurus
1227 4293 1296 4334 vero
1315 4275 1381 4334 hino
1405 4275 1512 4347 coepit,
1544 4275 1602 4330 ‘ore
1630 4277 1672 4330 est

342 4359 478 4430 cuiusque
503 4357 545 4415 rei
569 4356 690 4414 scientio.
713 4373 764 4412 usu
787 4355 835 4411 rel
858 4356 1010 4413 traditione
1034 4357 1192 4427 snscepts’:
1221 4359 1257 4426 cf.
1281 4357 1375 4415 Dion.
1399 4375 1431 4428 p.
1455 4361 1527 4423 421,
1550 4361 1569 4412 9
1594 4355 1670 4411 Mar.

347 4439 450 4497 Viator.
475 4457 505 4510 p.
536 4443 567 4507 3,
597 4443 614 4493 7
642 4436 764 4508 Pompei.
785 4453 815 4506 p.
836 4441 924 4502 95,t
999 4437 1271 4511 dilectationemqne
1291 4439 1329 4494 M
1346 4437 1627 4508 declinationemque
1644 4437 1671 4491 Β

343 4527 358 4576 t
383 4520 571 4591 strictumque
589 4519 617 4574 Β
691 4525 707 4575 8
727 4519 885 4590 possideret
910 4520 989 4575 arete
1012 4518 1040 4573 Β
1066 4518 1209 4590 possidere
1234 4524 1331 4577 creton
1357 4519 1395 4575 M
1467 4525 1483 4576 9
1508 4523 1574 4576 eunt
1597 4518 1670 4576 enirn

343 4601 486 4672 quendem
506 4600 544 4656 M
616 4608 649 4657 tn
669 4599 758 4657 enimi
776 4604 890 4657 tentum
908 4602 941 4655 nt
958 4599 1073 4671 poetica
1092 4631 1126 4642 -
1148 4607 1181 4657 te
1205 4602 1277 4658 ruris
1300 4601 1393 4658 cultus
1417 4619 1468 4660 ont.
1490 4601 1540 4670 M,
1560 4601 1625 4658 odd
1644 4599 1670 4656 Β

343 4689 377 4740 18
392 4682 565 4740 moccanitin
579 4682 722 4740 tectonica
736 4682 764 4737 Β
779 4682 931 4738 meconitin
942 4680 1116 4738 tentonicam
1133 4683 1172 4738 M
1218 4689 1251 4738 14
1265 4682 1462 4756 disorenerunt
1476 4683 1672 4751 (decreuerunt

341 4764 380 4832 Β)
395 4763 428 4818 R.
445 4763 620 4836 Cncotegnie
633 4764 687 4820 Int.
721 4763 783 4830 Quo
798 4780 826 4819 re
842 4763 1008 4835 cacotegnio.
1021 4761 1054 4820 R.
1071 4763 1217 4834 Siquidem
1233 4763 1300 4819 ΒΜ
1313 4784 1322 4816 .·
1335 4764 1526 4834 supplementa
1540 4766 1671 4835 praebuit

349 4845 372 4900 V
448 4852 479 4900 17
506 4845 619 4918 nititur]
639 4845 767 4901 nidiatur
787 4845 824 4901 M
896 4843 1103 4916 pseudotegmn
1121 4845 1191 4901 item
1213 4845 1250 4901 M
1268 4843 1477 4916 pseudotegnin
1495 4843 1554 4899 inm
1572 4843 1601 4900 Β
