3602 5482
211 1289 341 1356 ludaeis
370 1293 448 1357 liber
476 1292 513 1355 de
542 1298 607 1355 arte
636 1293 829 1374 grammatica
857 1293 889 1355 in
919 1290 1039 1356 duobus
1063 1295 1205 1356 inventus
1229 1302 1277 1355 est
1300 1288 1458 1355 codicibus

118 1417 201 1462 nouo
216 1400 339 1464 saeculo
359 1402 495 1485 scriptis,
514 1399 695 1464 Beruensi
710 1397 777 1465 336
792 1410 822 1465 et
841 1400 1054 1465 Monacensi
1074 1399 1164 1466 6434
1183 1401 1255 1464 olim
1270 1399 1458 1483 Frisingensi
1507 1429 1514 1440 ’

118 1504 196 1571 234.
226 1527 243 1570 e
264 1509 375 1591 quihus
394 1509 574 1594 bernensis,
598 1529 688 1593 quem
708 1508 851 1592 lisgerus
866 1510 952 1575 catal.
971 1509 1036 1574 cod.
1052 1509 1140 1574 liern.
1160 1530 1189 1593 p.
1205 1505 1271 1573 333
1287 1510 1460 1593 descripsit,

118 1617 202 1681 hunc
235 1618 348 1681 llhrum
381 1618 503 1683 exhibet
535 1621 554 1682 l.
589 1615 728 1683 8*-46
759 1621 868 1698 incipit
891 1621 1035 1696 ,Audacis
1064 1623 1103 1683 de
1126 1621 1245 1684 Scauri
1266 1627 1296 1682 et
1321 1619 1461 1682 Palladii

118 1729 209 1790 libris
237 1737 389 1808 excerpta
414 1747 475 1808 per
504 1730 780 1806 interrogationem
809 1734 839 1790 et
867 1732 1096 1808 responsionem
1127 1733 1235 1809 script.
1268 1731 1307 1791 de
1336 1730 1460 1790 nornine

120 1839 201 1898 arte's
220 1839 437 1916 interpretatio
457 1884 464 1898 .
484 1839 546 1898 Ars
564 1839 643 1914 qaid
659 1843 761 1899 est-
777 1856 806 1918 p.
821 1833 864 1898 41
886 1835 932 1899 ed.
948 1835 1011 1898 llal.
1030 1845 1157 1899 servant
1171 1845 1205 1899 nt
1218 1839 1353 1899 tradidit
1367 1883 1374 1898 .
1389 1853 1458 1898 nam

120 1943 237 2024 reliqua
257 1945 288 2006 iu
304 1963 340 2006 eo
356 1946 468 2026 scripta
483 1962 544 2006 non
560 1954 653 2008 sunt.
677 1945 719 2006 ex
738 1943 797 2007 hoc
817 1944 964 2027 quaedam
985 1945 1173 2027 deprompsit
1192 1943 1335 2026 llagenus
1355 1944 1459 2007 anecd.

121 2049 237 2114 llelvet
266 2071 293 2134 p.
318 2049 448 2114 XXXlV
490 2053 522 2115 in
551 2053 725 2116 Monacensi
753 2053 857 2116 codice
888 2052 967 2116 idem
1000 2052 1079 2115 liber
1108 2052 1219 2134 iegitur
1253 2055 1272 2118 1.
1300 2049 1459 2117 45-108

121 2163 233 2239 incipit
256 2163 396 2224 Audacia
420 2164 460 2223 de
478 2162 598 2224 Scauri
619 2171 650 2224 et
673 2164 813 2225 Palladii
834 2164 924 2225 tibris
948 2170 1098 2254 excerpta
1123 2170 1153 2224 et
1172 2181 1232 2242 per
1257 2165 1457 2240 internecati-

61 2329 71 2346 ,
121 2287 210 2330 onem
234 2286 384 2348 resporua
407 2271 446 2332 de
469 2273 591 2333 nomine
615 2274 726 2333 artis.
751 2273 882 2348 intaat.
907 2271 968 2333 Ars
996 2274 1073 2349 qaid
1099 2279 1212 2334 est-
1239 2289 1337 2348 crece
1365 2279 1459 2334 meta·

117 2380 269 2456 plasma.
302 2379 442 2460 sequitur
456 2387 604 2442 tractatus
623 2378 660 2441 de
681 2377 899 2442 soloecismos.
922 2377 1110 2462 108-111,
1133 2398 1235 2463 quiem,
1259 2382 1328 2462 quia
1348 2380 1459 2443 detrita

122 2495 153 2548 ei
176 2487 288 2568 partim
312 2483 410 2552 deleta
434 2489 586 2570 scripture
605 2485 664 2570 legi
684 2489 733 2550 rix
751 2495 885 2571 poterat,
909 2507 1008 2571 neque
1028 2488 1193 2574 quidquam
1213 2488 1294 2570 quod
1313 2491 1461 2571 gravioris

122 2597 269 2658 momenti
292 2603 375 2659 esset
398 2597 499 2660 inesse
523 2595 695 2680 ridebatur,
719 2597 750 2658 in
775 2595 907 2659 editione
927 2598 1030 2660 omisi:
1054 2596 1092 2658 cl.
1112 2595 1235 2678 catalog.
1258 2594 1324 2658 cod.
1344 2595 1459 2660 blonac.

121 2725 148 2769 r.
162 2703 177 2766 l
191 2699 213 2768 3
228 2723 256 2786 p.
274 2701 348 2768 111.
387 2703 440 2766 sed
464 2705 496 2767 iu
520 2723 557 2767 eo
576 2703 680 2767 codice
705 2721 766 2766 non
790 2702 889 2766 solum
913 2703 1060 2786 qtraedam
1084 2723 1161 2787 quae
1186 2705 1224 2767 de
1248 2714 1346 2768 metro
1366 2725 1394 2787 p.
1417 2702 1459 2768 12

122 2822 153 2876 ot
184 2813 222 2876 de
254 2811 347 2876 verbo
378 2833 406 2896 p.
436 2808 481 2876 25
509 2799 554 2876 in'
569 2811 717 2875 Beruensl
745 2810 823 2874 libro
847 2813 992 2895 leguntur
1021 2816 1146 2898 omissa,
1177 2832 1283 2876 verum
1308 2815 1398 2877 etiam
1423 2815 1460 2876 do

122 2930 268 3004 quattuor
297 2921 435 3005 partibus
464 2923 623 3006 orationis,
652 2921 689 2983 de
718 2919 874 3003 adverbio,
901 2921 938 2984 de
965 2923 1140 3005 participio,
1173 2923 1210 2985 de
1236 2924 1462 3006 coniunctione,

122 3032 160 3095 de
184 3032 409 3113 praepositione
438 3048 532 3112 pauca
561 3032 684 3093 omniuo
712 3029 819 3093 relicta
849 3049 944 3112 esque
977 3031 1173 3114 neglegenter
1203 3051 1238 3094 ex
1264 3030 1461 3114 amplioribus

122 3141 349 3204 commentariis
373 3137 487 3202 codicis
509 3136 673 3200 bernensis
697 3145 840 3221 excerpta
864 3146 944 3201 sunt

192 3247 320 3312 Praeter
342 3246 398 3310 hos
423 3246 558 3330 codices,
582 3249 635 3328 quii
658 3255 758 3309 totum
781 3244 911 3310 ludaeis
935 3245 1047 3310 librum
1070 3250 1242 3332 continent,
1265 3258 1367 3331 partes
1391 3248 1461 3313 libri

123 3359 264 3420 inventae
289 3358 414 3420 suntin
439 3353 587 3439 pluribus.
625 3373 696 3418 cum
719 3355 823 3418 eadem
852 3356 1051 3436 inscriptione
1076 3374 1167 3438 quam
1191 3375 1282 3438 supra
1313 3362 1402 3439 posui
1427 3377 1460 3421 ea

124 3484 196 3549 pars
220 3485 295 3548 quae
320 3474 367 3528 est
390 3464 427 3528 de
452 3466 574 3527 nomine
599 3465 761 3526 coniuncta
786 3482 856 3526 oum
875 3463 1004 3526 aliorum
1023 3468 1289 3546 grammaticorum
1309 3484 1461 3530 commen·

126 3577 211 3638 tariis
217 3574 383 3678 legitur
376 3593 407 3637 m
433 3571 536 3637 codice
563 3563 846 3636 Caroliruhensi
873 3569 937 3636 112
961 3592 1042 3636 nono
1066 3572 1188 3636 saeculo
1214 3577 1343 3658 scripto,
1374 3577 1462 3638 cuius

125 3683 333 3766 apographum
367 3663 482 3746 bliredl
511 3680 634 3745 llolderi
665 3681 892 3746 benevolentiae
924 3681 1034 3767 debeo,
1067 3684 1086 3746 1.
1115 3679 1159 3746 63
1191 3687 1346 3763 incipiant
1376 3694 1462 3748 artes

125 3787 161 3876 (l.
176 3787 302 3876 partes)
326 3795 452 3855 Audaci
473 3795 512 3855 de
531 3792 650 3854 Scauri
666 3799 698 3855 et
717 3793 856 3854 Palladii
877 3793 966 3855 tibris
986 3801 1146 3872 excerpta.
1189 3795 1272 3868 Qrcid
1290 3802 1336 3856 cst
1353 3811 1462 3856 nomen
1537 3824 1545 3837 ·

127 3902 328 3978 -flnctibns
342 3902 504 3977 marcidas,
528 3899 580 3962 uhi
604 3911 673 3964 ante
698 3904 853 3982 incipiant
871 3903 902 3963 iu
922 3903 1057 3984 margine
1077 3900 1264 3984 adscriptum
1285 3913 1332 3964 est
1351 3921 1462 3964 nomen

127 4003 358 4092 arccoisainns*).
397 4015 568 4089 sequuntur
587 4007 748 4090 arnpliores
768 4011 978 4072 commentarii
998 4010 1035 4073 de
1056 4013 1192 4094 nomine,
1216 4009 1252 4074 de
1273 4013 1463 4094 pronomine,

127 4119 165 4180 de
188 4116 296 4201 verbo,
330 4115 367 4178 de
399 4111 554 4196 adverbio,
585 4116 622 4178 de
647 4117 823 4198 participio,
852 4117 889 4180 de
914 4111 1143 4202 coniunctione,
1167 4119 1204 4180 de
1228 4119 1462 4202 praepositione,

127 4227 165 4290 de
189 4225 417 4307 interiectione,
444 4224 481 4286 de
506 4221 711 4286 schematibus
740 4231 771 4286 et
799 4227 909 4307 tropis,
937 4225 974 4288 de
1000 4223 1187 4289 barbarismo
1216 4235 1247 4288 ct
1275 4225 1462 4308 soloecismo,

127 4337 158 4399 in
187 4333 300 4418 qulbus
329 4333 403 4396 nihil
432 4330 511 4414 qrrod
543 4330 579 4392 ad
612 4331 764 4394 Audacem
796 4334 907 4394 reterri
937 4335 1035 4415 possit
1067 4336 1175 4398 inveni.
1223 4354 1260 4396 ex
1289 4332 1463 4396 Vaticano

127 4445 233 4506 codice
256 4443 316 4506 duo
341 4449 483 4524 excerpta
507 4439 661 4520 adscripto
685 4443 873 4522 grammatici
897 4443 1018 4504 nominc
1043 4441 1137 4504 edidit
1161 4441 1256 4504 llaius
1276 4441 1362 4504 class.
1382 4451 1461 4504 auct

127 4572 153 4614 v.
177 4550 215 4615 v1
239 4571 268 4634 p.
293 4546 374 4634 589,
402 4549 531 4612 alterum
561 4547 651 4609 breve
681 4546 717 4610 de
748 4547 912 4634 elemento,
942 4552 1091 4612 Andanis.
1113 4552 1320 4613 hiemantem
1345 4584 1388 4593 —
1412 4571 1463 4613 res·

130 4665 348 4676 ——-—-—

202 4717 228 4786 *i
248 4715 291 4772 lia
305 4714 428 4784 anfino,
448 4713 636 4786 grammatico
651 4715 863 4785 aurelianensi,
878 4715 937 4771 dixi
956 4716 993 4772 de
1010 4731 1131 4786 grem.
1152 4713 1229 4784 quib.
1245 4714 1295 4770 lah
1309 4713 1360 4770 inl.
1375 4733 1403 4786 p.
1418 4721 1464 4772 in.

127 4813 233 4852 nomen
252 4799 350 4853 sutem
370 4795 551 4870 grammatici
570 4794 599 4851 in
619 4793 716 4852 codice
736 4796 925 4868 adscriptum,
950 4794 1053 4851 deinde
1076 4797 1143 4866 post
1166 4794 1403 4851 commentarium
1428 4792 1464 4848 da

128 4877 217 4934 verbo
235 4878 404 4949 repetitum,
428 4877 448 4934 1.
468 4883 502 4934 92
527 4877 592 4946 linit
615 4877 664 4932 deo
687 4879 797 4947 gratias
821 4879 1010 4944 nnolaninas,
1034 4876 1089 4931 hoc
1107 4875 1222 4932 videtur
1240 4874 1374 4945 indicari,
1399 4892 1464 4930 oum

127 4958 237 5017 Vulfini
256 4959 469 5016 commentariis
489 4959 625 5030 excerpta
644 4957 767 5015 Audacia
786 4959 816 5015 in
837 4957 1046 5015 Corolirnhensi
1067 4957 1164 5013 codice
1184 4956 1337 5013 coniuncto
1356 4973 1427 5013 esso.

1192 5047 1248 5103 nl*
