3616 5482
604 310 670 374 'DE
690 316 824 378 VERBIS
844 319 969 378 bisne
1396 324 1460 391 109

117 429 141 468 p.
156 417 214 460 titt
227 417 254 460 P.

116 503 252 568 lanilicil.
290 502 398 566 corbes
427 502 497 589 hae,
525 523 586 568 non
614 504 654 568 bi.
693 526 788 570 cornu
818 507 917 590 bovis,
948 525 1061 572 coruus
1085 508 1184 572 arbor.
1223 529 1370 594 censuee,
1399 529 1459 574 nen

117 591 251 694 eonsuo;
274 630 438 696 consuere,
461 623 497 677 ut
520 613 648 678 ierrere.
686 617 813 698 congius
837 615 897 678 bic.
934 609 1036 690 coclea
1056 619 1121 680 sine
1142 616 1170 679 b.
1208 623 1373 704 cocinaria,
1396 640 1458 685 oen

118 723 313 784 cocinatoria.
351 721 521 786 colustrum
544 717 637 786 recte.
675 723 846 788 crustulum
865 724 933 788 boc.
972 725 1091 811 crebro,
1115 745 1175 789 non
1196 727 1313 791 crebre.
1351 748 1459 793 cucur-

117 829 235 892 bicium
254 832 364 914 pirum,
388 849 449 894 nen
469 830 705 896 cucurbitinum.
744 837 891 919 cucumis,
914 854 976 899 nen
996 854 1149 922 cucumer.
1188 836 1374 900 curriculum
1393 838 1451 902 boc

88 947 153 1000 sut
178 936 290 1020 Varro,
313 939 363 1002 alii
388 939 476 1004 burm.
930 1001 931 1006 ,

212 1045 346 1111 Delirare
375 1057 406 1112 et
434 1049 571 1114 delerare
600 1041 666 1115 ἀπὸ
690 1048 753 1116 τοῦ
776 1045 893 1135 λήρου.
936 1055 1001 1139 dei,
1024 1073 1086 1118 nen
1110 1056 1167 1119 dii:
1198 1075 1267 1119 nam
1291 1064 1322 1120 et
1345 1054 1459 1119 deabus

118 1153 229 1218 Cicero
247 1155 336 1220 dixit:
359 1159 452 1238 igitur
471 1157 537 1222 deis
555 1161 644 1242 ratio,
667 1160 726 1223 diis
745 1163 943 1225 consuetudo.
981 1162 1125 1247 deletum,
1149 1183 1208 1227 non
1228 1165 1357 1228 delitum
1378 1163 1457 1246 quod

118 1265 190 1346 quis
214 1263 334 1328 delerit.
371 1265 513 1349 diploma,
537 1287 597 1332 non
623 1268 764 1352 duplonra
788 1279 840 1333 aut
863 1269 1049 1352 duplomum.
1093 1271 1144 1336 uis
1168 1281 1263 1356 pater,
1288 1291 1348 1336 non
1374 1271 1457 1337 Ditis.

119 1372 262 1455 dorsum,
286 1391 346 1435 nen
371 1373 490 1437 dorstss.

76 1507 103 1546 ιο
211 1480 360 1565 hamne,
395 1501 455 1546 noo
485 1501 615 1547 eramne.
659 1482 749 1568 ebur,
778 1504 838 1549 non
868 1483 951 1549 eber.
994 1487 1186 1572 elephantus,
1216 1508 1275 1552 uon
1306 1488 1458 1571 elephans.

118 1593 257 1654 enutrirc
289 1590 363 1654 alica
394 1601 486 1656 reete.
537 1592 684 1674 eliganter
716 1592 754 1656 ab
785 1593 933 1676 eligendo.
978 1596 1145 1679 exemplar,
1179 1615 1240 1659 nen
1274 1597 1459 1679 exemplare:

117 1699 274 1782 exemplar
297 1709 399 1788 eutem
423 1700 504 1782 quod
529 1701 726 1784 transfertur,
755 1701 927 1784 exemplum
952 1702 1032 1783 quod
1058 1704 1168 1788 fertur,
1198 1724 1379 1788 quemquam
1409 1706 1458 1768 elii

117 1818 234 1870 contra
273 1812 459 1872 exenteravit
482 1799 549 1872 dud
572 1805 643 1872 reio
667 1802 814 1890 ἐντέρων
839 1806 890 1888 [ab
915 1810 1128 1892 interioribus]
1153 1831 1169 1874 a
1195 1812 1372 1877 uisceribus.

209 1915 337 1979 Fabrics
360 1935 425 2000 ars,
450 1936 541 2000 opera
566 1916 691 1980 iubrilia.
731 1918 877 1980 lasciuum
902 1917 969 1981 boe.
1009 1918 1074 1981 iser
1098 1919 1245 2002 pluralem
1271 1941 1330 1985 non
1355 1921 1455 1986 habet.

76 2025 315 2088 uierrunculus
339 2043 355 2086 a
379 2026 513 2110 ierrore,
540 2044 601 2088 non
626 2026 816 2089 furunculus.
854 2027 941 2110 lices,
972 2046 1032 2090 uon
1056 2029 1147 2110 ficus,
1176 2047 1233 2092 nec
1258 2029 1379 2113 ficibus,
1403 2030 1457 2093 sed

114 2133 193 2196 fleis.
211 2133 301 2215 ,bdo,
324 2152 384 2196 nen
409 2133 497 2198 tideo.
534 2134 626 2198 libres
650 2134 690 2220 bi,
715 2153 776 2198 nen
800 2133 901 2198 librae.
940 2135 1059 2200 lilisbos
1082 2146 1176 2200 reete.
1215 2138 1348 2227 lercipes
1373 2138 1456 2202 labri.

1452 888 1462 923 l

212 2415 227 2464 1
248 2405 353 2466 Cerbes
364 2423 387 2477 p
404 2405 495 2464 Cebes
508 2407 569 2464 BC
580 2409 658 2465 celus
674 2409 715 2464 M
718 2430 726 2464 z
746 2409 781 2478 cs.
796 2409 831 2465 dc
844 2409 910 2466 dub.
925 2425 998 2466 neos.
1009 2425 1040 2480 p.
1057 2413 1121 2479 574,
1136 2417 1170 2468 11
1245 2419 1261 2468 t
1280 2412 1365 2470 bons
1382 2411 1407 2469 C

114 2489 268 2546 Cecinsrio
286 2507 344 2546 uon
363 2489 557 2546 concinnatoris
570 2491 599 2546 Β
618 2489 765 2550 Cotiuarie
783 2507 840 2546 non
859 2487 1073 2547 eociuaierisC
1127 2499 1143 2549 t
1163 2493 1326 2565 colustrsp
1379 2497 1457 2551 recte

114 2587 169 2627 ees.
188 2570 217 2626 Β
272 2572 327 2628 boc
341 2575 408 2642 poet
426 2572 584 2629 crustulum
603 2589 654 2630 em.
672 2573 716 2640 M,
736 2572 802 2629 odd.
818 2571 878 2628 BC
930 2589 988 2630 uon
1007 2573 1104 2631 crebre
1122 2573 1183 2630 BC
1198 2591 1256 2632 nou
1274 2575 1358 2633 cebro
1375 2576 1415 2632 M

114 2651 319 2710 Cucurbieium
343 2652 548 2724 (eoeurbieium
571 2653 611 2723 Β)
633 2652 729 2725 pirum
755 2670 811 2710 nen
836 2653 1046 2712 cucurbibinum
1069 2654 1130 2712 BC
1157 2655 1340 2715 Cucubitimn
1362 2660 1457 2732 pirum

114 2813 175 2854 nou
193 2799 384 2857 cucurbitium
403 2800 444 2856 M
515 2805 608 2855 tuen
627 2796 772 2872 cucumer]
791 2815 848 2855 non
868 2816 965 2856 eumer
983 2799 1011 2855 B
1086 2748 1307 2860 Cuniculumdmdt
1325 2820 1410 2861 uarro
1426 2804 1457 2860 Β

117 2877 288 2936 Caniculam
307 2885 341 2937 ut
358 2895 442 2937 uarro
460 2881 514 2937 hee
528 2878 568 2934 M
582 2876 744 2936 cuniculum
763 2883 797 2937 ui
814 2897 898 2938 uarro
919 2879 948 2936 C.
978 2879 1149 2938 curriculum
1162 2883 1265 2954 scripsi
1278 2901 1312 2940 cc
1327 2883 1457 2942 OEmrisio

110 2977 145 3031 p.
161 2965 206 3027 77,
221 2965 256 3017 11
271 2967 297 3018 ct
310 2961 406 3018 Nonio
416 2979 447 3032 p.
462 2964 522 3018 263
597 2965 613 3014 e
633 2959 760 3018 delerare
775 2969 891 3035 utreque
905 2963 964 3020 lece
977 2961 1049 3019 BC:
1068 2964 1104 3034 αι’.
1121 2963 1229 3021 marte.
1244 2983 1276 3036 p.
1296 2970 1395 3034 76,19

116 3043 208 3112 mpetu
225 3042 307 3099 laren
322 3041 361 3098 Μ
374 3041 526 3114 speculem
541 3039 573 3109 C,
591 3041 624 3096 t'u
638 3041 741 3098 tecum
756 3058 807 3099 em.
823 3042 852 3098 Β
907 3042 938 3099 di
955 3060 1014 3100 nun
1028 3043 1070 3102 dii
1084 3043 1123 3100 Μ
1126 3043 1151 3100 C
1167 3044 1208 3102 dil
1224 3062 1282 3102 neu
1302 3045 1350 3103 dei
1362 3046 1411 3104 Be

115 3121 238 3198 deabus]
258 3122 375 3181 dacibus
392 3123 422 3180 Β
495 3130 511 3179 ‘t
532 3121 642 3196 Cicero]
662 3139 714 3196 pre
730 3123 861 3183 Cornelio
876 3125 890 3182 1
903 3126 982 3198 opud
997 3125 1181 3184 Pmsciem
1195 3127 1213 3184 l.
1230 3125 1298 3182 VII
1306 3144 1336 3199 p.
1352 3133 1455 3197 2942

741 3215 750 3256 t

153 3267 215 3325 deis
233 3267 308 3324 ratio
327 3265 387 3323 BC
402 3267 446 3324 dis
465 3267 540 3324 ratio
559 3271 604 3325 esi
622 3267 660 3323 Μ
712 3267 757 3325 dis
776 3269 950 3326 consuetude
971 3269 996 3326 C
1047 3269 1181 3328 Delebum
1195 3288 1252 3328 nen
1266 3269 1408 3328 delectum
1426 3271 1455 3326 Β

116 3351 238 3407 delibem
257 3351 339 3418 (corr.
357 3347 496 3422 deletum)
515 3365 573 3406 neu
592 3348 733 3406 delectum
756 3349 786 3410 0.
815 3367 833 3408 a
852 3349 948 3424 deleo,
967 3353 1046 3410 cuius
1065 3353 1187 3426 simplex
1205 3355 1235 3410 in
1254 3371 1308 3409 usu
1326 3356 1454 3424 nonest,

116 3431 256 3502 delehrm,
275 3447 293 3486 a
311 3430 407 3488 delinc
426 3430 546 3488 delitum
565 3430 703 3500 uescitur,
723 3431 801 3502 qued
819 3433 929 3490 Probus
948 3438 978 3491 eb
997 3433 1088 3506 Caper
1107 3437 1294 3506 comprobant
1312 3452 1366 3490 osu
1385 3452 1454 3506 que-

116 3531 173 3584 que
191 3513 349 3569 adiuvante
369 3515 538 3570 Pnacium
557 3513 574 3569 l.
595 3511 650 3566 IX
663 3529 694 3582 p.
714 3517 779 3580 490,
799 3519 817 3569 7
910 3515 985 3585 qood
1006 3515 1070 3585 quis
1089 3514 1213 3571 dilueret
1231 3515 1270 3571 M
1284 3517 1360 3587 quod
1379 3516 1455 3574 dele·

114 3657 192 3713 uersa
208 3655 271 3713 sc
358 3659 375 3712 s
399 3654 535 3728 nepum
553 3672 611 3712 non
631 3613 760 3727 diploma
778 3659 829 3713 sus
848 3658 1016 3730 supremum
1035 3659 1075 3714 M
1095 3659 1224 3730 diploma
1241 3677 1299 3717 non
1317 3659 1455 3732 diploma

115 3740 167 3794 aab
184 3737 353 3807 duplemum
373 3735 397 3791 C
414 3735 550 3808 Dipluma
569 3753 625 3792 nen
645 3736 782 3808 doplome
801 3743 851 3795 uui
870 3739 1006 3811 duplems
1023 3743 1075 3797 aui
1093 3739 1260 3812 duplemum
1278 3741 1307 3796 Β
1326 3740 1454 3813 diploma

113 3836 171 3876 nen
190 3817 329 3890 duploma
348 3821 477 3887 excerpto
496 3817 745 3888 Montepesauleue
828 3825 845 3875 9
864 3838 920 3877 neu
939 3821 1039 3881 domos
1059 3821 1125 3879 MC
1140 3840 1197 3879 nen
1216 3822 1332 3880 dossum
1350 3824 1392 3882 B:
1417 3826 1453 3895 cs.

114 3903 148 3958 de
171 3899 236 3956 dub.
260 3915 332 3955 mm.
352 3915 383 3969 p.
408 3903 474 3966 577,
497 3902 535 3955 21
562 3897 698 3954 Priscian
720 3899 737 3955 l.
763 3899 837 3974 Vp.
857 3907 922 3971 170,
946 3909 965 3960 3
1058 3910 1091 3960 10
1114 3903 1193 3959 Ebur
1221 3921 1280 3962 nen
1298 3903 1367 3961 eber
1385 3905 1454 3976 quis

115 3981 196 4053 (quie
218 3997 270 4038 eos.
296 3977 332 4049 C)
356 3979 427 4034 ebur
450 3995 554 4035 nemen
580 3982 623 4035 est
645 3977 714 4050 BC,
739 3981 810 4037 ebur
833 3999 889 4038 uon
913 3983 984 4041 ebor
1008 3983 1058 4056 qui
1081 3984 1152 4041 ebor
1175 4001 1234 4041 uon
1258 3987 1302 4042 est
1324 3993 1453 4058 excerpto

115 4063 206 4120 Most.
235 4063 354 4131 smtasse
372 4059 443 4118 abor
461 4076 518 4117 non
538 4061 620 4130 ebor,
641 4060 709 4132 quie
728 4063 866 4120 ebur-num
885 4067 943 4121 est:
964 4065 998 4134 cf.
1018 4067 1052 4123 de
1070 4067 1135 4123 dub.
1154 4082 1227 4122 oeno.
1243 4085 1275 4138 p.
1295 4071 1361 4134 578,
1379 4070 1398 4122 4

114 4133 298 4217 elephantus]
318 4139 436 4212 elepbus
454 4140 516 4197 BC
587 4149 620 4199 11
642 4143 752 4200 enutris
771 4143 870 4200 MBC
942 4153 975 4203 12
1001 4148 1145 4221 exemplar
1164 4147 1272 4220 eutem]
1293 4147 1451 4219 exemplari

114 4227 211 4282 autem
234 4225 263 4281 Β
360 4222 438 4294 qued
461 4223 564 4297 fertur]
589 4225 667 4294 quod
690 4241 746 4281 uon
769 4225 941 4284 transierim
965 4229 1025 4286 BC
1119 4236 1151 4286 13
1176 4231 1322 4286 extemme
1346 4231 1453 4300 speleu

7 4333 8 4344 ³
114 4305 281 4362 ΕΝΤΙΕΡΟΝ
301 4303 488 4362 euiseeribus
502 4305 539 4361 ab
557 4304 695 4374 iuberieb3
717 4305 741 4361 C
758 4311 874 4365 extersi
889 4325 908 4364 e
920 4311 1078 4368 uisceribus
1092 4311 1129 4367 ob
1147 4309 1330 4368 interioribus
1346 4311 1383 4382 Β,
1402 4315 1453 4369 ubi

114 4387 288 4444 curtennis
305 4387 338 4443 ist
356 4388 482 4459 mcrpiuc
496 4387 669 4457 adscriptum
684 4392 723 4442 est
787 4385 1088 4450 ὰΠΟΤΟΝΙΝΤΙΕΡΟΝ
1104 4389 1143 4446 Μ
1205 4395 1240 4446 tt
1254 4393 1313 4466 ars]
1328 4393 1410 4452 urbis
1423 4395 1452 4452 Β

113 4477 223 4588 urde
285 4529 362 4606 inex]
382 4531 429 4589 iex
444 4529 543 4588 MBC
558 4529 613 4588 ilex
632 4537 762 4602 excerpto
776 4531 1031 4607 Moestepesautmsa.
1060 4555 1099 4594 ou
1115 4537 1177 4593 iss?
1248 4543 1282 4595 15
1302 4540 1451 4600 femma.

114 4609 173 4668 lum
190 4627 209 4668 a
228 4612 340 4669 feruere
360 4629 417 4670 neu
434 4611 637 4670 iuruuneulum
658 4610 895 4675 Cferuunculum
910 4637 968 4677 uon
980 4617 1182 4676 iuruuncolum
1197 4615 1226 4672 Β
1296 4621 1380 4681 Ficus
1395 4643 1451 4682 nen

113 4691 181 4748 deus
196 4691 262 4749 MC
278 4691 362 4750 Ficus
375 4711 432 4751 uon
445 4693 512 4752 dces
526 4694 575 4750 Bc
640 4699 673 4748 16
692 4694 776 4753 flbres
795 4699 826 4754 hi
844 4717 901 4757 nen
920 4701 1007 4758 libras
1026 4699 1086 4756 BC
1102 4701 1186 4756 flbres
1205 4697 1236 4755 hi
1254 4719 1312 4760 uon
1330 4704 1385 4764 bae
1405 4706 1447 4764 M.

114 4790 152 4830 ess
166 4777 264 4846 petius
281 4774 371 4832 librae
390 4793 447 4833 nen
464 4775 569 4832 fibresi
588 4775 623 4844 es.
646 4773 788 4834 Priscian.
809 4780 827 4836 l.
852 4780 901 4837 VI
912 4800 945 4854 p,
963 4787 1072 4851 232,e
1163 4783 1252 4858 reete]
1272 4785 1326 4842 rite
1346 4785 1385 4842 M

113 4852 248 4930 forcipes]
268 4855 379 4928 forceps
396 4855 458 4912 BC
