3616 5482
495 349 510 376 .
586 320 954 404 1111111111111111
1286 317 1291 326 ·
1391 312 1433 382 89

97 531 212 592 artium
242 529 410 611 scriptores
441 535 554 607 pateat,
589 544 651 589 non
682 543 718 588 ex
749 527 786 587 iis
817 521 889 586 solie
920 538 998 603 quae
1029 519 1150 581 nomine
1182 516 1247 578 eius
1281 511 1434 592 adscripto

98 635 196 700 relata
219 644 292 698 eunt
315 633 549 698 existimandum
573 643 628 697 est.
666 651 765 716 neque
794 633 875 695 enim
903 628 1036 693 dubitari
1064 634 1164 710 potest
1188 625 1261 706 quin
1284 618 1435 703 permulta

98 747 131 808 in
155 741 270 824 quibus
294 761 404 806 nomen
423 740 605 824 appellatum
624 759 686 804 non
705 750 752 804 est
771 757 808 802 ex
828 741 893 800 eius
912 736 997 800 libris
1017 744 1138 818 recepta
1157 736 1227 796 sint
1266 730 1434 792 certissima

99 855 167 915 eins
196 853 318 934 generis
346 850 457 914 indicia
486 861 557 914 sunt
585 850 663 933 apud
692 849 890 912 Priscianum.
933 849 960 910 is
988 849 1070 910 enim
1099 853 1130 907 11
1159 845 1191 905 11
1221 841 1327 922 quinto
1356 835 1436 904 libro

99 961 137 1024 de
166 958 335 1042 generibus
363 961 521 1023 nominum
543 958 676 1042 Capram
705 957 763 1022 sibi
786 965 943 1020 auctorem
966 955 1060 1018 luisse
1083 951 1197 1017 indicat
1220 945 1320 1014 verbis
1344 962 1436 1026 supra

99 1069 223 1151 positis,
238 1143 240 1146 ¹
253 1087 329 1150 quae
358 1070 387 1132 ei
411 1067 608 1150 disputationi
630 1067 802 1151 subscripta
826 1079 907 1136 sunt
921 1089 949 1152 p.
977 1061 1054 1155 111,
1080 1061 1137 1154 14,
1159 1087 1257 1152 mpro
1281 1059 1435 1132 dictorum

99 1185 204 1242 tomen
228 1179 385 1240 nominum
408 1195 482 1240 1111
505 1185 534 1240 et
562 1179 650 1256 opud
675 1176 809 1256 Uoprum
833 1185 864 1240 et
886 1181 974 1258 opud
997 1179 1133 1242 Probum
1156 1181 1196 1242 de
1218 1179 1436 1254 (1111111111-

100 1289 190 1350 rr'bur
213 1289 451 1364 moenimenta
476 1293 581 1350 octavo
605 1285 682 1348 libro
707 1287 916 1350 adnotationes
940 1287 977 1350 de
1002 1291 1096 1351 activa
1122 1287 1167 1350 rel
1191 1286 1308 1368 passiva
1328 1281 1433 1345 verbo·

14 1423 15 1458 1
100 1415 169 1460 rum
192 1394 396 1460 declinatione
420 1413 457 1458 11
481 1393 586 1458 eodem
611 1395 694 1458 tonte
717 1394 824 1459 ductes
848 1413 915 1458 esse
940 1395 1080 1459 similiter
1098 1395 1247 1477 significat
1265 1413 1294 1476 p.
1309 1388 1386 1475 393,
1406 1389 1436 1473 8,

99 1507 156 1570 ced
178 1511 210 1568 et
233 1522 341 1569 eorum
364 1512 394 1569 et
415 1508 612 1585 coopertorum
636 1508 769 1569 omnium
797 1525 871 1570 1111
899 1513 962 1568 tom
985 1485 1073 1584 cpn'd
1098 1505 1233 1584 Cepru'm
1257 1520 1349 1582 quom
1374 1496 1436 1563 Pli-

14 1615 15 1652 ³
99 1619 186 1680 nium
215 1621 248 1678 et
275 1615 410 1676 Probum
439 1616 583 1676 invenies.
621 1617 765 1694 passivas
794 1633 915 1693 qnoque
937 1632 999 1694 pro
1028 1617 1139 1677 activis
1167 1617 1216 1676 vel
1243 1611 1437 1676 neutralibus

100 1725 229 1788 vocibuis
256 1741 298 1786 mc
324 1725 486 1786 contrario
515 1725 595 1785 idem
623 1727 832 1801 antiquissimi
845 1723 1071 1804 proferebant,
1105 1740 1221 1787 career
1249 1741 1309 1801 pro
1343 1735 1438 1784 coreo

99 1835 240 1896 dicenter
264 1839 295 1894 et
312 1833 445 1894 obeonor
464 1847 525 1910 pro
544 1833 657 1896 obsono
676 1842 707 1897 et
725 1837 854 1913 copulor
874 1851 935 1912 pro
953 1836 1064 1913 copulo
1083 1840 1112 1895 et
1131 1835 1238 1894 caleor
1259 1849 1318 1911 pro
1340 1824 1435 1905 culeo,

99 1957 234 2020 quonum
252 1947 399 2002 unctores
418 1941 505 2018 opud
525 1941 660 2020 Ooprum
678 1945 785 2019 tepent
803 1945 858 2018 qni
874 1958 926 2004 eos
944 1943 1029 2005 scire
1048 1942 1236 2004 desiderent.
1270 1957 1338 2002 nam
1357 1937 1437 2020 quod

14 2087 15 2090 =
100 2067 160 2112 uua
184 2065 256 2111 cum
280 2046 377 2129 Capro
401 2045 535 2109 Probum
559 2056 590 2110 et
614 2046 745 2112 Plinium
769 2049 908 2132 appellat,
931 2051 1011 2112 sicut
1033 2068 1063 2132 p.
1088 2046 1165 2132 490,
1188 2045 1209 2111 9
1234 2044 1364 2130 11534,
1393 2043 1436 2110 26

101 2155 235 2218 Probum
259 2130 437 2239 1111313,
462 2151 480 2216 1
501 2153 635 2218 Probum
655 2164 686 2218 et
709 2156 875 2220 Pollionem
900 2167 930 2220 et
954 2156 1086 2221 Plinium
1110 2175 1181 2220 cum
1200 2155 1250 2218 illo
1272 2157 1438 2235 coniunxit,

14 2297 15 2364 p
100 2283 162 2328 nou
186 2267 251 2346 ipse
276 2266 482 2345 antiquiorum
504 2265 770 2345 grammaticorum
790 2265 884 2328 libros
903 2265 1012 2347 legisse
1030 2264 1261 2348 putandus'est,
1285 2261 1337 2325 sed
1357 2261 1436 2344 apud

14 2367 15 2374 '
100 2373 234 2455 Caprnrn
266 2374 387 2435 nomina
416 2381 448 2435 et
474 2381 636 2454 praecepte
665 2390 771 2435 eorrrm
800 2375 964 2436 invenerat.
1007 2372 1141 2436 Probum
1170 2373 1292 2454 quidem
1320 2371 1358 2435 ab
1387 2372 1438 2435 illo

14 2519 15 2526 .
101 2483 292 2544 uomicatum
319 2479 447 2561 legimus
474 2482 506 2542 ln
536 2483 689 2562 excerptis
718 2479 785 2543 lulii
810 2479 935 2542 Romani
967 2480 1045 2562 apud
1071 2481 1240 2544 charisium
1265 2501 1293 2564 p.
1320 2477 1393 2564 118,
1420 2481 1435 2542 l

101 2592 145 2652 Fr.
171 2599 275 2653 iernen
306 2589 408 2668 Caper
434 2591 552 2653 Allecto
581 2597 776 2668 monoptoton
807 2609 873 2652 ecce
904 2590 1059 2652 Valerium
1080 2590 1215 2652 Probum
1240 2598 1357 2669 putore
1384 2594 1437 2653 uit.

100 2699 155 2762 sed
178 2696 260 2780 apud
283 2696 471 2760 Priscianutn
495 2695 568 2759 illud
593 2700 683 2760 etiam
710 2697 830 2778 longius
854 2701 995 2780 pertinet
1033 2717 1102 2761 narn
1126 2701 1269 2779 quoniam
1292 2701 1323 2759 in
1348 2716 1439 2781 erpo·

100 2811 213 2871 sitione
243 2803 327 2868 rerbl
355 2823 425 2867 eum
453 2823 543 2886 saepe
577 2801 647 2867 eum
676 2805 834 2882 Diomede,
863 2823 954 2886 quem
978 2805 1069 2868 Probi
1099 2808 1195 2888 copiis
1218 2808 1250 2868 in
1273 2805 1328 2867 lrac
1353 2813 1438 2888 parte

100 2933 193 2980 nsum
217 2931 285 2976 1111
308 2914 436 2992 selmum,
459 2915 699 2975 consentientem
724 2915 911 2995 invenimus,
933 2913 993 2976 hoc
1016 2912 1148 2976 duorum
1171 2914 1435 2995 grammaticorum

101 3040 257 3087 consensu
285 3039 321 3082 eo
350 3019 504 3104 ducimur,
534 3029 568 3082 ut
597 3039 674 3102 quae
699 3020 859 3084 Diomedes
883 3020 982 3083 Probo
1014 3029 1138 3084 auctore
1167 3030 1310 3104 posuerat
1334 3021 1439 3084 eadem

101 3153 138 3194 cx
163 3131 255 3212 Capri
277 3128 364 3192 libris
388 3129 578 3192 Priscianum
608 3131 761 3211 recepisse
786 3129 936 3210 dicamus,
965 3131 1046 3193 sicut
1068 3130 1130 3193 diri
1153 3149 1277 3211 gramm.
1301 3129 1351 3192 lat.
1375 3149 1400 3192 r.
1426 3131 1436 3192 l

100 3261 129 3322 p.
154 3235 375 3300 11111111
402 3256 430 3318 p.
455 3236 558 3300 xvul.
603 3240 634 3300 in
663 3235 839 3300 nominibus
867 3256 938 3300 vero
966 3247 1090 3321 praeter
1119 3257 1188 3301 eum
1217 3239 1315 3300 locum
1346 3257 1435 3320 quem

100 3367 194 3430 supra
217 3345 346 3409 indicavi
370 3349 463 3409 certis
486 3346 613 3410 aliorum
639 3354 798 3409 auctorum
823 3349 1005 3410 testimoniis
1025 3346 1121 3429 Capro
1146 3347 1337 3410 vindicantur
1355 3346 1439 3422 haec,

101 3457 138 3520 de
158 3475 184 3518 r.
204 3455 307 3533 semes
325 3454 344 3516 l.
365 3453 402 3516 Vl
421 3474 449 3537 p.
469 3452 554 3537 243,·
568 3453 609 3517 12
628 3464 660 3518 11
678 3455 697 3516 l.
716 3453 768 3516 vll
789 3475 816 3536 p.
837 3452 913 3536 349,
937 3452 977 3517 13
1001 3455 1068 3518 coll.
1094 3456 1225 3536 Pompei.
1249 3475 1277 3535 p.
1297 3451 1369 3535 lto,
1385 3452 1438 3536 30,

101 3564 219 3646 explan.
243 3565 274 3624 ln
300 3561 374 3624 lion.
398 3560 697 3647 ,1411111111
722 3582 747 3625 v.
774 3563 880 3642 semor
904 3564 922 3625 l.
947 3563 985 3625 Vl
1008 3585 1036 3646 p.
1061 3561 1138 3647 238,
1162 3561 1183 3625 9
1208 3562 1273 3625 coll.
1299 3562 1382 3625 Serv.
1408 3566 1438 3625 iu

101 3667 434 3753 111111111344.
461 3669 535 3738 788.
573 3671 653 3754 apud
682 3670 851 3735 charisium
881 3692 1002 3755 quoque
1033 3673 1189 3736 manifesta
1220 3674 1344 3753 vestigia
1368 3671 1438 3734 doc-

101 3779 199 3840 trinae
224 3795 261 3839 ex
286 3777 374 3859 Capri
398 3777 484 3843 libris
508 3779 617 3843 ductae
641 3790 795 3861 apparent
833 3789 955 3862 praeter
979 3789 1121 3862 excerpta
1144 3779 1211 3842 lulli
1236 3780 1377 3862 Romani,
1406 3785 1437 3844 in

101 3885 213 3966 quibus
243 3883 326 3946 haud
349 3886 441 3950 dubie
470 3888 564 3951 carrlia
592 3886 705 3969 quibus
733 3905 842 3950 nomen
872 3889 1061 3969 grammatici
1090 3888 1275 3970 adscriptum
1305 3907 1365 3951 non
1391 3897 1437 3951 est

101 3993 137 4054 ab
161 4012 199 4055 eo
224 3992 383 4076 desumpta
408 4005 489 4078 sunt,
511 3999 543 4060 in
567 3999 674 4079 primis
697 3995 758 4058 lure
781 3999 936 4077 pertinent
960 4016 994 4060 ea
1018 4016 1095 4078 quae
1120 3997 1156 4060 de
1182 3979 1381 4061 declinatione
1406 4005 1437 4060 11

101 4101 137 4163 de
161 4097 328 4182 generibus
352 4104 508 4166 nominum
532 4106 643 4186 scripta
673 4114 745 4168 sunt
773 4107 804 4166 in
835 4105 922 4167 titulo
951 4106 988 4167 de
1013 4103 1256 4169 extremitatibus
1280 4107 1436 4167 nominum

101 4219 131 4272 et
159 4209 198 4272 de
227 4207 356 4271 dirersis
385 4209 613 4291 quaestionibus
640 4231 670 4294 p.
694 4210 869 4276 50-112.
914 4230 1002 4293 quem
1033 4212 1154 4276 titulum
1183 4211 1253 4274 ollm
1286 4211 1438 4275 Christius

101 4316 207 4380 Philol
234 4335 259 4378 r.
279 4315 372 4380 xvm
396 4337 424 4399 p.
447 4315 510 4382 169
535 4338 572 4381 ex
596 4318 681 4382 libris
705 4321 742 4383 de
763 4320 910 4383 latinitate
930 4331 1108 4402 excerptum
1128 4329 1159 4381 et
1177 4318 1237 4381 huc
1259 4319 1437 4383 translatum

102 4443 169 4488 esse
198 4427 338 4489 coniecit
382 4429 497 4490 rectius
525 4444 624 4506 nuper
647 4425 678 4488 C.
704 4428 740 4490 de
766 4427 925 4490 liorauski
954 4435 1093 4490 accurata
1122 4427 1159 4489 de
1188 4427 1243 4490 bao
1266 4437 1352 4509 parte
1377 4426 1436 4490 dis·

102 4537 258 4617 putatione
287 4533 389 4598 Herm.
420 4555 446 4597 v.
475 4533 515 4596 xl
544 4529 584 4618 (a.
614 4529 716 4620 1816)
745 4555 772 4616 p.
803 4532 869 4598 339
899 4555 963 4618 sqq.
993 4537 1091 4598 lantes
1125 4545 1155 4597 11
1188 4538 1437 4618 compositionem

105 4637 210 4706 eorum
234 4645 369 4706 omnium
399 4660 475 4723 quae
500 4661 537 4703 eo
560 4641 626 4703 loco
650 4644 763 4723 scripta
787 4653 858 4707 sunt
882 4644 1105 4706 demonstravit
1144 4643 1198 4705 sed
1221 4642 1295 4706 illud
1320 4655 1437 4708 certum

104 4763 159 4834 111,
182 4755 213 4814 in
234 4750 466 4834 quaestionibus
486 4752 641 4812 nominum
662 4749 832 4831 buic‘parti
852 4751 986 4830 adiectis,
1006 4767 1134 4830 quarum
1153 4770 1224 4833 pars
1239 4754 1270 4816 iu
1286 4757 1437 4835 excerptis

103 4857 172 4920 iulii
195 4859 322 4922 Romani
347 4861 476 4940 repetita
501 4868 562 4941 est,
586 4857 678 4920 multa
704 4859 800 4941 Capro
825 4859 937 4922 deberi.
976 4858 1103 4922 aliorum
1127 4859 1250 4941 quidem
1278 4871 1434 4924 arrotorum
