3602 5482
611 315 660 372 DE
680 313 976 372 ourflouunrffla
1033 340 1041 350 ·
1394 311 1461 378 285

123 427 146 466 p.
159 415 214 458 dm
229 416 256 457 P.

213 500 327 586 Procul
353 499 495 583 etlonge
519 501 632 566 dlcitur
656 511 687 566 et
709 522 820 587 prope,
844 496 956 586 (Vero.
976 507 1051 566 Aen.
1071 501 1107 562 Χ
1130 495 1216 587 777)
1241 497 1378 583 ‘clipeo
1402 518 1461 562 ex-

37 591 49 608 *
124 629 232 674 cussa
257 612 365 692 sagina
388 608 595 692 proculque
619 611 793 676 Amorem
818 606 1035 693 egregium’.
1282 598 1287 608 ’

214 716 386 780 Pertinacia
409 717 505 780 malae
528 721 575 782 rei
598 723 823 801 perseverantia
847 719 969 803 dicitur,
992 720 1161 782 constantia
1184 717 1289 782 bonae.

216 825 403 890 Percussum
427 844 555 908 corpore
580 825 725 910 dicimus,
748 826 924 910 perculsum
949 829 1057 890 animo.

95 959 108 1000 s
213 932 391 998 Periculum
415 934 450 996 ad
475 933 641 999 discrimen
662 938 811 1017 pertinet,
833 935 982 1020 periclum
1006 934 1042 997 ad
1066 936 1317 1017 experimentum.

215 1040 393 1106 Postulatur
416 1041 529 1124 aliquid
559 1041 700 1128 honeste,
726 1046 865 1126 poscitur
887 1041 1039 1125 improbe:
1069 1043 1177 1106 Cicero
1200 1046 1232 1106 iu
1261 1039 1460 1107 frumentaria

69 1223 72 1226 ,
122 1143 165 1233 (c.
188 1151 245 1227 34,
272 1145 330 1234 78)
355 1145 560 1233 ‘incipiunt
582 1149 791 1236 postulare,
813 1169 984 1234 poscere,
1009 1145 1166 1214 minari’.
1261 1230 1265 1238 Ι

214 1257 317 1322 Pubes
341 1279 411 1322 cum
440 1261 473 1322 iu
495 1262 663 1325 iuventutls
687 1261 905 1343 significatione
930 1269 961 1322 et
987 1259 1137 1340 lanuginis
1162 1270 1193 1324 et
1221 1263 1288 1324 eins
1310 1264 1407 1344 pertis
1429 1263 1462 1324 in

122 1387 183 1450 qua
210 1367 357 1451 pubertas
386 1377 434 1431 est
461 1371 594 1452 ponitur,
628 1368 719 1432 lardus
749 1367 839 1451 pubis
868 1368 956 1450 lacit;
988 1375 1019 1430 at
1048 1385 1119 1430 cum
1147 1378 1276 1432 centem
1305 1371 1463 1454 significat,

86 1499 111 1540 so
124 1477 218 1542 buius
245 1475 380 1560 puberis.
429 1495 486 1539 nec
516 1483 616 1539 tamen
644 1475 760 1540 adlecta
792 1456 1017 1559 praepositione
1045 1477 1174 1540 dicimus
1208 1477 1379 1562 inpuberis,
1408 1479 1461 1541 sed

123 1585 262 1668 inpubis:
286 1581 549 1668 ‘comitemque
572 1583 725 1667 inpubis
748 1579 835 1649 luli'
854 1584 1005 1667 Vergilius
1024 1577 1116 1667 (Aen.
1139 1579 1262 1670 7540)
1286 1586 1370 1650 dixit
1408 1587 1462 1650 sed

123 1693 233 1757 Cicero
256 1688 306 1778 (in
334 1695 422 1757 Cutil.
448 1693 524 1756 IIII
546 1693 576 1771 6,
600 1686 657 1778 13)
681 1697 723 1756 ait
745 1688 957 1775 ‘liliumque
983 1696 1062 1757 eius
1086 1689 1330 1776 inpuberem'.

215 1801 412 1866 Pulmentnm
435 1812 466 1865 et
488 1801 724 1884 pulmentarium
748 1801 875 1866 dicitur:
899 1802 1061 1876 namssato
1081 1801 1240 1886 Originum
1268 1803 1309 1866 111
1328 1800 1461 1868 ‘laser-

123 1915 270 1994 plceum
292 1929 358 1994 pro
381 1909 628 1993 pulmentario
652 1905 788 1994 babet',
810 1911 891 1973 idem
915 1905 1045 1974 ‘multo
1068 1911 1257 1993 pulmento
1281 1909 1364 1976 usi'.

86 2041 111 2082 n
215 2017 410 2101 Podagrosus
429 2037 446 2082 a
464 2019 597 2102 podagra
616 2019 737 2102 dicitur,
756 2017 809 2082 sed
830 2027 860 2082 et
878 2019 1059 2101 podagricus
1080 2038 1097 2082 a
1115 2019 1228 2102 pedum
1248 2024 1462 2103 aegrotatione.
1502 2033 1517 2062 ·

219 2126 387 2211 Pugillares
406 2136 438 2191 et
457 2127 623 2193 masculino
641 2145 753 2208 genere
768 2135 799 2189 et
819 2145 940 2209 semper
958 2126 1116 2210 pluraliter
1131 2129 1223 2210 dieas,
1241 2131 1311 2210 quia
1331 2129 1464 2211 pugillus

125 2243 173 2298 est
202 2237 254 2318 qul
282 2235 388 2320 plures
419 2235 536 2300 tabulas
563 2237 708 2299 continet.
752 2237 825 2298 item
848 2233 995 2298 Laberius
1025 2236 1056 2298 in
1086 2234 1241 2299 Piscatore
1270 2236 1464 2318 singtdnriter
1508 2237 1512 2244 '

126 2342 185 2406 boc
209 2345 340 2427 pugillar
363 2345 448 2410 dlxit

217 2452 316 2518 Parus
339 2456 407 2536 pari
431 2463 463 2518 et
486 2471 561 2537 peso
584 2455 718 2536 pavonis.

86 2583 112 2624 ao
219 2561 380 2627 Paniculae
403 2555 629 2647 spondemus
653 2574 772 2644 pannus
791 2572 852 2626 est:
874 2560 1010 2626 Lucilius
1035 2556 1272 2646 ‘subteminis
1294 2557 1464 2646 pannus’.
1591 2619 1597 2631 .

218 2669 401 2754 Paropsides
430 2672 575 2735 feminino
605 2687 717 2752 genere
746 2669 900 2753 dicuntur,
927 2687 944 2731 a
972 2668 1175 2752 pulmentario
1199 2669 1353 2755 videlicet,
1382 2671 1463 2754 quod

125 2769 220 2856 ὄψον
243 2787 359 2842 vocant

218 2885 379 2951 Palumbes
400 2885 548 2971 Vergillus
568 2881 682 2973 (bucol.
697 2888 728 2964 3,
745 2880 806 2972 09)
830 2886 975 2950 feminino
994 2905 1106 2970 genere
1126 2888 1210 2966 dixit,
1230 2883 1368 2951 ‘aeriae
1393 2907 1463 2972 quo

125 3012 350 3058 concessere
379 2990 596 3080 palumbes',
624 2994 678 3060 sed
709 2993 843 3058 Lucilius
872 2994 1036 3059 masculine
1062 2991 1297 3078 ‘macrosque
1326 2996 1463 3080 palum-

84 3124 110 3166 ss
124 3097 216 3166 bes'.
254 3102 349 3167 Vurro
378 3112 479 3167 autem
507 3106 539 3165 in
564 3102 679 3166 Scauro
707 3103 869 3185 palumbi
898 3103 986 3188 dicit,
1012 3103 1094 3185 quod
1125 3105 1315 3169 consuetudo
1342 3124 1463 3188 quoque
1595 3147 1598 3154 ·

128 3213 296 3295 usurpent.
1460 3200 1464 3209 ’

217 3319 343 3385 Pometa
366 3321 497 3386 dicimus
519 3320 573 3383 ubi
601 3339 689 3403 poma
713 3328 889 3404 nascuntur,
920 3328 954 3383 ut
978 3318 1099 3402 oliveta,
1128 3323 1262 3402 pomaria
1285 3331 1387 3385 autem
1410 3320 1464 3386 ubi

126 3439 296 3496 servantur.

219 3639 234 3689 t
255 3635 286 3690 et
300 3635 397 3706 priore
416 3633 474 3690 loeo
492 3647 544 3689 oss.
564 3630 593 3687 P
653 3629 768 3686 exclusa
786 3645 856 3685 corr.
876 3645 981 3687 excuss
999 3629 1027 3686 P
1088 3638 1104 3687 3
1125 3631 1229 3705 mdes]
1257 3632 1365 3689 multae
1385 3632 1414 3688 P

125 3713 249 3770 dicimus
268 3713 298 3770 P
355 3713 534 3772 concientiae
552 3711 645 3769 bonae
665 3709 735 3766 PM
793 3711 985 3782 dpericulum
1003 3719 1120 3786 utroque
1138 3714 1197 3770 loco
1216 3712 1295 3773 sPL
1355 3713 1464 3771 illalu-

125 3793 203 3868 ginis
222 3794 249 3850 L
321 3793 430 3852 elsim
449 3797 547 3868 portes
567 3791 720 3850 Psteins
740 3791 934 3862 Metpertis
953 3793 1002 3853 sL
1066 3793 1465 3854 tlseitstcumsLluoit

124 3879 160 3932 nt
185 3893 252 3932 cnm
276 3877 315 3932 M
336 3879 367 3933 et
389 3893 454 3933 oum
479 3875 507 3931 P
581 3879 615 3930 10
639 3871 797 3945 inpuberis]
821 3873 973 3945 inpuberes
999 3877 1038 3932 M
1116 3882 1150 3933 12
1173 3876 1307 3948 illiusque
1330 3875 1363 3930 P.
1392 3877 1465 3932 Men

125 3957 281 4028 exemplum
310 3960 466 4028 meent
490 3954 599 4030 Probus
623 3953 694 4011 cotlt.
719 3969 750 4024 p.
774 3957 824 4022 20,
848 3960 866 4011 5
889 3961 915 4012 st
941 3957 1108 4014 Priscianus
1131 3959 1150 4014 l.
1180 3956 1227 4013 VI
1244 3975 1276 4029 p.
1300 3961 1410 4028 250,3

127 4045 162 4094 13
182 4036 325 4110 originum
344 4036 432 4094 uidet
449 4035 532 4092 lesen
550 4033 666 4106 piceum
687 4033 725 4089 M
797 4041 831 4092 lt
853 4052 872 4093 s
894 4036 1023 4112 podagro
1049 4039 1081 4095 P.
1110 4037 1280 4110 spodugre
1305 4037 1377 4095 bene
1396 4036 1465 4094 diei-

124 4124 175 4177 tm·
194 4117 453 4189 etampes,
472 4120 509 4172 16
566 4120 599 4170 17
619 4115 1283 4191 connect-11··Singutsritsrhoepugiturc
1337 4119 1464 4191 singula·

125 4197 496 4273 riberi'dpugillnrdP
546 4195 1102 4256 noemma-memineo
1162 4200 1464 4271 panusutroqneloeo

124 4283 213 4340 codsa
233 4280 360 4338 Odusn'as‘s'
376 4297 408 4351 p.
427 4282 493 4344 106,
511 4281 543 4334 8-
605 4279 649 4333 eat
671 4280 705 4335 ub
724 4278 837 4337 lucilius
858 4279 896 4335 M
976 4279 1157 4353 subteminis]
1177 4279 1334 4337 substernis
1353 4279 1382 4334 P
1396 4279 1461 4336 sub·

124 4362 265 4438 tegminis
285 4363 325 4420 M
339 4361 410 4420 loris
429 4357 651 4433 subtegminiss
669 4358 831 4417 subbiminis
846 4362 931 4418 codes
946 4359 1072 4418 Oboss'ss's‘
1126 4377 1238 4432 penum
1256 4361 1424 4434 paropsides
1439 4360 1468 4416 P

125 4463 240 4519 pennus
263 4445 294 4501 eb
315 4441 546 4516 paropsidesM
566 4457 676 4512 pnunua
701 4443 745 4497 est
767 4440 938 4514 Pnropsides
963 4459 981 4502 ς
1054 4450 1086 4498 21
1114 4441 1189 4513 quod
1210 4444 1290 4498 ΟΨΛΙ
1314 4445 1421 4499 uomnt
1439 4441 1469 4497 P

126 4527 207 4601 quod
225 4526 330 4584 Graeci
346 4519 424 4596 duos
442 4523 592 4596 sppellsut
610 4519 757 4578 Charisius
773 4528 882 4593 p.106,
897 4529 933 4581 10
988 4529 1023 4580 13
1042 4522 1206 4595 Pelnmbes]
1230 4522 1417 4595 Pulumplebs
1438 4521 1467 4579 P

164 4607 236 4666 dicit
255 4607 285 4663 P
363 4621 465 4662 aereos
488 4603 517 4661 P
577 4601 645 4679 quo]
670 4602 748 4672 quod
767 4604 806 4660 M
868 4612 903 4663 tt
930 4607 1050 4664 sedasse
1070 4605 1100 4662 P
1168 4621 1335 4675 mncrosque
1354 4605 1464 4677 polum
1515 4619 1520 4627 ·

125 4691 178 4748 bes
197 4704 216 4750 s
235 4704 404 4760 mecumque
424 4686 576 4760 palumbos
599 4684 637 4740 M
640 4683 666 4738 L
683 4689 710 4740 et
728 4687 812 4742 codes
834 4686 960 4744 Obsessis·
976 4691 1157 4759 p.106,29‚
1179 4701 1332 4756 msoorque
1353 4686 1466 4758 pulum-

125 4771 179 4827 bes
200 4769 231 4826 P
300 4767 535 4842 toqu0d1qois
553 4765 582 4822 P
651 4771 685 4823 tt
706 4768 835 4840 Pomets]
855 4785 958 4840 pomos
977 4767 1006 4822 P
1074 4770 1107 4823 ut
1125 4784 1176 4825 oss.
1196 4767 1225 4822 P
1294 4773 1330 4824 28
1350 4785 1465 4826 seruan-

71 4869 73 4872 ·
125 4853 176 4908 bur
195 4867 282 4923 pomo
300 4848 329 4904 P
