3590 5486
368 359 437 428 258
982 359 1106 420 nunna

366 475 390 514 p.
405 463 467 505 ibib.
481 462 508 504 dd
522 461 549 503 1².

747 548 812 613 ubi
836 559 923 614 sunt
945 567 1032 632 opes
1056 557 1262 632 potentum,

747 658 883 741 quibus
905 675 1090 740 occupare
1114 667 1241 740 captas

746 770 885 832 animas
909 769 981 844 luit
1004 763 1196 850 voluptas?

609 942 671 1011 nn
695 942 848 1014 lmrno
874 905 1129 1014 unocumeo
1154 911 1456 1015 mantenano

467 1090 598 1158 hletrum
630 1093 818 1158 trochaicum
849 1103 1075 1179 tetrametrum,
1106 1095 1188 1178 qnod
1219 1113 1234 1156 a
1266 1095 1364 1177 poetis
1395 1095 1513 1176 graccis
1544 1103 1575 1157 et
1604 1091 1732 1156 latinisa

378 1205 613 1284 requentissime
637 1205 770 1286 ponitur,
793 1207 903 1288 recipit
927 1203 1103 1268 trochaeum
1127 1203 1203 1266 locis
1226 1201 1382 1286 omnibus,
1414 1203 1583 1286 spondeum
1608 1203 1704 1264 omni·

361 1307 419 1372 bus
442 1321 565 1393 praeter
589 1313 722 1376 tertium.
765 1313 863 1375 currit
886 1319 987 1374 autem
1011 1311 1136 1375 alternis
1159 1309 1333 1392 versiculis,
1364 1313 1403 1372 lta
1428 1319 1463 1374 ut
1485 1313 1571 1392 prior
1595 1309 1704 1374 babeat

361 1418 454 1500 pedes
478 1428 632 1504 quattuor,
659 1423 812 1502 posterior
840 1421 934 1502 pedes
964 1430 1027 1483 tres
1051 1429 1082 1482 et
1106 1419 1258 1501 syllabam.
1279 1421 1284 1496 1
1305 1417 1396 1481 buius
1420 1419 1593 1502 exemplum
1619 1429 1703 1482 totus

359 1535 407 1590 est
431 1526 561 1609 hymnus
585 1526 634 1591 ille
659 1527 898 1610 pulcherrimus,

740 1633 909 1718 hymnum
932 1633 1030 1698 dicat
1053 1633 1163 1698 turba
1187 1635 1359 1720 fratrum,
1499 1645 1507 1659 ·
1714 1651 1736 1688 10

739 1741 908 1825 hymnum
932 1753 1064 1807 cantus
1087 1753 1283 1826 personet,

741 1849 890 1914 Christo
914 1853 995 1932 regi
1018 1853 1266 1914 concinentes

741 1959 869 2022 laudes
892 1959 1023 2023 demus
1046 1957 1206 2043 debitas,

362 2070 392 2130 in
418 2087 478 2150 quo
503 2067 663 2151 aliqnando
687 2077 718 2131 et
741 2069 833 2131 tertio
857 2066 924 2132 loco
948 2070 1059 2151 prioris
1082 2067 1225 2130 versiculi
1248 2068 1417 2152 spondeum
1442 2071 1594 2152 reperies,
1620 2081 1653 2132 nt

402 2223 408 2234 .
743 2177 865 2239 iactor
889 2176 997 2260 caeli,
1021 2185 1144 2240 terrae
1168 2178 1290 2241 lactor
1718 2189 1742 2228 1⁶

362 2275 394 2328 et
1101 2277 1106 2286 “

673 2371 675 2376 ·
743 2355 867 2421 rerbIs
892 2355 1025 2440 pn'rgat
1048 2357 1174 2440 leprae
1198 2358 1358 2422 morbos.
1478 2443 1487 2456 .

797 2499 802 2509 ’
859 2502 937 2600 'nn
961 2532 1186 2603 nnnrmro

455 2682 535 2746 llaec
550 2683 587 2745 de
603 2683 709 2746 metris
726 2681 978 2745 eminentioribus
993 2701 1246 2746 commemorasse
1261 2684 1402 2767 sulllciat,
1416 2701 1548 2766 quorum
1564 2683 1700 2766 exempla

301 2864 307 2877 .
364 2793 538 2874 copiosiora
561 2790 640 2873 apud
668 2792 834 2872 scriptores
858 2791 1038 2853 invenimus.
1075 2799 1233 2872 praeterea
1257 2801 1330 2856 sunt
1351 2801 1449 2856 metra
1472 2791 1527 2855 alla
1552 2792 1705 2877 perplura,
1718 2803 1742 2842 ιι

365 2917 443 2981 quae
466 2901 498 2961 in
523 2897 609 2962 libris
629 2901 881 2962 centimetrorum
900 2896 1090 2980 simplicibus
1109 2907 1276 2963 monstrata
1294 2898 1441 2982 exemplis
1466 2901 1596 2983 quisque
1621 2901 1705 2982 eupit

367 3009 510 3090 reperiet.
543 3009 741 3092 reperiuntur
759 3006 906 3087 quaedam
926 3015 957 3068 et
976 3008 1008 3068 in
1027 3009 1139 3089 insigni
1161 3007 1211 3071 illo
1232 3007 1383 3072 columine
1402 3007 1563 3091 Porphyrii
1586 3019 1705 3091 poetae,

367 3134 427 3197 quo
447 3113 484 3176 ad
504 3113 736 3178 Constantinum
755 3115 924 3196 Augustum
944 3116 1038 3177 misso
1057 3119 1170 3180 meruit
1193 3116 1231 3178 de
1251 3115 1340 3179 exilio
1363 3115 1502 3200 liberari,
1521 3127 1615 3200 quae,
1635 3119 1705 3198 qula

280 3291 313 3307 .„
368 3241 483 3306 pagana
502 3230 601 3306 erant,
625 3242 681 3286 nos
700 3231 826 3303 tangere
845 3241 906 3285 non
929 3220 1028 3286 libuit
1065 3223 1187 3287 videtur
1205 3232 1309 3288 autem
1327 3223 1488 3306 rhythmus
1507 3227 1615 3288 metris
1634 3244 1702 3288 esse

367 3330 546 3414 consimilis,
576 3349 653 3413 quae
678 3339 725 3394 est
748 3327 912 3393 verborum
936 3329 1089 3396 modulata
1113 3333 1306 3416 compositio,
1335 3350 1396 3394 non
1428 3335 1556 3396 metrica
1579 3335 1741 3415 rationes

256 3449 259 3455 '
368 3441 421 3504 sed
450 3458 579 3504 numero
608 3439 788 3523 syliabarum
817 3437 854 3501 ad
883 3438 1029 3502 iudicium
1058 3442 1178 3504 aurium
1201 3443 1383 3524 examinata,
1415 3450 1450 3504 ut
1475 3449 1548 3504 sunt
1572 3443 1705 3504 carmina

370 3548 539 3631 vulgarium
563 3557 731 3630 poetarum.
770 3547 945 3629 etquidem
970 3546 1129 3630 rhythmus
1152 3568 1208 3631 per
1231 3569 1264 3612 se
1290 3552 1355 3612 sine
1380 3560 1478 3613 metro
1503 3568 1570 3613 esse
1594 3559 1706 3633 potest,

372 3665 506 3722 metrum
530 3674 601 3719 vero
626 3659 691 3719 sine
715 3654 856 3738 rbptbmo
881 3673 948 3718 esse
973 3675 1034 3718 non
1063 3664 1178 3740 potest,
1206 3658 1286 3738 quod
1316 3657 1461 3740 liquidius
1484 3659 1527 3720 lta
1551 3659 1707 3722 delinitur:

372 3775 502 3828 metrum
538 3772 584 3827 est
621 3767 698 3826 ratio
731 3783 802 3827 cunr
836 3763 1055 3847 modulatione,
1091 3763 1250 3846 rhythmus
1285 3743 1448 3828 modulatio
1482 3769 1548 3830 sine
1581 3769 1707 3831 ratione.

370 3874 551 3958 plerumque
581 3883 680 3936 tamen
705 3891 778 3936 casu
803 3871 933 3953 quodam
960 3873 1097 3935 invenies
1121 3874 1212 3946 etiam
1236 3875 1384 3937 rationem
1408 3875 1440 3935 in
1464 3873 1621 3957 rhythmo,
1646 3894 1705 3938 non
1720 3884 1743 3924 ³⁰

372 3983 481 4046 artifici
505 3981 711 4046 moderatione
736 3989 867 4063 serrata,
891 3979 944 4043 sed
969 3997 1043 4042 sono
1067 3989 1099 4042 et
1122 3981 1186 4062 ipsa
1209 3981 1414 4045 modulatione
1438 3981 1584 4067 ducente,
1616 4000 1707 4064 quem

464 4166 544 4224 anu
560 4161 689 4222 METRO
704 4162 915 4221 Taocttatco
931 4161 1187 4219 TETRAMETRO
1205 4163 1290 4234 Moli.
1309 4163 1410 4222 lireoth
1426 4169 1523 4233 59⁵,1
1579 4171 1615 4220 at
1632 4164 1708 4221 ride-

371 4253 420 4306 tur
438 4251 537 4305 autem
557 4278 590 4289 -
610 4253 644 4302 81
665 4245 860 4303 modulatione
880 4245 1001 4302 ducente
1021 4243 1124 4301 Victor.
1145 4244 1179 4301 de
1197 4249 1274 4304 metr.
1293 4251 1396 4314 206st
1414 4246 1525 4303 Audeo.
1541 4249 1659 4318 campi.
1672 4251 1706 4302 11

463 4417 480 4468 t
500 4411 636 4482 uoluptas
655 4408 708 4469 «Ρ
721 4408 857 4466 coluntur
877 4405 939 4462 FL
1027 4414 1044 4463 4
1063 4406 1105 4464 De
1124 4411 1216 4465 metro
1235 4407 1382 4465 trochaico
1400 4409 1569 4466 hemetre
1587 4405 1640 4468 ee
1659 4407 1708 4466 Dii

373 4492 504 4550 ultano
525 4489 737 4548 TROGHAIOO
757 4489 785 4545 L
803 4487 852 4546 DE
872 4486 1002 4544 METRO
1022 4486 1210 4545 unocmco
1230 4488 1262 4544 F
1326 4496 1341 4546 t
1363 4489 1451 4548 currit
1469 4484 1523 4548 ςΡ
1539 4489 1665 4546 monuit
1682 4489 1709 4545 L

374 4577 410 4629 eir
428 4572 460 4628 F
522 4573 641 4630 alteriue
661 4571 693 4627 F
756 4577 789 4628 10
809 4569 881 4626 dicit
899 4586 969 4628 corr.
990 4568 1068 4626 dicat
1086 4570 1118 4625 F
1188 4576 1222 4625 14
1240 4569 1271 4624 in
1290 4585 1346 4639 qao
1365 4568 1520 4640 aliquando
1539 4569 1593 4629 ςΡ
1608 4570 1639 4627 in
1658 4571 1710 4627 oli-

374 4653 488 4724 qnando
508 4653 540 4709 F
556 4654 713 4725 aliquando
732 4653 761 4710 1.
828 4657 861 4708 19
881 4651 917 4707 de
935 4651 1061 4709 metricis
1080 4651 1111 4707 F
1173 4658 1208 4707 att
1228 4650 1346 4707 mhsum
1365 4648 1392 4704 L
1457 4653 1493 4706 at
1511 4650 1661 4722 rhythmos
1681 4652 1712 4708 F

427 4742 461 4792 at
487 4736 616 4807 rythmos
639 4753 689 4808 per
713 4752 743 4792 ee
766 4733 829 4792 eine
851 4737 943 4792 metro
967 4748 1028 4790 esre
1051 4749 1109 4790 non
1134 4735 1231 4804 potest
1249 4733 1330 4801 (corr.
1351 4746 1413 4787 esse
1435 4731 1533 4801 poteri
1549 4736 1575 4786 et
1593 4731 1660 4789 add.
1678 4735 1710 4788 in

373 4833 461 4887 ororp.
473 4820 595 4872 metrum
604 4833 673 4874 uero
688 4816 749 4874 sine
764 4815 850 4871 ritmo
861 4830 923 4871 erse
933 4829 991 4870 aon
1004 4814 1111 4884 polest)
1126 4813 1204 4886 quod
1217 4811 1355 4882 liquidius
1365 4811 1398 4867 F
1450 4815 1485 4866 29
1496 4811 1627 4881 rythmos
1636 4815 1709 4869 ratio

355 4895 532 4954 modulatio
547 4897 608 4953 sine
622 4897 741 4966 ratione,
755 4898 803 4952 sed
817 4897 902 4953 deleto
917 4893 991 4952 ratio
1006 4893 1037 4949 F
1091 4895 1229 4954 boetiam
1244 4892 1353 4950 ratione
1369 4891 1400 4948 F
1451 4899 1486 4949 31
1502 4895 1646 4950 semeiam
1661 4893 1709 4954 sb
