3602 5482
599 313 650 370 DE
669 313 961 373 carnotanam
1380 317 1446 384 281

112 427 134 466 p.
149 416 211 458 1133.
226 416 253 458 aa
266 414 293 456 P.

111 501 193 583 quod
223 510 270 565 est
298 501 405 582 rumis,
429 499 477 564 bic
501 511 603 566 autern
626 510 675 565 est
698 495 850 588 σφόδρα,
878 501 959 584 quod
988 511 1035 566 est
1058 503 1152 568 valde.
1197 505 1251 568 sed
1280 504 1450 590 aliquando,

112 619 146 674 ut
174 599 251 690 dixi,
279 627 335 692 pro
365 627 403 671 eo
431 610 512 692 quod
540 620 588 673 est
616 611 699 675 valde
729 621 761 676 et
790 611 905 674 dictum
933 613 1105 676 invenimus
1133 621 1164 676 et
1192 613 1330 677 dicimus.
1365 613 1448 677 uode
1497 634 1500 639 ·

113 721 204 783 etiam
232 737 294 782 non
324 716 399 781 nulli
427 717 512 782 latini
540 718 661 784 codices
691 718 780 800 [uon]
809 718 922 784 habent
946 714 991 782 ‘tu
1020 722 1203 804 praecepisti
1234 721 1373 786 mandata
1398 732 1448 785 tua

113 821 440 907 custodire'[nimis]'.
496 879 499 886 .

74 946 87 988 ⁶
204 935 306 1000 Nooeo
325 935 434 1000 obsum
454 936 646 1000 incommodo
665 937 820 1002 malefacio
840 938 940 1003 oidcio
959 941 990 1002 in
1010 957 1070 1002 una
1090 940 1308 1022 significatione
1330 957 1447 1021 ponun·
1501 989 1518 1018 „

112 1055 172 1129 tur,
197 1045 278 1128 quod
302 1063 411 1127 graece
436 1046 548 1112 dicitur
571 1040 724 1131 ptumo,
748 1057 779 1111 et
802 1056 911 1111 cuncta
935 1047 1068 1112 dativum
1092 1065 1196 1111 casum
1218 1047 1352 1128 trahunt

203 1153 312 1218 Nullus
336 1165 383 1219 est
407 1164 468 1219 tarn
490 1158 523 1218 in
546 1174 580 1218 re
605 1174 695 1237 quam
717 1158 749 1218 in
772 1175 916 1241 persona,
940 1174 1029 1220 nemo
1052 1159 1084 1220 in
1107 1174 1238 1239 persona
1262 1155 1392 1239 dicitur,
1416 1165 1451 1220 ut

114 1283 151 1328 ne
176 1263 276 1327 bomo.

69 1432 77 1450 ,
204 1372 340 1457 Natales,
368 1373 398 1436 id
427 1385 475 1437 est
498 1374 683 1452 nobilitates,
713 1377 850 1459 nuptiae,
878 1393 989 1458 nonae,
1018 1394 1122 1458 nares,
1151 1373 1319 1457 nundinae,
1342 1390 1450 1455 nugae,

74 1491 100 1534 1⁰
115 1484 223 1546 ueniae
246 1482 374 1564 pluralia
398 1492 532 1547 tantum:
562 1491 593 1546 et
617 1501 671 1546 nar
695 1485 874 1547 invenimus.
911 1486 1018 1548 nenias
1038 1493 1139 1548 autem
1158 1483 1265 1548 dicunt
1288 1482 1448 1565 epitaphia,
1537 1489 1539 1492 ’

113 1590 143 1654 id
169 1599 218 1654 est
241 1594 374 1655 carmina
398 1611 475 1674 quae
499 1595 530 1656 in
555 1595 731 1656 memoriam
756 1602 947 1657 mortuorum
970 1595 1002 1656 in
1028 1592 1140 1656 tumbis
1164 1591 1350 1668 scribuntur.

204 1698 342 1782 Nequam
367 1711 398 1764 et
420 1721 516 1785 nugas
540 1705 639 1766 omnis
661 1703 783 1785 generis
807 1710 838 1765 et
861 1703 981 1766 numeri
1005 1711 1077 1765 sunt
1101 1711 1132 1765 et
1154 1719 1211 1784 per
1234 1720 1340 1766 omnes
1359 1719 1448 1766 casus

113 1805 270 1892 currunt!
291 1828 413 1893 semper
436 1810 602 1892 aequaliter
626 1809 720 1895 dicta,
750 1801 886 1892 quainvis
910 1812 1097 1894 Augustinus
1120 1810 1201 1875 dicat
1228 1829 1325 1893 nugae
1357 1829 1449 1894 nuga·

113 1934 184 1980 rum
208 1919 306 1999 nugis.
345 1917 448 1981 ierunt
471 1927 573 1981 autem
597 1918 677 2002 quod
702 1937 796 2002 nugas
824 1917 975 1982 hebraeus
1003 1937 1103 1983 sermo
1127 1920 1174 1983 'sit
1207 1929 1239 1984 et
1266 1919 1346 1983 idem
1371 1919 1450 2001 apud

75 2035 100 2078 ¹⁵
115 2043 169 2088 eos
193 2024 274 2108 quod
299 2026 378 2108 apud
403 2045 458 2089 nos
482 2027 646 2111 signiiicet,
668 2027 698 2090 id
724 2036 770 2091 est
793 2028 867 2091 levis
891 2037 922 2090 ei
944 2046 1052 2110 pravae
1077 2032 1187 2092 mentis
1210 2028 1359 2091 homines.

207 2133 284 2196 Novi
308 2136 388 2198 nosti
411 2137 495 2198 novit
518 2138 657 2198 novimus
681 2139 778 2200 nostis
802 2145 953 2200 noverunt
982 2137 1026 2200 'sic
1050 2135 1220 2202 declinatur
1243 2145 1274 2200 et
1297 2137 1451 2218 praesenti

114 2253 147 2306 et
169 2246 335 2326 praeterito
359 2243 508 2328 perlecto,
533 2247 583 2308 cui
607 2244 715 2308 similia
739 2252 811 2307 sunt
833 2243 884 2307 odi
908 2252 939 2307 et
962 2245 1094 2307 memini

206 2350 326 2415 Noceor
353 2355 474 2416 noceria
503 2361 587 2417 recte
616 2353 743 2438 dicitur,
779 2355 915 2435 quamvis
943 2351 1036 2436 aliqui
1063 2355 1250 2433 grammatici
1278 2363 1454 2416 asseverent

115 2480 178 2525 non
201 2459 314 2524 debere
336 2460 395 2524 dici
415 2480 537 2546 noceor,
561 2461 615 2526 aed
639 2468 768 2524 nocetur
787 2459 869 2522 mihi.
907 2478 1007 2542 neque
1027 2462 1108 2524 enim
1127 2460 1330 2544 Hieronymus
1353 2477 1451 2542 gram·

75 2577 102 2619 ²⁰
116 2572 297 2633 maticorum
320 2570 457 2653 regulam
480 2569 649 2654 ignorabat,
674 2573 727 2652 qui
750 2571 781 2632 in
804 2568 952 2652 propheta
971 2568 1092 2634 Abacuc
1112 2563 1153 2656 (c.
1173 2571 1206 2647 l,
1226 2564 1264 2653 2)
1288 2571 1329 2632 ita
1354 2559 1461 2664 trans-⁸

115 2681 198 2745 ierre
222 2699 283 2744 non
306 2681 424 2763 timuit,
447 2674 500 2742 ‘et
522 2698 593 2748 uon
618 2678 797 2761 salvabis,
820 2671 902 2740 dum
925 2670 1089 2740 nooeor'.
1176 2725 1184 2738 ,

207 2788 303 2853 Necto
327 2790 397 2852 nexi
420 2790 595 2872 praeterito.

208 2897 308 2962 Noctu
331 2899 477 2980 temporis
502 2907 548 2962 est
571 2896 761 2979 adverbium,
784 2903 875 2959 nocte
897 2912 1007 2958 nomen
1033 2903 1087 2958 est.

136 3061 139 3066 .
208 3005 335 3070 Nubant
362 3006 507 3070 lemicae:
540 3008 584 3072 vir
608 3007 689 3068 enim
716 3003 815 3088 ducit,
844 3003 953 3067 mulier
982 3003 1084 3088 nubit,
1112 3005 1181 3088 quia
1211 3004 1300 3087 pallio
1324 3006 1454 3072 obnubit

75 3129 103 3172 ²⁵
117 3124 211 3200 caput
233 3133 397 3198 genasque.
814 3128 815 3131 ’
1378 3115 1384 3126 “

209 3224 400 3308 Nongenios,
424 3243 485 3288 non
509 3233 682 3305 nungentos
706 3220 743 3284 ab
766 3240 884 3286 novem.

208 3332 345 3416 Nequam
370 3351 431 3396 non
454 3331 568 3396 malum
591 3331 755 3414 signiilcat,
779 3330 832 3392 sed
856 3329 1003 3394 inutilem.

208 3439 296 3504 Nubo
320 3443 424 3524 nupsi,
449 3443 586 3524 nuptiae:
614 3458 685 3504 cum
709 3438 818 3502 vocalis
843 3441 995 3522 sequitur,
1018 3437 1038 3500 b
1062 3438 1154 3503 debet
1176 3458 1257 3523 esse;
1281 3458 1352 3504 oum
1376 3461 1447 3506 con·

116 3568 244 3634 sonans,
267 3570 296 3632 p.

75 3675 102 3716 ao
209 3657 352 3723 Nascitur
367 3657 448 3740 quod
463 3668 550 3722 utero
565 3657 687 3742 decidit,
698 3659 851 3721 enascitur
866 3657 947 3739 quod
963 3656 1000 3720 de
1015 3666 1095 3720 terra
1106 3664 1159 3720 aut
1172 3655 1209 3719 de
1221 3675 1298 3738 aqua
1309 3662 1454 3741 exsurgit.

208 3765 290 3830 Nihil
309 3765 485 3831 adverbium
504 3779 565 3853 est,
588 3767 674 3831 nibiii
694 3785 813 3830 nomeu
851 3765 941 3828 homo
961 3767 1041 3828 enim
1066 3765 1179 3829 uirilius
1199 3768 1344 3830 momenti
1368 3768 1455 3832 nihili

115 3876 242 3939 dicitur.
604 3955 609 3964 Ι

208 3983 299 4047 Naris
314 3986 405 4047 unius
420 3988 493 4049 ratis
509 4004 618 4049 nomen
638 3993 699 4069 est,
717 3985 869 4062 navigium
884 3985 982 4044 omnis
997 3982 1121 4046 classica
1142 3983 1300 4064 proiectio.
1333 3985 1453 4048 naucle-

212 4220 226 4269 1
247 4230 323 4285 quaa
341 4215 386 4271 esi
403 4213 490 4270 nimis
510 4215 549 4270 M
619 4211 669 4283 qui
687 4211 772 4269 ualde
792 4211 821 4266 P
890 4211 940 4268 aed
960 4243 993 4254 -
1014 4210 1091 4282 quod
1109 4211 1154 4266 aab
1172 4209 1257 4266 valde
1276 4227 1327 4266 otu.
1347 4212 1386 4267 M

114 4293 422 4369 aquiescendeP
493 4293 737 4362 deiiamom.P
808 4291 1069 4353 inimieorusL
1143 4289 1383 4348 dmaleiloioM

115 4386 132 4436 9
152 4375 261 4436 nauus
279 4375 310 4433 id
328 4377 373 4434 esi
390 4375 525 4434 nobilitas
546 4376 584 4432 M
650 4374 767 4446 nuptiae
781 4405 817 4418 -
832 4373 1009 4447 scribonius]
1030 4369 1275 4444 nemas-pluralia
1294 4374 1407 4430 tanim
1425 4378 1455 4432 ei

115 4477 170 4516 nar
188 4457 351 4515 inamimns
369 4459 489 4531 nuptiae
507 4474 591 4514 nares
609 4456 708 4514 nemas
728 4487 762 4498 —
786 4457 949 4514 scribantur
968 4471 1058 4513 nonae
1077 4453 1221 4531 nundinas
1245 4470 1338 4526 nugae
1357 4454 1386 4509 P

117 4547 153 4598 10
177 4538 274 4612 neme]
298 4537 466 4614 neomeniae
490 4538 530 4593 M
601 4544 634 4593 il
661 4536 746 4610 quae]
773 4537 822 4608 qul
843 4537 871 4592 P
943 4544 982 4595 13·
996 4537 1074 4593 dicat
1092 4534 1141 4596 eL
1159 4535 1192 4590 dt
1214 4533 1243 4591 P
1257 4534 1361 4591 dixerit
1381 4537 1420 4593 M

117 4629 153 4678 14
173 4619 225 4692 qui
242 4635 334 4694 nagan
354 4618 382 4676 P
397 4635 453 4694 quq
471 4635 564 4691 nugas
585 4618 624 4673 Μ
640 4617 710 4688 quis
727 4635 818 4689 nugas
838 4619 889 4678 cb
952 4626 985 4676 1v
1006 4617 1055 4676 odi
1073 4614 1190 4672 memini
1210 4613 1240 4668 P
1298 4621 1332 4671 37
1352 4615 1454 4689 Neque

114 4718 174 4758 non
194 4701 232 4758 ad
249 4699 358 4757 malum
377 4698 521 4771 significat
539 4697 569 4754 P
619 4704 654 4756 28
674 4714 738 4754 cum
753 4701 906 4769 posteriore
924 4699 983 4760 loeo
1001 4715 1053 4754 mu.
1074 4697 1103 4752 P
1159 4701 1194 4752 30
1213 4695 1290 4766 qood
1309 4695 1358 4769 de]
1379 4716 1454 4768 qnae

115 4781 154 4838 de
176 4781 215 4836 M
231 4799 250 4854 q
268 4780 304 4839 da
324 4781 354 4837 P
412 4780 475 4854 aut]
495 4797 529 4837 uc
547 4779 597 4840 eL
662 4781 781 4852 exurget
800 4779 828 4834 P
897 4787 930 4836 31
950 4779 1034 4836 nihili
1049 4776 1201 4850 posteriore
1220 4775 1278 4831 loco
1296 4792 1348 4835 om.
1368 4778 1418 4837 en

116 4869 153 4920 33
173 4860 265 4920 Nauia
282 4861 366 4920 nnius
384 4860 467 4919 nauis
486 4861 555 4919 ralis
574 4861 603 4918 P
671 4859 832 4934 navigium]
851 4877 957 4918 nanum
978 4859 1007 4915 P
1078 4855 1240 4915 naniclerus
1259 4856 1288 4912 P
