3616 5482
330 317 396 384 114
902 279 1083 380 senonen

328 431 351 470 p.
365 421 426 464 2265·
441 423 468 464 8⁶
481 421 507 464 P.

324 507 427 570 incida
456 507 597 589 neglexit.
639 528 695 593 ego
724 519 825 575 autem
854 509 971 574 credidi
998 511 1072 574 haee
1095 507 1234 591 ambigua
1257 509 1418 594 aliquantis
1448 511 1559 597 rideri,
1591 513 1665 593 quia

328 616 402 679 mibi
429 615 560 681 obscura
588 619 765 703 frequenter
794 622 933 684 inissent
976 619 1012 682 ad
1043 629 1072 684 te
1101 621 1196 702 igitur
1222 619 1280 682 boo
1311 620 1492 702 opusculum
1520 620 1666 704 mittitur,

328 728 359 788 in
389 745 449 809 quo
478 725 630 791 laborabis
656 728 834 814 plurimum,
865 731 915 794 oui
938 747 1064 793 necesse
1088 737 1135 792 est
1163 728 1324 792 emendare
1348 731 1449 812 Ipsum
1471 731 1525 812 qui
1548 727 1664 811 aliquId

326 836 487 899 emendare
507 839 720 920 praesumpsit.
757 837 881 903 donabit
904 838 1003 902 divina
1025 840 1123 922 pietas
1147 847 1191 922 ut,
1214 840 1267 922 qui
1290 839 1439 921 seriptum
1462 857 1478 902 a
1502 847 1533 902 te
1556 837 1664 902 obser·

326 962 395 1008 vare
425 945 578 1030 volumus,
607 949 695 1009 ettam
724 949 947 1030 praescriptum
975 956 1062 1011 tunm
1093 965 1214 1012 serrare
1245 949 1406 1030 possimus.
1450 945 1514 1010 vale
1544 962 1696 1011 memoro

327 1057 439 1138 nostri,
462 1053 557 1117 decus
581 1063 612 1119 et
634 1052 819 1137 praesidium
843 1073 954 1120 meum

416 1165 583 1246 Agroecius
612 1181 681 1227 eum
705 1161 797 1226 latine
825 1161 943 1248 scribis,
975 1183 1030 1246 per
1054 1162 1262 1250 diphthongon
1286 1164 1495 1248 scribendum,
1522 1183 1599 1251 non,
1627 1173 1664 1228 ut

330 1274 453 1356 qnidam
477 1281 598 1358 putant,
621 1291 676 1356 per
699 1274 711 1335 i
733 1274 881 1356 AgricIus

418 1381 542 1446 Triceni
566 1382 603 1444 de
628 1383 767 1445 tricentis
790 1381 888 1467 dites,
911 1383 1022 1464 trigeni
1045 1382 1082 1446 de
1106 1386 1239 1466 triginta.

415 1494 553 1556 Accersit
576 1493 630 1574 qui
653 1502 767 1576 evocat,
790 1494 917 1556 arcessit
941 1493 994 1575 qui
1017 1501 1154 1572 accusat,
1178 1495 1258 1556 sicut
1281 1491 1388 1556 Cinern
1412 1486 1500 1556 ‘nun
1524 1493 1713 1573 capitisue

330 1595 549 1663 arcessere’.

416 1707 581 1791 Ecquando
604 1708 789 1793 increpando
812 1708 860 1774 vel
883 1711 1065 1793 inquirendo
1089 1712 1305 1794 interrogantis
1325 1708 1501 1773 adverbium
1520 1717 1575 1792 est,
1600 1705 1660 1788 [et]

327 1815 446 1899 quamn
467 1817 644 1900 simpliciter
664 1817 825 1901 loquentis.
859 1818 999 1882 simibter
1017 1837 1064 1904 en,
1083 1807 1154 1882 cuni
1172 1817 1323 1902 ostendis;
1343 1837 1401 1902 em,
1421 1837 1490 1882 oum
1504 1819 1661 1898 increpas:

327 1925 433 1990 Cicero
458 1921 527 1990 ‘em
551 1929 610 1990 oui
634 1934 718 1990 tuoe
741 1926 880 1990 liberos
905 1935 984 1991 tute
1008 1922 1248 1992 committas':
1270 1927 1358 2010 bem,
1382 1946 1451 1992 cum
1475 1926 1561 1991 dolor
1584 1927 1661 1988 irem

328 2036 468 2120 moverit,
491 2043 543 2099 aut
566 2054 637 2099 cum
660 2036 816 2100 admiratio
840 2036 887 2099 vel
911 2038 1052 2118 cogitatio
1077 2045 1242 2119 stuporem.
1678 2051 1710 2092 ιι

421 2144 555 2207 dcerrus
579 2144 673 2208 moles
697 2154 757 2230 est,
781 2142 909 2208 acerbus
932 2133 1104 2208 inmaturus
1128 2153 1158 2207 et
1181 2163 1279 2227 asper.
1317 2145 1438 2230 Segnis,
1461 2147 1597 2228 insigms.

386 2235 393 2242 ’
417 2251 540 2317 Abitum
564 2255 629 2318 sine
652 2254 836 2337 aspiratione
860 2252 899 2315 de
923 2251 1066 2317 abscessu
1097 2252 1221 2338 scribis,
1248 2252 1384 2317 habitum
1412 2251 1451 2316 de
1478 2256 1590 2316 vestitu
1614 2250 1661 2314 vel

326 2371 414 2445 gestu
438 2361 643 2444 membrisque
667 2361 803 2426 dicimus.

419 2470 505 2533 Siout
533 2465 666 2553 ‘primus
695 2489 712 2534 e
740 2465 860 2534 multis'
892 2479 925 2533 et
956 2464 1058 2553 ‘prior
1086 2489 1102 2533 e
1130 2466 1282 2555 duobus',
1314 2474 1357 2534 ita
1389 2478 1562 2554 postremus
1590 2469 1661 2548 ide

327 2578 431 2643 multis
456 2589 486 2642 et
507 2581 661 2661 posterior
683 2579 721 2642 de
746 2576 865 2642 duobus
888 2589 928 2652 et¹
942 2578 1019 2642 alter
1042 2578 1080 2642 de
1103 2578 1223 2644 duobus
1246 2580 1368 2663 dicitur,
1391 2579 1467 2643 ebus
1490 2578 1528 2642 de
1548 2577 1661 2641 multis.
1679 2594 1712 2635 eo

418 2685 477 2750 Vae
496 2689 669 2752 interiectio
688 2687 819 2752 dolentis
838 2697 893 2772 est,
917 2706 952 2750 ve
972 2689 1147 2751 coniunctio
1166 2687 1366 2752 subiunctiva.
1404 2689 1572 2772 praemium
1592 2703 1662 2749 cum

682 2845 719 2888 nt

421 2909 434 2956 I
451 2915 505 2973 ego
520 2896 628 2971 antem]
642 2897 705 2972 Ego
719 2900 774 2958 hoo
790 2898 815 2956 0
867 2898 1035 2973 sliqnautis]
1051 2897 1168 2970 aliquan
1182 2897 1220 2954 M
1272 2898 1343 2970 qnia
1355 2897 1428 2954 mibi
1443 2927 1477 2941 -
1494 2897 1614 2954 fniment
1627 2896 1668 2952 M

329 2997 403 3053 qnae
421 2981 493 3038 mibi
512 3013 546 3024 -
564 2981 759 3038 fueruntne
847 2987 864 3038 7
885 2980 1064 3055 opusculum]
1092 2998 1164 3053 opas
1183 2978 1241 3035 ΒΟ
1330 2986 1347 3036 3
1370 2979 1476 3050 inquo
1495 2996 1546 3038 orn.
1567 2978 1592 3036 0

328 3071 473 3130 laborabis
498 3069 654 3144 plurimum
674 3059 731 3145 s'p'n
756 3073 862 3130 laboris
886 3072 1042 3145 plurimum
1060 3071 1090 3126 Β
1179 3067 1288 3144 ipsum]
1308 3087 1374 3127 enm
1392 3068 1452 3127 Bc
1540 3075 1558 3124 4
1580 3083 1664 3141 prae-

328 3153 439 3225 sumpsi
458 3153 496 3209 M
586 3153 636 3225 qni
656 3152 743 3210 etiam
766 3155 904 3226 seriptum
929 3171 947 3210 a
969 3156 999 3210 te
1018 3154 1168 3211 obseruare
1188 3153 1320 3210 nolumus
1336 3151 1498 3238 ipolnimns
1515 3150 1555 3221 Β)
1575 3150 1665 3206 etiam

328 3244 539 3315 praescriptum
562 3245 644 3301 tuum
668 3262 781 3302 semare
805 3244 945 3317 possimus
971 3243 1032 3300 ΒΟ
1143 3249 1159 3300 5
1183 3241 1250 3300 uale
1273 3241 1375 3300 INOIP
1395 3238 1665 3298 OBTOGRAPIHA

331 3324 509 3383 senonen
526 3325 716 3383 RETHORIS
735 3326 892 3399 Agroetius
907 3329 936 3381 et
952 3343 1016 3382 enm
1034 3326 1125 3382 letina
1140 3323 1246 3381 scribas
1260 3323 1288 3379 B
1307 3324 1373 3381 nale
1392 3323 1531 3380 INCIPIT
1551 3321 1664 3378 ΟΒΤΟ-

329 3404 496 3463 GRAPIIIA
515 3403 682 3462 EIUSDEM
700 3407 853 3479 Agroetius
868 3424 933 3465 cnm
947 3408 1037 3466 latine
1051 3403 1200 3464 scribasO
1255 3411 1270 3461 7
1290 3405 1443 3478 Agroetius
1457 3405 1532 3461 mont
1545 3403 1664 3474 (Agroe-

329 3483 480 3544 eins·siout
498 3490 528 3544 et
547 3487 645 3560 Sarte.)
665 3488 742 3560 apud
760 3505 859 3561 grecos
877 3490 1012 3547 scribitur
1032 3507 1097 3546 cum
1111 3487 1251 3561 diptongo
1265 3487 1447 3544 scribendum
1461 3486 1529 3558 qnia
1547 3500 1664 3556 meam

330 3585 434 3625 nomen
448 3573 501 3627 est
529 3571 650 3644 siagrius
664 3586 732 3628 aero
747 3571 854 3643 absque
870 3571 1017 3643 diptongo.
1040 3569 1153 3628 Triceni
1167 3571 1253 3626 codes
1265 3569 1419 3626 Bereunsia
1432 3573 1488 3625 330
1502 3572 1528 3623 et
1542 3565 1664 3636 Surger-

330 3653 472 3708 manensis
490 3657 565 3709 1180
616 3657 621 3667 '
638 3652 792 3724 Agroetius
811 3669 876 3709 oum
895 3651 984 3708 latine
1003 3649 1110 3707 scribes
1131 3651 1170 3706 M
1254 3667 1306 3721 per
1324 3650 1495 3722 diptongnm
1513 3663 1547 3704 ne
1567 3643 1591 3701 0

330 3737 347 3786 8
366 3748 418 3804 per
435 3751 454 3804 y
474 3733 611 3806 Agrytins
631 3731 701 3788 ΜΒ
708 3732 732 3789 G
840 3742 856 3790 9
880 3731 1001 3789 Treceni
1025 3731 1060 3788 de
1084 3730 1218 3788 trecentis
1238 3731 1345 3804 trigeni
1363 3730 1399 3788 de
1417 3727 1545 3801 tregintn
1568 3726 1593 3782 0

332 3819 365 3869 10
384 3830 441 3870 non
461 3813 564 3885 capitis
582 3814 731 3871 arcessisse
749 3813 798 3870 nei
816 3829 958 3870 arcesmre
976 3810 1036 3867 Bo
1051 3829 1102 3869 nos
1120 3811 1223 3883 ospitis
1242 3829 1383 3870 arcessere
1399 3829 1436 3884 p:
1456 3811 1512 3868 Gis.
1524 3827 1555 3882 p.
1570 3811 1663 3867 Deiot.
1750 3847 1757 3858 -

329 3901 375 3964 11,
385 3899 423 3952 30
479 3901 511 3951 12
527 3895 694 3952 adverbium
708 3913 760 3952 oea.
772 3895 832 3952 Bo
885 3901 918 3951 18
934 3893 1067 3950 similiter
1081 3893 1156 3950 enim
1171 3911 1236 3950 cum
1251 3895 1377 3952 ostendis
1392 3911 1427 3952 en
1442 3912 1507 3952 cnm
1521 3892 1665 3964 increpas:

331 3977 429 4035 Cicero
449 3995 485 4034 en
503 3975 550 4032 eui
567 3978 600 4032 eu
619 3993 732 4048 qnoque
756 3975 847 4034 Iibere
865 3977 972 4034 liberos
991 3979 1053 4032 tute
1072 3975 1234 4032 committas
1253 3976 1408 4034 homocum
1431 3975 1513 4033 dolor
1536 3990 1553 4034 ς
1581 3973 1664 4029 sImi-

329 4058 396 4116 liter
419 4076 455 4116 en
479 4075 544 4114 oum
568 4058 707 4128 ostendis,
736 4057 835 4117 Cicero
858 4076 894 4116 en
918 4058 964 4116 oni
992 4060 1056 4115 tuos
1087 4055 1193 4114 liberos
1215 4059 1278 4114 tute
1301 4059 1477 4116 committas:
1505 4057 1575 4114 item
1599 4073 1665 4113 cnm

331 4141 449 4211 doiorp
525 4147 559 4197 14
578 4156 624 4196 em
644 4139 701 4213 oni]
723 4137 778 4197 Gir.
798 4142 831 4195 ies
855 4139 933 4196 Vm.
952 4145 1004 4196 oei.
1024 4154 1074 4194 sec.
1095 4137 1117 4193 I
1133 4143 1180 4209 37,
1194 4145 1231 4197 93
1305 4143 1370 4197 tuos
1388 4140 1449 4197 BG
1463 4144 1496 4198 tu
1515 4144 1556 4212 q‘q
1576 4141 1614 4196 M

331 4221 449 4294 liberos]
467 4222 578 4280 leberos
596 4222 625 4278 Β
697 4221 770 4278 iram
790 4221 977 4278 commonerit
994 4221 1023 4276 Β
1103 4226 1136 4278 16
1156 4222 1246 4279 moles
1264 4225 1310 4279 ert
1326 4222 1408 4279 Beda
1423 4240 1453 4294 p.
1472 4226 1560 4291 2777,
1580 4221 1665 4278 molis

331 4304 375 4359 est
396 4304 433 4359 Μ
450 4303 634 4373 manauere.
655 4307 709 4373 ·es)
729 4303 777 4359 nel
800 4302 929 4358 cumulus
949 4301 1073 4359 Omolis
1092 4304 1136 4358 est
1155 4302 1202 4358 nel
1221 4302 1296 4360 mole
1314 4303 1342 4358 Β
1433 4302 1593 4360 inmaturus
1616 4301 1666 4358 nel

331 4399 414 4455 asper
427 4384 456 4440 Β
512 4384 614 4457 Segnis
632 4383 753 4457 insignis
768 4381 796 4437 B
816 4382 917 4454 Segnis
933 4425 1067 4442 ........
1086 4386 1178 4454 spatio
1197 4390 1256 4441 octo
1275 4386 1432 4441 litterarum
1449 4385 1483 4440 ise
1500 4385 1556 4454 pirre
1569 4401 1665 4442 sermm

331 4467 427 4523 relicto
443 4465 487 4536 M,
508 4463 609 4536 Segnis
624 4464 743 4536 insignis
757 4465 907 4521 dicendum
925 4463 948 4519 C
965 4464 1060 4536 segnis
1074 4464 1121 4520 nel
1140 4465 1265 4536 insegnis
1283 4465 1319 4520 de
1338 4465 1420 4538 pigro
1439 4464 1486 4522 nel
1504 4482 1562 4523 non
1580 4465 1664 4537 pigro

332 4547 517 4603 dicendume
594 4553 625 4602 li
647 4547 763 4602 abcessu
785 4547 823 4600 M
896 4551 928 4602 18
948 4549 1032 4617 gestu
1051 4547 1242 4603 membrorum
1262 4563 1326 4602 oum
1346 4546 1520 4617 aspiratione
1540 4547 1587 4604 Sic
1605 4547 1665 4619 pri·

333 4647 396 4686 mus
415 4629 451 4686 de
470 4629 569 4685 moitis
589 4627 613 4684 0
685 4633 719 4683 19
739 4624 825 4699 sieut]
846 4625 887 4682 sio
905 4625 933 4681 B
1006 4626 1084 4699 prior
1103 4645 1138 4684 ex
1157 4627 1266 4683 dnobus
1288 4625 1325 4682 Μ
1388 4628 1430 4683 ita
1448 4631 1608 4698 postremus
1627 4628 1665 4686 de

332 4710 431 4767 multis
451 4713 481 4766 et
499 4709 639 4783 posterior
657 4727 673 4766 e
692 4709 803 4767 duobus
821 4711 854 4764 ie
872 4708 956 4762 initio
971 4711 1096 4778 paginae
1114 4711 1260 4780 repetitum
1278 4714 1316 4765 eet
1334 4709 1367 4764 in
1387 4709 1425 4763 Μ
1496 4715 1532 4766 70
1550 4711 1581 4766 et
1598 4715 1665 4766 anic

333 4791 473 4866 posterior
491 4797 517 4847 et
535 4797 599 4848 ante
617 4791 691 4848 alter
709 4807 761 4848 om.
780 4791 840 4846 ΒΟ
919 4789 1059 4860 posterior
1078 4809 1093 4847 e
1113 4795 1192 4863 (corr.
1213 4793 1249 4848 αἰ.
1269 4807 1303 4848 m.
1324 4790 1359 4846 de
1378 4788 1416 4861 Β)
1436 4790 1546 4848 dnobus
1566 4791 1605 4848 M
1607 4791 1670 4848 ΒΟ

370 4879 403 4932 21
425 4877 469 4931 est
486 4879 548 4946 post
567 4873 691 4931 dolentia
710 4891 761 4932 oen.
783 4874 828 4943 M,
847 4873 912 4930 add.
931 4871 986 4928 Bc
1038 4873 1197 4944 proemium
1217 4891 1281 4930 oum
1301 4871 1466 4946 (aeneide)
1486 4871 1669 4947 diptong00
