3590 5486
352 345 420 414 2Ίο
955 347 1080 408 smoth

352 459 374 499 n.
388 449 450 492 aras.
463 449 491 492 sc
505 449 530 493 a.

443 534 591 600 Delictum
606 546 765 620 peccatum
780 537 900 622 aliquod
914 537 1054 623 dicimus,
1063 537 1215 602 delectum
1230 538 1353 604 militiae
1366 549 1419 605 aut
1433 539 1562 606 alicuius
1577 542 1684 603 erami-

353 644 402 707 nis
424 642 605 708 electionem
628 645 854 729 appellabimus
898 666 967 711 nam
991 655 1023 711 ct
1050 647 1135 730 diligi
1162 647 1331 714 allectionis
1362 659 1422 736 est,
1450 649 1540 732 deligi
1574 649 1684 714 ludicii.

444 750 576 818 Daemon
599 771 656 838 per
678 753 888 839 diphthongon
911 755 1075 841 noundus,
1098 755 1175 820 deus
1198 773 1254 840 per
1278 775 1294 820 e
1319 757 1422 822 solam.

443 858 606 927 Damnatus
625 872 656 928 et
679 862 818 929 addictus
837 875 868 928 et
891 863 1062 930 absolutus:
1085 863 1235 948 Vergilius
1259 859 1352 952 (Aea.
1367 865 1440 930 XII
1457 861 1540 951 727)
1565 861 1685 948 ‘quem

351 969 496 1036 damnet
519 966 649 1054 lohor',
671 973 703 1036 id
725 981 773 1037 est
796 973 893 1038 rhtus
917 991 972 1038 sua
994 972 1128 1038 ahsolrat
1151 981 1203 1036 aut
1226 974 1373 1037 rictorem
1397 973 1521 1058 lactati
1719 991 1734 1032 s

444 1077 563 1143 DoDum
586 1095 642 1162 per
665 1082 675 1144 l
699 1079 909 1160 scribendum,
933 1099 995 1146 non
1019 1081 1139 1146 doleum
1163 1099 1220 1164 per
1243 1099 1269 1144 e.

443 1184 570 1250 DDectio
594 1196 625 1252 et
652 1188 744 1272 dngo
772 1191 861 1272 peri
891 1199 922 1254 et
951 1209 1028 1274 quae
1052 1189 1244 1254 declinantur
1273 1190 1336 1252 sire
1365 1185 1541 1254 derivantur
1565 1211 1604 1255 er
1633 1192 1686 1276 his,

352 1294 513 1360 delectatio
537 1306 568 1360 et
591 1295 726 1360 delector
749 1307 782 1360 et
806 1317 883 1380 quae
907 1298 1100 1364 dechnantur
1122 1317 1159 1362 er
1183 1299 1229 1361 eis
1251 1315 1309 1380 per
1331 1315 1348 1360 ε
1373 1296 1541 1362 scribenda.
1639 1319 1643 1324 ’

443 1403 631 1470 Domuucula
654 1405 857 1484 conclavium,
881 1407 989 1471 domus
1012 1405 1214 1490 domicilium,
1237 1403 1343 1468 nidum
1366 1406 1438 1468 aris.

444 1512 600 1578 Descendo
615 1521 734 1577 montes
749 1513 850 1578 dicere
865 1523 963 1600 potes,
976 1515 1005 1578 id
1022 1524 1070 1578 ast
1083 1532 1140 1599 per
1154 1522 1274 1578 montes
1288 1512 1335 1576 rel
1349 1513 1380 1576 in
1396 1521 1525 1598 montes,
1535 1514 1686 1578 descendo
1706 1535 1734 1573 ιο

353 1619 448 1684 εεειεε
472 1631 524 1684 εει
556 1621 717 1705 piscinam,
741 1621 773 1684 id
796 1630 844 1686 cst
871 1642 927 1706 per
950 1623 1046 1687 scalas
1069 1632 1101 1686 et
1123 1641 1180 1705 per
1202 1623 1357 1706 piscinam.
1400 1621 1563 1704 degredior
1586 1634 1687 1686 monte

224 1715 232 1729 ’
353 1729 483 1792 dicimus
506 1735 589 1790 recte
614 1735 645 1791 et
668 1728 873 1810 significamus
895 1731 933 1794 dc
957 1739 1069 1794 monte.

445 1836 618 1901 Discrucior
642 1845 674 1901 et
696 1838 819 1902 crucior
841 1839 934 1902 animi
958 1847 990 1903 ει
1012 1840 1113 1902 animo
1137 1846 1168 1902 et
1191 1841 1334 1904 animum.

445 1945 546 2010 Decus
569 1945 709 2029 honoris,
732 1945 825 2010 decor
848 1946 963 2011 iormoe
987 1955 1043 2012 est

445 2053 574 2117 Deliciae
599 2064 630 2118 ει
652 2052 773 2118 divitiae
797 2073 858 2121 non
880 2056 995 2121 habent
1018 2074 1179 2120 numerum
1203 2056 1396 2139 singularem.
1467 2115 1471 2122 .
1704 2074 1732 2116 ιε

445 2159 593 2226 Densrlus
611 2162 703 2226 latine
722 2163 880 2227 masculini
898 2167 1021 2248 generis
1040 2173 1101 2250 est,
1120 2163 1266 2228 denarlcn
1285 2182 1393 2247 graece
1413 2165 1523 2228 neutri.
1555 2163 1689 2246 dialogos

354 2287 478 2353 graece,
501 2269 664 2352 disputatio
687 2269 788 2334 latine.
825 2270 929 2336 drama
952 2291 1061 2356 graece
1084 2273 1187 2336 neutri
1209 2275 1345 2358 generis,
1368 2271 1459 2336 latine
1484 2271 1593 2336 iahula.

447 2378 615 2444 Defunctus
639 2398 708 2443 cum
733 2382 847 2462 scripto
871 2380 1025 2466 dividitur,
1048 2401 1066 2444 c
1089 2382 1230 2463 sequenti
1252 2380 1381 2464 syllabae
1405 2380 1566 2464 iungenda.

446 2485 603 2572 Didymus,
621 2487 652 2550 id
672 2497 720 2552 est
737 2491 886 2574 geminus,
904 2493 1002 2573 prima
1021 2487 1133 2571 syllaba
1151 2507 1208 2572 per
1226 2491 1251 2574 i,
1269 2490 1403 2553 secunda
1418 2509 1478 2584 ¹per
1497 2509 1515 2572 y
1534 2489 1689 2554 scribitur.

411 2649 415 2656 .
448 2594 696 2680 Deliramcntum,
724 2615 784 2659 non
813 2597 1067 2675 deleramentum,
1095 2599 1164 2678 qula
1193 2617 1210 2660 a
1239 2595 1332 2660 verbo
1360 2597 1432 2682 liro,
1459 2598 1491 2662 id
1519 2608 1567 2662 cst
1595 2598 1690 2684 sulco,
1704 2617 1734 2656 so

356 2707 505 2787 originem
528 2703 634 2787 trahit3
658 2713 689 2769 et
711 2708 793 2769 sicut
815 2707 922 2792 hores,
945 2724 1015 2771 cum
1038 2715 1159 2770 arecto
1179 2706 1317 2770 sulcandi
1337 2716 1407 2769 actu
1431 2705 1593 2790 declinant,
1616 2705 1690 2770 deii-

356 2833 425 2878 rare
450 2813 604 2896 dicuntur,
627 2814 672 2877 sic
696 2822 727 2877 et
750 2814 888 2879 homines
911 2817 965 2898 qui
988 2813 1025 2878 de
1049 2814 1137 2878 honis
1160 2813 1197 2877 ad
1222 2814 1298 2878 mala
1321 2814 1413 2878 corda
1436 2814 1607 2878 devertunt.

448 2920 634 3005 Diluculum,
657 2940 719 2985 non
743 2922 931 3009 deluculum,
956 2927 1026 3006 quia
1049 2922 1197 2987 modicam
1221 2922 1282 2986 diei
1305 2922 1406 2988 lucem
1428 2923 1571 2988 ostendit

448 3028 638 3093 Desiderium
657 3039 706 3094 εει
723 3049 828 3094 rerum
847 3031 1018 3096 absentium
1039 3041 1070 3096 et
1089 3032 1223 3095 nondum
1243 3031 1428 3114 adoptarum,
1444 3031 1691 3112 concupiscentia

358 3149 567 3220 utrorumque.
605 3141 864 3222 concupiscuntur
892 3143 973 3204 enlm
1003 3159 1081 3222 quac
1108 3139 1259 3205 hahentur
1282 3149 1314 3203 ει
1338 3157 1416 3221 quae
1440 3157 1502 3202 non
1521 3138 1690 3208 habentur.
1704 3157 1731 3199 aa

357 3267 426 3311 nam
455 3248 697 3330 concupiscendo
726 3248 838 3311 fruitur
871 3248 961 3312 homo
990 3247 1083 3312 rebus
1112 3267 1187 3330 quas
1221 3246 1323 3330 hahet,
1357 3245 1559 3310 desiderando
1587 3255 1690 3311 autem

358 3355 493 3420 absentia
517 3358 715 3441 concupiscit

262 3485 267 3492 ·
347 3523 354 3533 ,
448 3465 530 3530 Dure
553 3465 689 3547 regulae,
713 3465 830 3529 duriter
854 3465 1042 3546 antiquitatis
1066 3473 1121 3527 cst

335 3643 340 3655 ,
449 3573 517 3638 Dito
541 3581 571 3637 ει
595 3572 688 3637 divito
712 3573 792 3638 idem
816 3582 847 3637 et
868 3571 1035 3655 locupleto,
1058 3589 1165 3654 graece
1189 3570 1365 3649 πλευτίζω.

449 3682 579 3748 Decurio
603 3683 757 3747 decuriati
779 3680 961 3745 et‘decumo
985 3681 1143 3745 decumani
1165 3699 1262 3744 unum
1286 3691 1347 3765 est,
1370 3698 1477 3764 graece
1502 3677 1642 3746 decursi.
1703 3700 1730 3740 sn

449 3791 607 3854 Dimittere
636 3802 684 3854 cst
710 3789 936 3874 derelinquere,
969 3789 1128 3854 demittere
1157 3789 1300 3853 deorsum
1330 3791 1466 3872 mittere,
1498 3788 1581 3852 relut
1610 3785 1690 3874 (Iob.

358 3899 411 3978 38,
437 3894 474 3984 d)
499 3895 600 3982 ‘quis
624 3899 772 3962 demisit
794 3897 950 3981 lapidem
974 3898 1187 3980 ungularem
1213 3893 1331 3962 eius?'

358 4023 577 4036 —n——n-—n

433 4073 606 4148 luliqnidP
656 4073 799 4130 delectum
809 4071 929 4128 militine
938 4071 1079 4142 (malitias
1089 4073 1131 4142 P)
1143 4073 1198 4128 PL
1208 4071 1345 4130 dilectum
1361 4069 1483 4128 militiae
1499 4071 1539 4128 Μ
1591 4072 1690 4130 Delec-

359 4144 654 4231 lioneoppellt'tnimns
666 4152 1059 4224 Pelectionsmsppellamns
1072 4154 1135 4211 ML
1182 4153 1284 4227 deligi]
1295 4152 1391 4226 delegi
1401 4151 1466 4208 ML
1519 4154 1690 4210 tnotaodns

360 4244 404 4298 εει
418 4240 457 4296 Μ
504 4239 595 4298 'taire
609 4235 775 4294 derivantur
789 4265 822 4276 -
837 4233 1044 4292 hdsclinantur
1057 4235 1147 4292 orn.L
1197 4234 1398 4292 sconclsnnm
1412 4233 1451 4289 Μ
1501 4239 1534 4289 10
1549 4233 1690 4291 descendo

221 4351 226 4361 ·
360 4322 445 4380 scalis
459 4325 510 4379 snt
527 4319 667 4393 piscinam
686 4333 769 4374 mane
787 4315 818 4372 id
836 4317 881 4371 est
900 4315 928 4370 P
981 4321 1014 4372 ιι
1033 4319 1110 4374 recta
1130 4316 1171 4389 st]
1190 4316 1322 4374 recedere
1338 4314 1367 4371 P
1421 4321 1456 4371 ιι
1474 4316 1506 4371 ει
1524 4312 1649 4370 donitiae
1664 4313 1693 4370 P

415 4407 450 4460 18
468 4401 625 4460 Defunctum
642 4429 677 4442 -
696 4396 840 4470 iungenda
858 4396 908 4453 hoc
927 4397 985 4454 ioco
999 4399 1101 4455 omisso
1111 4403 1176 4469 post
1189 4401 1224 4452 ts
1240 4394 1368 4454 ostendit
1379 4395 1461 4452 babet
1476 4393 1505 4448 P
1567 4411 1648 4451 coar.
1663 4395 1692 4451 P

415 4484 543 4558 syllabas
557 4486 602 4540 εει
614 4481 789 4554 iungendum
803 4480 843 4537 Μ
895 4485 927 4536 ts
942 4479 1077 4536 scribitur
1091 4480 1119 4535 P
1129 4477 1279 4538 scribenda
1294 4478 1332 4533 Μ
1335 4475 1363 4531 L
1420 4479 1455 4530 20
1469 4475 1689 4534 deliramentum

360 4585 418 4625 non
428 4565 653 4624 deleramentnm
663 4562 713 4624 Ls
727 4561 942 4620 diliramsntnm
951 4578 1008 4618 non
1016 4559 1287 4618 deleramentnmhd
1295 4556 1513 4615 deliramentum
1521 4573 1579 4612 non
1586 4555 1690 4614 dshra-

361 4651 488 4705 mentum
499 4646 529 4703 P
575 4645 643 4719 quis
653 4645 767 4703 anarbo
775 4644 830 4702 liro
840 4643 868 4700 L
883 4659 956 4714 quas
970 4642 1084 4699 acerbo
1094 4641 1149 4698 liro
1160 4641 1197 4696 Μ
1205 4639 1370 4712 qnianerho
1385 4636 1497 4694 libroP
1550 4643 1584 4696 st
1600 4638 1691 4696 trahit

362 4759 395 4770 -
407 4731 486 4785 recto
496 4745 547 4786 osa.
560 4727 588 4783 P
642 4727 826 4786 rectorrecti
842 4727 879 4782 Μ
892 4725 969 4780 recte
983 4723 1010 4779 L
1066 4729 1100 4779 ιι
1116 4725 1203 4781 corda
1216 4723 1243 4779 L
1256 4720 1342 4778 corde
1357 4719 1396 4775 Μ
1409 4718 1503 4777 cordis
1517 4718 1547 4775 P
1598 4719 1690 4778 diner-

361 4811 428 4867 tunt
440 4808 478 4864 Μ
480 4809 537 4864 PL
592 4813 627 4864 ιι
642 4807 710 4879 quis
723 4807 865 4864 modicam
875 4805 902 4860 L
912 4805 963 4876 qui
973 4804 1117 4861 modicam
1129 4805 1157 4862 P
1165 4822 1239 4878 qnos
1247 4822 1313 4861 mor
1323 4802 1362 4859 Μ
1412 4807 1448 4859 ιιι
1459 4800 1530 4856 dure
1540 4831 1573 4843 -
1584 4805 1630 4858 εει
1638 4819 1687 4859 oar.

363 4890 522 4962 tractu.
535 4889 564 4945 P
617 4895 651 4944 ιιι
666 4889 727 4946 dito
742 4887 833 4944 dicito
848 4885 914 4942 ML
970 4886 1047 4943 idem
1061 4887 1103 4959 ει]
1118 4887 1148 4943 id
1163 4889 1207 4946 εει
1221 4887 1247 4942 L
1302 4892 1335 4941 ³1
1351 4883 1444 4959 velut]
1458 4883 1506 4940 nel
1519 4897 1590 4942 corr.
1605 4888 1639 4941 ut
1653 4885 1692 4941 Μ
