3616 5482
313 349 356 415 aa
794 345 903 406 cnam
921 347 970 405 nr
988 343 1166 405 senonen
1227 293 1233 300 ’

314 539 386 601 olim
410 537 525 601 editum
551 547 640 601 esset
683 539 715 601 in
742 537 790 600 his
814 537 907 620 igitur
930 535 1068 600 Putschil
1092 535 1256 600 editionem
1280 535 1379 601 littera
1399 555 1436 619 p,
1461 536 1649 616 antiquiores

314 648 413 711 littera
435 659 462 712 s.
475 645 649 729 significari.

404 753 497 818 Flavii
516 755 605 837 Capri
625 753 685 817 duo
705 755 817 817 scimus
836 773 928 837 opera
948 755 1058 836 irrisae,
1082 753 1119 818 de
1138 753 1284 818 latinitate
1304 753 1391 818 etde
1411 752 1512 818 dubiis
1530 754 1649 835 generi·

314 864 373 928 bus
391 863 438 926 rei
457 863 541 928 dubii
561 863 720 945 sermonis,
744 881 780 924 ex
799 861 909 944 quibus
928 866 950 926 ii
969 867 1022 946 qui
1041 874 1146 947 postea
1165 863 1203 927 de
1221 867 1416 947 grammatica
1435 872 1500 927 arte
1519 866 1650 945 scripse·

316 981 398 1074 runt⁸
416 975 448 1034 ln
465 973 572 1054 primis
586 969 681 1032 lulius
695 968 858 1054 llomanns,
877 973 965 1034 cuius
980 982 1122 1055 excerpta
1137 971 1292 1036 Charisius
1308 972 1400 1056 dedit,
1419 981 1450 1036 et
1464 971 1649 1054 Priscianus,

315 1080 443 1163 plurima
473 1082 664 1161 receperunt
712 1085 875 1160 utrumque
904 1097 982 1161 opus
1009 1079 1172 1162 Pompeius
1201 1080 1238 1143 de
1266 1080 1467 1144 declinatione
1499 1099 1523 1144 v.
1548 1080 1651 1158 samer

315 1188 473 1271 disputans
497 1187 743 1250 commemoravit
761 1204 790 1267 p.
812 1182 885 1262 1⁷5,
905 1183 951 1250 30
973 1189 1069 1251 nubea
1091 1190 1151 1252 itoc
1175 1191 1206 1252 in
1231 1190 1332 1268 Capro
1357 1191 1395 1253 de
1414 1193 1522 1267 linqua
1541 1191 1650 1264 latina,

316 1315 378 1360 uon
401 1299 440 1361 de
464 1298 566 1360 dabir's
587 1296 764 1374 amnibus.
802 1293 897 1358 libros
916 1296 953 1359 de
972 1295 1119 1360 latinitate
1140 1295 1186 1359 bis
1206 1295 1365 1380 appellarit
1384 1297 1478 1361 lulius
1496 1297 1651 1359 Romanus

317 1405 397 1488 apud
428 1404 598 1468 Charisium
626 1424 655 1487 p.
681 1400 763 1486 194,
787 1401 828 1467 31
860 1408 1004 1468 alias-
1033 1407 1088 1468 uln'
1115 1407 1159 1468 Fi.
1192 1406 1294 1486 Caper
1322 1409 1361 1470 rie
1389 1410 1544 1469 latinitate
1572 1401 1651 1469 ‘uon

316 1517 416 1576 ausim
440 1515 612 1588 adfirmare
632 1529 692 1592 pro
716 1516 810 1576 aliter
833 1507 913 1576 dici'
938 1521 968 1576 et
991 1534 1020 1597 p.
1035 1511 1111 1599 207,
1126 1511 1166 1578 31
1185 1519 1347 1578 nouissime
1363 1549 1401 1560 -
1419 1517 1474 1578 nii
1486 1515 1530 1577 lt.
1550 1515 1653 1592 Caper

315 1625 353 1686 de
376 1625 530 1685 latinitate
553 1613 685 1682 ‘miror'
709 1624 810 1698 inquit
832 1615 884 1684 ‘td
906 1624 1023 1687 dhisse
1049 1617 1226 1696 lironem';
1257 1621 1351 1686 libros
1375 1622 1412 1685 de
1437 1621 1537 1685 dubiis
1560 1639 1652 1703 gene·

317 1729 401 1794 ribus
425 1729 671 1792 commemorarit
694 1727 868 1791 Priscianus
891 1727 910 1791 i.
935 1727 973 1792 Vl
996 1749 1025 1811 p.
1050 1727 1131 1812 212,
1157 1728 1199 1793 14
1229 1734 1429 1794 inveniantur
1458 1739 1558 1793 tamen
1582 1732 1651 1808 qui·

315 1842 386 1901 darn
414 1845 550 1901 ueterum
581 1839 673 1900 etiarn
701 1838 781 1899 iaec
810 1839 893 1900 aileu
918 1837 1069 1915 feminino
1095 1855 1213 1914 penem
1234 1843 1416 1918 protulisse,
1440 1841 1524 1918 qaod
1549 1840 1653 1918 Caper

315 1948 447 2008 ostendit
474 1947 514 2008 aie
544 1945 646 2008 dubiis
673 1947 842 2023 peneridus
870 1953 901 2007 et
931 1963 991 2008 una
1020 1963 1089 2008 cum
1118 1943 1219 2008 Probo
1243 1943 1261 2007 l.
1286 1944 1310 2003 v
1333 1965 1361 2028 p.
1389 1943 1462 2028 171,
1489 1943 1530 2008 14
1552 1965 1652 2025 supra

317 2057 471 2119 dictorum
502 2061 603 2116 tamen
634 2056 790 2117 nominum
823 2073 897 2118 arua
928 2063 959 2118 et
987 2057 1074 2134 apud
1107 2055 1241 2134 Capram
1275 2063 1306 2118 et
1332 2057 1419 2134 npad
1447 2057 1581 2118 Probran
1612 2057 1653 2117 de

316 2163 418 2225 dubiis
438 2161 609 2239 peroribus
632 2162 759 2239 inuentis,
783 2160 892 2225 deinde
917 2161 1041 2224 Servius
1065 2163 1096 2224 ln
1113 2159 1198 2243 Verg.
1214 2165 1285 2225 Aen.
1301 2161 1328 2224 x
1343 2159 1408 2251 att
1428 2165 1530 2243 Caper.
1548 2171 1652 2226 tamen

316 2274 349 2332 in
372 2271 462 2332 tibris
485 2269 573 2332 dubii
598 2271 725 2346 ueneris
749 2270 866 2349 produt
888 2273 954 2333 dici
981 2277 1010 2333 et
1032 2271 1085 2332 iic
1108 2272 1189 2333 obex
1212 2281 1242 2334 et
1265 2273 1344 2335 iaec
1368 2272 1455 2334 obex.
1497 2268 1533 2333 ad
1558 2269 1654 2332 libros

320 2378 357 2440 de
381 2377 528 2440 latinitate
552 2375 694 2448 videntur
717 2377 872 2458 pertinere
895 2376 969 2440 haec
993 2378 1072 2460 apud
1097 2377 1235 2442 Serrium
1259 2382 1290 2442 in
1315 2378 1402 2461 Verg.
1427 2378 1499 2442 Aen.
1523 2377 1560 2441 vt
1584 2374 1655 2442 545

318 2485 355 2548 de
379 2504 405 2546 v.
430 2487 557 2564 expiere
580 2494 649 2565 post
674 2501 795 2547 versum
817 2483 924 2568 Ennii,
952 2503 1041 2563 quem
1069 2488 1170 2566 Caper
1200 2497 1336 2562 secutus,
1365 2505 1435 2550 cum
1459 2491 1498 2550 de
1517 2506 1654 2568 praepo·
1772 2515 1781 2534 ·

315 2595 426 2656 sitione
449 2611 491 2655 ex
518 2599 686 2670 tractaret,
709 2592 769 2656 noc
793 2597 963 2673 enernplum
984 2599 1099 2674 parmi,
1123 2603 1155 2657 et
1177 2597 1208 2658 in
1232 2593 1319 2677 Verg.
1344 2597 1415 2658 Aen.
1440 2594 1465 2657 X
1491 2592 1557 2657 344
1580 2599 1657 2658 lieet

240 2757 241 2760 ,
323 2703 424 2781 Caper
444 2703 476 2762 in
500 2699 589 2762 tiaris
612 2701 770 2763 enucleati
790 2703 941 2764 samonis
965 2703 1051 2765 dicat
1071 2699 1187 2779 fernen,
1210 2706 1268 2766 sed
1284 2722 1344 2767 nan
1365 2707 1455 2783 ponit
1473 2707 1655 2782 exemptum.

318 2809 354 2872 ad
379 2807 473 2871 libros
497 2813 597 2871 autem
622 2806 659 2869 de
684 2807 785 2871 dubiis
808 2807 972 2890 generibus
996 2807 1075 2890 aputi
1100 2809 1269 2872 charisium
1293 2831 1321 2892 p.
1348 2809 1400 2894 li,
1424 2809 1469 2874 20
1493 2811 1656 2874 referenda

318 2934 385 2980 esse
415 2917 532 2978 conieci
561 2933 637 2997 quae
667 2916 704 2978 de
729 2935 754 2978 r.
778 2919 896 2996 clipeata
924 2918 1036 2978 omisso
1066 2919 1188 2980 nomine
1212 2923 1345 2982 attctoris
1369 2919 1411 2982 ibi
1435 2922 1547 3002 scripta
1572 2929 1657 3003 sunt,

321 3043 421 3104 quare
445 3024 533 3086 dubii
553 3027 704 3087 sermonis
727 3025 767 3086 11
788 3026 965 3088 indistincto
992 3043 1109 3102 uenere
1133 3029 1199 3090 dici
1220 3031 1281 3101 ait,
1305 3029 1362 3091 sed
1383 3031 1488 3091 littera
1512 3029 1657 3104 differre.

319 3153 355 3196 er
384 3131 531 3193 alterutro
560 3131 653 3211 igitur
681 3131 790 3194 horum
819 3130 967 3194 librorum
996 3132 1112 3222 reliqua
1136 3152 1213 3214 quae
1238 3153 1298 3196 non
1322 3135 1453 3197 indicato
1478 3134 1555 3198 libro
1580 3136 1654 3198 hctic

319 3241 515 3323 grammatico
544 3237 722 3301 tribuuntur
749 3241 843 3320 petita
871 3247 957 3322 sunt,
988 3258 1065 3321 quae
1097 3239 1238 3304 Osannus
1269 3245 1300 3304 in
1332 3245 1584 3306 commentatione
1615 3242 1657 3307 de

319 3347 361 3411 Pl.
385 3345 483 3427 Capro
513 3355 544 3409 et
572 3348 719 3427 agroecio
750 3349 953 3428 grammaticis
977 3339 1096 3430 (Gissae
1121 3367 1145 3410 a.
1173 3345 1274 3432 1849)
1299 3352 1478 3430 composuit
1524 3341 1592 3414 nam
1616 3371 1658 3414 ex

318 3456 365 3518 his
391 3471 512 3536 quoque
537 3472 643 3536 magna
666 3473 736 3536 pars
761 3453 797 3516 ad
821 3453 989 3516 delinienda
1014 3473 1125 3536 genera
1149 3465 1180 3518 et
1203 3457 1315 3519 lormas
1335 3459 1492 3521 nominum
1511 3461 1659 3544 pertinet,

319 3563 375 3626 alia
398 3562 435 3624 ad
459 3561 690 3624 declinationem
714 3559 876 3624 verborum
901 3570 931 3624 et
954 3560 989 3623 ad
1016 3564 1112 3624 varias
1143 3564 1255 3626 formas
1285 3569 1430 3648 temporis
1453 3569 1582 3647 perlecti
1606 3569 1658 3632 rel

319 3670 356 3734 ad
381 3687 472 3732 usum
495 3679 527 3732 et
544 3669 760 3734 derivationem
780 3670 991 3734 adverbiorum
1012 3681 1157 3752 spectant.
1196 3673 1232 3735 de
1258 3672 1368 3754 quibus
1388 3676 1430 3738 ita
1448 3673 1660 3756 disputaverat

320 3779 430 3860 Caper,
460 3785 495 3840 ut
523 3795 612 3840 usum
637 3777 720 3841 latini
745 3781 894 3841 sermonis
918 3779 988 3842 inde
1013 3779 1049 3841 ab
1073 3783 1293 3860 antiquissimis
1318 3757 1657 3864 temporibns'demon-

238 3938 245 3948 .
321 3893 432 3949 straret
460 3895 490 3948 et
518 3885 657 3967 piurimis
685 3889 869 3968 scriptorum
898 3887 1043 3968 exemplis
1071 3889 1216 3969 appositis
1245 3891 1446 3952 corrssrmaret.
1483 3892 1515 3952 ln
1546 3893 1658 3972 primis

322 4003 424 4058 autem
452 3993 488 4056 ad
516 3995 791 4056 vetustissimorum
824 3997 1007 4077 scriptorum
1041 4013 1214 4058 sermonem
1241 3999 1306 4058 eius
1338 3997 1436 4059 studia
1468 4001 1656 4079 pertinuisse
1694 4016 1702 4027 ’

321 4113 352 4166 et
377 4122 413 4165 ex
438 4101 598 4182 exemplis,
627 4119 704 4182 quae
734 4101 770 4163 ab
794 4101 841 4164 his
864 4106 1055 4186 potissimum
1080 4107 1240 4186 petiverat,
1264 4105 1463 4188 intellegitur,
1486 4115 1518 4168 et
1540 4105 1656 4169 iudicio

322 4209 537 4293 comprobatur
565 4212 843 4291 grammaticorum,
872 4229 888 4272 e
918 4209 1027 4291 quibus
1056 4211 1232 4276 Priscianus
1260 4213 1279 4275 l.
1305 4211 1328 4271 V
1350 4233 1379 4294 p.
1407 4209 1486 4295 188,
1510 4211 1554 4277 22
1582 4213 1656 4277 doc·

322 4321 474 4382 tissimum
502 4319 691 4398 antiquitatis
715 4325 971 4399 perscrutatorem
997 4337 1067 4382 eum
1091 4319 1172 4383 dicit.
1212 4323 1484 4384 vetustissimorum
1509 4321 1555 4383 rel
1577 4325 1655 4385 anti-

239 4421 242 4424 ’
323 4429 539 4506 quissimorum
564 4443 654 4487 usum
679 4425 824 4506 exemplis
848 4423 885 4486 ab
909 4443 946 4487 eo
965 4427 1125 4508 probatum
1146 4437 1360 4490 commemorat
1378 4428 1459 4490 idem
1478 4427 1656 4493 Priscianus

321 4553 350 4616 p.
376 4529 458 4615 212,
481 4530 512 4595 4.
541 4528 622 4615 390,
646 4529 698 4595 20.
727 4529 808 4615 392,
832 4529 862 4596 6.
891 4529 971 4616 393,
998 4533 1047 4597 11.
1076 4533 1157 4619 508,
1182 4535 1238 4599 27:
1272 4545 1389 4598 veteres
1418 4535 1546 4617 appellat
1573 4537 1656 4601 idem

322 4659 349 4723 p.
366 4637 442 4723 204,
462 4637 491 4702 6.
513 4637 589 4723 212,
610 4639 660 4704 14.
678 4637 754 4725 561,
773 4637 815 4704 10
833 4650 863 4703 et
882 4639 1035 4704 Charisius
1052 4663 1080 4724 p.
1101 4641 1174 4726 145,
1191 4641 1250 4725 203
1266 4640 1318 4706 23.
1349 4653 1506 4724 praeterea
1525 4647 1655 4708 maxime

323 4747 445 4830 Vergilii
468 4767 537 4811 eum
561 4752 709 4812 rationem
733 4749 874 4812 habuisse
899 4749 995 4810 Servii
1018 4751 1165 4830 quaedam
1187 4751 1396 4814 adnotationes
1419 4760 1577 4814 testantur.

416 4855 474 4918 Sed
499 4873 589 4937 quam
612 4856 670 4919 late
696 4876 770 4920 usus
793 4865 823 4918 et
848 4858 1011 4919 auctoritas
1035 4856 1126 4920 huius
1149 4861 1335 4939 grammatici
1364 4859 1442 4941 apud
1466 4863 1655 4941 posteriores
