3616 5482
11 149 13 282 l

661 285 966 392 ORTHOGRAPHIA'
1414 337 1477 404 103

130 439 323 492 puseus.

103 975 117 1017 ⁵

90 1519 120 1561 1⁰

92 2063 122 2104 15

229 525 395 589 blustscios
418 525 482 588 sive
506 525 689 588 mustacium
713 542 774 588 non
798 523 836 586 sd
867 541 964 608 genus
992 522 1188 586 referendum
1218 532 1278 608 est,
1308 527 1394 606 quasi
1422 523 1480 588 hoc

131 637 239 720 potius
270 637 310 698 sit
340 642 392 697 sut
419 633 510 718 illud,
538 652 608 698 cuns
636 651 692 716 per
720 652 753 697 se
783 632 858 696 nibil
887 635 941 716 sit,
969 631 1023 696 sed
1052 614 1092 696 sit
1119 631 1208 714 piane
1237 629 1307 696 τῶν
1329 623 1416 716 πρός
1438 653 1480 696 τι.

132 745 304 808 mustacius
333 738 339 828 Ι
368 745 455 826 ponis
487 751 571 807 recte
605 742 735 806 dicimus
766 751 797 806 et
828 743 1010 806 mustacium
1042 741 1146 806 libum.
1193 743 1238 804 sic
1268 739 1372 804 militis
1402 760 1481 823 puer

133 852 286 936 gdesrius
301 861 385 916 reete
400 852 526 917 dicitur:
550 870 619 916 nam
634 851 764 934 palescis
779 851 977 916 soloecismus
999 861 1053 916 est.
1092 870 1153 915 non
1174 859 1221 914 est
1239 868 1318 933 puer
1336 849 1479 931 palearia:

135 979 208 1024 nam
231 979 359 1044 puerum
382 963 427 1024 sio
450 963 509 1025 rite
534 981 642 1026 voces:
660 979 739 1044 pnes·
762 970 809 1024 est
833 962 983 1043 galesinius
1005 959 1029 1044 †
1052 961 1102 1024 hio
1126 981 1142 1024 e
1167 959 1314 1024 soloecus.

228 1067 292 1133 Hoc
316 1067 478 1132 cerebrum
502 1079 557 1133 est.
596 1089 664 1132 nam
689 1068 817 1133 serobes·
841 1071 893 1151 qui
917 1067 1023 1133 dicunt
1047 1072 1112 1132 sine
1141 1068 1267 1132 cerebro
1291 1071 1405 1132 visunt

227 1176 413 1260 Respondidi
437 1176 512 1240 nibil
536 1187 601 1242 est:
625 1177 771 1261 respondi
795 1177 844 1242 dic
868 1176 1018 1240 Ciceroni.

300 1285 451 1369 Bergens,
475 1304 537 1350 nou
561 1285 698 1369 bargina,
722 1305 819 1369 genus
844 1287 894 1348 cui
917 1284 1110 1348 barbaricum
1134 1286 1183 1348 sit

302 1389 393 1456 ‘Vasa
417 1396 511 1458 istaec
534 1397 649 1458 vinaria
672 1389 777 1480 sunt’,
800 1389 930 1458 ‘sineris
955 1389 1063 1478 cells',

302 1503 410 1585 uulgus
433 1502 532 1566 adbuc
555 1506 669 1568 retinet
691 1501 729 1566 de
754 1503 854 1585 prisco
876 1501 969 1566 verba
993 1500 1120 1584 loquela.

231 1612 358 1676 Sobrius
382 1630 438 1695 pes
461 1614 487 1696 l,
510 1631 572 1676 non
596 1631 652 1695 per
675 1632 692 1674 e
716 1609 921 1675 scribendum.

231 1719 302 1784 Sedi
325 1740 386 1785 non
410 1739 500 1785 secus
523 1731 570 1806 te,
595 1720 648 1783 sed
672 1719 840 1783 secundum
865 1727 895 1781 te
919 1718 1091 1782 dicendum.

230 1827 331 1894 Ludos
355 1829 487 1911 aliquem
511 1829 600 1911 longe
625 1830 762 1910 egregios
787 1828 897 1890 iecisse
922 1827 1019 1910 dices,
1043 1845 1104 1890 non
1129 1825 1258 1890 dedisse.

230 1936 282 2000 Vir
313 1939 411 2024 ducit,
443 1937 554 2002 muller
584 1936 686 2022 nubit,
716 1921 788 2019 quio¹
816 1937 906 2019 pallio
935 1937 1075 2000 flammeo
1104 1935 1233 2000 obnubit
1263 1944 1363 2020 eopsst
1387 1955 1477 2000 suum

176 2065 231 2110 uss
276 2065 301 2109 e.

136 2065 175 2130 8⁸
227 2065 349 2217 iisiiuxit
372 2173 429 2238 pro
453 2155 581 2237 decepit
620 2152 741 2217 seduxit
764 2144 901 2236 ἀκύρως
925 2171 986 2216 non
1010 2151 1144 2237 dicitur,'
1157 2155 1216 2216 nisi
1240 2171 1310 2216 cum
1330 2153 1479 2236 signitica-

133 2281 204 2326 mus
229 2257 277 2326 ‘ln
301 2261 389 2325 eliam
412 2257 530 2346 panteni
553 2256 672 2348 duxit',
696 2271 731 2326 ut
754 2261 874 2326 seduxit
899 2263 990 2326 iores.
1110 2251 1114 2259 ’

226 2369 317 2434 Patre
351 2389 385 2434 ac
419 2381 514 2435 nistre
548 2382 633 2435 curet
662 2373 746 2454 quis,
779 2379 922 2453 cognato,
954 2371 1048 2435 iscire
1082 2391 1241 2456 soroseve,
1274 2390 1337 2435 non
1369 2369 1478 2453 opibus

133 2487 221 2541 osset
243 2488 297 2542 sut
322 2481 463 2543 nummis.

229 2715 243 2765 1
267 2708 426 2766 mustacius
453 2709 514 2767 siue
537 2707 727 2766 mnstuecinsn
750 2711 832 2777 (corr.
858 2705 977 2776 -sciunsi
1001 2705 1038 2764 ed
1062 2723 1153 2781 genus
1179 2707 1204 2766 0
1229 2709 1394 2767 mustaceus
1418 2709 1479 2766 eine
1524 2779 1527 2784 Ι

134 2791 316 2847 mustsoenrn
341 2791 379 2848 ud
401 2808 492 2863 genus
512 2810 535 2863 p
627 2787 711 2862 qussi
734 2789 788 2846 boc
813 2787 909 2862 potine
934 2787 973 2844 sit
997 2790 1048 2844 unt
1072 2788 1145 2846 illud
1172 2791 1221 2847 sed
1240 2791 1278 2847 sit
1302 2791 1388 2864 plens
1406 2791 1477 2848 ΤΟΝ

134 2873 265 2930 ΠΡΟΠΙ
286 2872 326 2927 M
342 2871 424 2942 qussi
443 2871 580 2928 accedeus
599 2873 682 2942 (corr.
702 2870 846 2940 accidens)
869 2869 923 2925 boc
942 2867 1039 2940 potius
1057 2872 1109 2927 ent
1135 2870 1209 2928 iliud
1227 2890 1279 2945 pes·
1297 2889 1329 2930 se
1347 2870 1421 2928 nihil
1440 2872 1479 2928 sit

135 2952 186 3028 sed
206 2953 245 3010 sit
262 2955 346 3022 (corr.
364 2951 416 3022 sic)
434 2950 520 3022 plone
540 2951 715 3009 sorsum
736 2949 761 3006 0
777 2951 860 3020 qussi
878 2949 1011 3007 accidens
1030 2949 1087 3008 hoo
1104 2951 1201 3024 potins
1220 2955 1272 3010 unt
1288 2951 1363 3008 illud
1380 2968 1432 3024 pes·
1447 2967 1478 3008 se

135 3033 209 3092 nibil
228 3033 267 3091 sit
285 3033 336 3090 sed
354 3032 395 3090 sic
414 3031 501 3105 piune
524 3033 587 3102 (om.
606 3031 665 3087 eois
682 3026 755 3101 πρός
773 3033 812 3101 τι)
829 3031 858 3086 Β
882 3031 964 3102 qussi
987 3031 1118 3090 ueddens
1142 3033 1197 3090 boe
1220 3033 1317 3106 potius
1336 3035 1387 3090 uut
1404 3031 1478 3088 iilud

134 3132 187 3186 pes
206 3131 237 3172 se
254 3115 329 3172 nibil
347 3113 384 3170 sit
402 3113 453 3170 sed
472 3111 511 3170 sit
528 3111 614 3184 piune
632 3111 691 3168 τῶν
708 3105 783 3180 πρός
799 3132 828 3169 ee
843 3130 864 3183 p
939 3117 956 3168 1
976 3113 1133 3171 musisoius
1153 3117 1230 3172 reete
1249 3113 1376 3172 dicemus
1394 3115 1477 3183 (coss.

135 3195 268 3268 dicimus)
287 3193 370 3269 punis
389 3199 418 3252 et
436 3191 608 3252 mnstseinsn
627 3191 733 3249 librum
753 3190 777 3247 0
794 3195 955 3250 mustueeus
982 3194 1065 3265 punis
1085 3199 1163 3252 reete
1182 3196 1304 3254 dicimus
1322 3197 1352 3252 et
1370 3195 1477 3251 mustu-

135 3294 218 3335 osuin
246 3277 352 3336 librum
374 3293 398 3348 p
487 3273 594 3348 libum]
619 3271 724 3330 librum
741 3273 772 3329 B
864 3279 958 3330 lnon
978 3276 1022 3330 est
1041 3305 1074 3318 -
1094 3282 1112 3330 b
1131 3277 1259 3334 soloecns
1281 3294 1333 3336 oss.
1354 3275 1399 3336 Os
1423 3291 1480 3332 non

136 3361 182 3417 est
199 3376 271 3433 puer
288 3357 417 3432 gulesris
435 3373 501 3414 num
527 3372 599 3429 puer
617 3371 651 3412 ec
671 3355 711 3412 sio
729 3355 784 3413 rite
803 3371 888 3413 uoces
907 3371 979 3427 puer
998 3357 1043 3412 est
1062 3357 1205 3428 mustus
1224 3357 1271 3415 bio
1289 3375 1308 3414 s
1329 3355 1478 3414 soloeobus

135 3441 196 3512 Bp.
220 3443 342 3496 nonest
364 3453 435 3511 puer
459 3437 588 3510 guiesris
605 3452 673 3492 nusn
696 3453 768 3510 puer
791 3435 925 3494 semeriis
950 3453 1023 3508 puer
1045 3436 1187 3510 gdesrius
1211 3439 1257 3494 bio
1281 3437 1410 3494 ssoleeus
1431 3439 1476 3496 M.

135 3523 256 3590 sortem
272 3521 321 3576 bio
340 3519 467 3594 guleuris
486 3518 670 3576 soloecismus
686 3519 730 3573 est
747 3533 782 3574 ese
796 3533 826 3575 eo
845 3519 919 3590 quod
936 3534 1026 3588 supra
1043 3519 1178 3589 sciptum
1197 3525 1244 3586 est,
1264 3537 1329 3575 nem
1348 3519 1478 3592 gaiensis

137 3602 322 3659 soloecismus
346 3604 403 3670 est,
431 3603 577 3674 repetitum
601 3603 669 3656 erat.
704 3615 776 3670 puer
802 3600 939 3669 feminino
963 3615 1059 3671 psum
1084 3601 1189 3656 dietum
1213 3617 1268 3658 esse
1291 3601 1327 3656 ob
1351 3603 1477 3674 nmquis

1391 3683 1417 3726 si

137 3739 283 3794 adnotavit
299 3737 447 3794 Obosdsius
462 3754 493 3808 p.
509 3740 555 3804 81,
570 3739 597 3805 d,
612 3734 742 3806 querum
756 3739 782 3790 et
795 3734 911 3807 golcere
927 3735 998 3791 ι’ᾱεηι
1012 3753 1044 3805 p.
1060 3741 1140 3803 80,5
1206 3741 1220 3791 7
1241 3735 1389 3808 Respondi
1404 3737 1477 3794 nibil

136 3821 181 3874 ost
198 3817 333 3890 respondi
351 3818 397 3875 dic
416 3818 519 3888 neroni,
538 3817 586 3874 sed
605 3815 651 3872 dic
669 3832 726 3873 ros.
748 3814 773 3871 0
835 3821 852 3872 8
873 3815 1004 3887 uergens
1022 3831 1080 3872 non
1097 3815 1220 3888 bergine
1237 3817 1284 3874 cui
1302 3836 1393 3891 genus
1413 3821 1478 3877 ber·

136 3897 265 3954 buricum
284 3903 329 3956 est
349 3899 387 3954 M
404 3898 529 3971 Bergine
546 3913 604 3954 non
623 3897 764 3969 burginns
782 3899 852 3966 (non
870 3895 1013 3969 borginns
1030 3895 1134 3964 (11.0,
1153 3899 1218 3954 add.
1234 3902 1260 3969 e)
1278 3899 1309 3956 id
1328 3900 1476 3957 esthemo

135 3978 256 4036 uitiosus
279 3981 374 4052 gentis
393 3980 461 4054 qniu
484 3980 621 4037 burburus
645 3977 850 4060 interpretetus
868 3977 989 4035 uitiosus
1009 3977 1132 4036 undeet
1159 3979 1352 4037 burbsrisnsus
1371 3980 1477 4037 dicitur

136 4060 241 4118 nidum
259 4078 317 4119 non
336 4061 457 4135 bergine
475 4077 565 4134 penus
584 4058 630 4116 cui
653 4058 833 4117 bethericum
853 4060 890 4118 sit
915 4058 975 4117 ΒΟ
1084 4065 1100 4116 9
1124 4061 1225 4135 istueo]
1250 4062 1307 4118 iste
1329 4061 1401 4118 hsec
1418 4061 1479 4118 BG

135 4141 193 4198 istu
213 4142 251 4198 M
340 4143 507 4214 ninsrisque
526 4141 601 4199 cells
620 4140 660 4197 M
751 4148 784 4199 10
808 4142 914 4199 retinet
932 4142 968 4198 de
993 4141 1089 4213 prisce
1106 4143 1178 4200 recti
1196 4142 1276 4200 uerbi
1294 4143 1411 4213 loquele
1428 4143 1477 4200 Bc

135 4225 250 4280 retexet
268 4223 304 4279 de
322 4222 420 4294 pricos
438 4223 508 4280 recti
526 4223 617 4279 uerbo
633 4222 751 4293 loquele
771 4222 795 4279 C
815 4221 922 4280 retinet
945 4221 981 4278 de
1005 4223 1100 4295 prisce
1123 4224 1239 4295 loquele
1257 4225 1345 4282 lieete
1365 4224 1405 4279 M

138 4313 171 4363 11
193 4305 311 4363 Subrius
327 4305 351 4362 0
423 4304 604 4363 scribendum
617 4303 675 4361 Bo
693 4303 829 4361 scribitur
844 4305 882 4360 M
957 4309 989 4358 12
1010 4303 1071 4360 sedi
1088 4321 1138 4362 osu.
1156 4304 1180 4361 0
1251 4308 1281 4362 te
1295 4309 1361 4376 post
1375 4321 1475 4361 secun-

137 4388 206 4444 dum
221 4387 316 4446 ΜΟ
388 4394 421 4444 18
435 4386 532 4444 Ludos
544 4385 630 4457 longe
645 4387 775 4458 egregios
790 4385 915 4456 aliquem
930 4382 1030 4441 secuse
1048 4386 1077 4442 Β
1148 4385 1274 4462 dedisse]
1290 4385 1422 4443 didicisse
1439 4388 1478 4443 M

212 4475 247 4526 11
266 4467 345 4542 quie]
366 4485 440 4540 quse
460 4469 499 4525 M
580 4467 725 4542 flumineo]
751 4467 867 4524 domm
887 4467 938 4535 M,
964 4483 1016 4524 oen.
1033 4466 1093 4523 BG
1173 4485 1256 4524 suum
1274 4483 1326 4525 oss.
1344 4468 1404 4525 Bo

138 4557 171 4608 16
182 4549 295 4607 seduxit
304 4543 419 4608 bittit(
434 4552 515 4621 (coss.
527 4550 640 4608 seduxit
654 4550 700 4606 ido
715 4544 850 4616 buteoc)
866 4563 923 4602 non
939 4547 1045 4603 dicitur
1058 4545 1114 4603 nisi
1129 4547 1153 4603 0
1166 4547 1278 4605 seduxit
1292 4550 1333 4618 (is
1348 4567 1418 4606 corr.
1433 4550 1474 4621 id)

137 4648 194 4689 nou
209 4631 314 4688 dicitnr
327 4629 383 4702 nisi
395 4631 424 4687 B
439 4630 552 4688 seduxit
566 4646 623 4685 non
638 4628 758 4686 dicimus
773 4629 830 4686 nisi
844 4623 959 4698 ἀπόρως
974 4647 996 4699 p
1063 4635 1096 4686 ll
1112 4627 1194 4686 duxit
1208 4647 1259 4687 om.
1277 4631 1322 4701 M,
1336 4633 1403 4690 add.
1416 4633 1477 4689 BG

193 4717 227 4768 lii
245 4713 357 4769 numeri
373 4728 502 4768 curuum
520 4712 562 4766 ito
577 4709 708 4766 uidentur
721 4710 886 4766 restituendi
900 4724 968 4778 esse,
986 4708 1071 4765 Putre
1086 4725 1120 4766 sc
1139 4715 1232 4768 mstre
1252 4717 1331 4770 curet
1349 4715 1474 4787 cognato

137 4793 224 4852 trube
256 4811 367 4866 sorore,
396 4793 462 4850 Non
486 4791 588 4864 opibus
613 4793 692 4847 earet
714 4794 766 4848 eut
789 4791 912 4850 nummis
1021 4793 1102 4846 curet
1125 4797 1190 4866 post
1217 4792 1320 4867 opibus
1347 4811 1397 4850 osu.
1428 4795 1473 4868 M,
