3610 5482
326 349 368 414 τε.)
733 417 738 428 Ι
873 339 977 400 vesu
998 340 1114 400 noser

319 465 341 503 p.
358 455 418 494 raes.
434 452 460 492 ae
474 449 499 490 1².

322 537 396 601 nibil
430 539 572 617 interest,
610 543 713 596 utrum
747 545 869 594 arcesso
903 551 941 594 an
974 549 1098 594 accerso
1131 529 1267 594 dicamus
1300 529 1405 592 eadem
1440 530 1664 610 significatione

323 653 472 708 manente.
510 653 540 706 at
568 643 726 725 proprium
756 633 994 724 ὀρθογραφίας
1022 648 1083 722 eet,
1111 641 1252 720 quotiens
1280 639 1311 701 in
1343 640 1426 700 vocis
1450 638 1662 702 enuntiatione

323 753 398 817 nibil
428 752 564 817 videmus
593 749 782 832 ambiguum,
810 757 840 812 at
869 751 900 812 lu
929 751 1094 832 scriptione
1123 757 1185 811 tota
1213 747 1371 810 haesitatio
1399 749 1497 829 posita
1526 755 1586 830 est,
1615 756 1662 828 ut,

324 881 394 926 cum
418 863 486 924 dico
510 861 610 944 Troia,
634 876 690 940 per
713 859 723 920 i
748 875 842 920 unum
862 874 900 920 an
925 875 980 939 per
999 857 1059 920 dno
1079 855 1214 918 seribere
1234 853 1373 938 debeam,
1397 865 1428 934 et
1447 857 1537 919 coiclt
1557 865 1663 918 utrum

326 990 381 1054 per
405 987 501 1033 unum
525 970 534 1030 l
559 985 595 1029 an
619 983 676 1049 per
699 965 760 1028 duo
784 981 820 1026 an
844 982 900 1045 pes·
925 965 982 1026 tria
1005 964 1030 1048 †
1052 973 1219 1046 utcumque
1246 972 1292 1027 est
1319 982 1381 1027 uon
1400 962 1500 1026 littera
1519 963 1700 1028 succedats

277 1145 283 1155 ,
325 1083 336 1143 i
365 1080 454 1142 tacita
482 1085 513 1139 et
542 1074 652 1136 alterae
681 1076 691 1135 i
716 1071 859 1136 succedat
887 1091 995 1135 rursus
1025 1073 1118 1136 nitere
1143 1076 1152 1136 i
1177 1083 1316 1136 manente
1348 1073 1467 1156 priore,
1499 1090 1575 1153 quae
1603 1092 1662 1154 pro

325 1194 509 1250 consonante
535 1185 632 1265 posita
656 1193 712 1261 est,
736 1189 767 1244 et
790 1183 834 1244 sle
858 1182 910 1244 flat
933 1183 1027 1245 eilicit
1050 1191 1081 1244 et
1104 1183 1225 1265 coiiloit,
1249 1181 1285 1244 de
1312 1199 1370 1262 qua
1390 1199 1423 1242 re
1443 1181 1475 1243 in
1494 1183 1661 1262 superiori-

325 1295 382 1358 bus
411 1293 531 1376 plenius
563 1291 677 1354 dictum
706 1301 761 1352 est
805 1291 877 1352 item
909 1293 959 1352 cui
987 1300 1090 1353 utrum
1120 1309 1176 1373 per
1205 1307 1285 1372 qen
1309 1308 1364 1371 per
1388 1307 1404 1352 c
1429 1288 1537 1352 debeat
1560 1289 1665 1370 scribi,
1798 1299 1801 1332 r

327 1407 396 1484 quia
427 1421 487 1464 non
511 1400 586 1464 nulli
610 1402 723 1462 inventi
754 1409 825 1462 sunt
849 1401 900 1479 qui
925 1417 944 1479 q
968 1397 1099 1461 litteram
1123 1397 1174 1461 illo
1198 1398 1345 1461 catholico
1376 1407 1551 1482 tuerentur,
1581 1398 1664 1478 quod
1798 1405 1801 1444 ι

328 1516 358 1576 ιιι
380 1511 458 1575 nulla
478 1529 552 1571 voce
572 1527 627 1591 per
646 1507 879 1570 declinationem
898 1508 993 1589 prima
1014 1505 1113 1570 littera
1138 1509 1323 1570 immutetur.
1361 1509 1403 1569 ite
1427 1524 1497 1570 cum
1522 1507 1561 1570 sit
1585 1509 1720 1588 quis,1o
1800 1520 1802 1556 t

330 1623 420 1702 quius
439 1629 470 1681 et
490 1621 541 1699 qui
561 1635 616 1698 per
636 1635 655 1696 q
674 1615 805 1677 litteram
825 1626 953 1677 censent
973 1614 1177 1678 scribendum.
1215 1633 1271 1678 nec
1290 1635 1351 1677 nou
1371 1623 1473 1697 potest
1490 1617 1522 1676 in
1541 1612 1667 1696 quibus-

331 1728 399 1791 dam
423 1719 644 1808 ὀρθογραφία
668 1741 738 1786 cum
762 1713 949 1808 dedecorator
972 1725 1107 1807 misceri,
1140 1732 1175 1786 ut
1204 1725 1371 1787 enuntiatio
1402 1741 1472 1785 cum
1502 1723 1668 1805 scriptione

333 1837 448 1920 pariter
462 1834 582 1916 titubet,
606 1835 684 1894 utin
700 1841 876 1895 accusatore
898 1831 902 1908 Ι
923 1843 954 1895 et
967 1834 1157 1916 comissione,
1181 1831 1232 1895 ubi
1248 1833 1405 1913 quaeritur
1419 1833 1578 1913 geminatis
1597 1849 1669 1894 eon·

334 1941 511 2008 sonantibus
536 1960 573 2004 en
598 1938 786 2021 simplicibus
810 1939 1004 2002 scribendum
1029 1949 1059 2002 et
1084 1941 1302 2003 enuntiandum
1328 1945 1376 2002 rit.
1413 1942 1445 2002 in
1465 1939 1576 2021 quibus
1596 1938 1670 2002 mibi
1753 1939 1759 1950 '

330 2053 428 2135 placet
446 2061 480 2114 ut
510 2058 668 2112 accusator
691 2066 747 2130 per
771 2047 831 2110 duo
855 2067 871 2108 c
896 2057 927 2110 et
951 2046 1141 2128 [comisator]
1166 2067 1221 2131 per
1245 2067 1339 2111 unum
1364 2068 1379 2110 s
1403 2047 1567 2111 scribatur:
1591 2067 1719 2132 nam,15

331 2180 391 2243 quo
422 2160 511 2222 modo
540 2161 570 2220 in
600 2176 636 2219 eo
666 2154 746 2238 quod
771 2166 818 2219 est
841 2158 992 2239 incusare,
1016 2175 1122 2220 cusarc
1148 2157 1221 2220 nibil
1246 2167 1305 2241 est,
1336 2167 1367 2222 et
1391 2162 1423 2221 in
1454 2177 1490 2222 eo
1517 2160 1670 2234 prodest

330 2269 496 2331 accendere
520 2264 650 2328 cendere
675 2283 730 2347 per
754 2282 787 2326 se
812 2264 886 2326 nibil
910 2273 967 2346 est,
990 2263 1119 2327 dicimus
1144 2273 1243 2328 temen
1268 2276 1298 2329 et
1321 2265 1493 2349 acceradere
1514 2273 1545 2328 et
1565 2267 1669 2328 incen-

331 2376 413 2440 dere.
451 2384 482 2437 at
504 2377 535 2436 in
566 2374 746 2436 comisatore
776 2381 936 2453 utramque
965 2383 1181 2436 consonantem
1210 2374 1377 2456 simplicem
1407 2392 1569 2456 ponamus:
1600 2392 1670 2436 nam

334 2496 385 2549 eut
413 2505 430 2547 a
460 2487 601 2547 comitate
631 2501 686 2544 vox
721 2481 801 2545 dicta
831 2491 878 2545 est
913 2491 964 2544 aut
992 2499 1010 2543 a
1037 2500 1146 2563 graeco
1174 2474 1264 2564 παρὰ
1295 2474 1357 2545 τὸν
1385 2478 1511 2564 κῶμον.
1554 2501 1569 2544 s
1598 2501 1671 2544 vero

333 2595 483 2675 geminata
512 2593 594 2652 vocis
625 2609 734 2652 sonum
765 2598 932 2670 exasperat.
977 2591 1020 2650 sic
1044 2592 1159 2670 pariter
1183 2599 1213 2652 et
1236 2589 1415 2670 elegantiam
1438 2589 1615 2654 enuntiandi
1639 2599 1671 2652 et
1688 2619 1720 2662 20

333 2699 487 2764 scribendi
511 2699 689 2761 brevitatem
713 2699 938 2778 consequimur.

424 2808 485 2871 Nec
516 2826 576 2870 non
606 2817 636 2869 et
664 2805 707 2868 ibi
735 2797 920 2888 dpdos'rrsea
951 2805 1173 2892 ορθογραφίᾳ
1203 2809 1363 2871 coniuncta
1387 2817 1448 2889 est,
1472 2807 1524 2869 ubi
1553 2809 1672 2888 quaeri·

335 2929 386 2981 tur
414 2917 547 2978 faenoris
576 2933 614 2978 an
643 2916 773 2978 iaeneris
802 2913 950 2993 dicamus,
979 2917 1123 2994 quoniam
1154 2933 1263 2978 nomen
1293 2916 1363 2978 inde
1388 2925 1518 2978 tractum
1542 2914 1673 2978 dicimus

333 3145 337 3154 ,
426 3089 517 3147 (lodex
536 3089 686 3144 Parrhasii
725 3085 899 3160 idioamus]
919 3085 1019 3143 dicant
1083 3082 1336 3160 tdodopocpssas
1400 3090 1467 3146 itin
1484 3089 1670 3162 scriptionem

334 3177 427 3242 totam
442 3171 476 3228 0:
492 3189 520 3226 m
536 3175 652 3240 utroque
666 3169 724 3224 loeo
738 3169 906 3238 ecptmoer'tc
975 3173 1058 3238 iper
1072 3168 1143 3225 duos
1158 3168 1281 3226 scribere
1347 3169 1447 3226 Sitsm
1463 3171 1520 3244 cui]
1535 3171 1606 3228 item
1622 3173 1672 3243 qni

370 3253 467 3328 silio]
482 3251 527 3308 illi
585 3255 619 3305 10
635 3267 700 3306 cnm
715 3248 831 3319 sitquis
846 3247 926 3305 cuins
941 3250 1034 3320 etqui
1091 3257 1187 3307 tinec
1198 3255 1293 3323 potest
1350 3259 1382 3308 12
1394 3249 1596 3325 dodoypapslc
1608 3271 1673 3310 cnm

334 3331 495 3406 decernite
543 3337 576 3388 13
587 3333 678 3388 stom.
727 3335 761 3385 14
776 3329 813 3386 sit
827 3346 879 3386 om.
926 3329 1482 3402 ltineoqnodestposteriorelocoom.
1531 3339 1564 3389 18
1574 3337 1672 3390 utram

335 3432 390 3487 qne
448 3421 482 3470 21
502 3411 655 3483 scribendi]
676 3409 813 3481 sequendi
868 3415 903 3466 22
924 3405 1126 3482 decerpseras
1182 3419 1216 3469 23
1235 3413 1358 3472 {oenone
1378 3431 1416 3471 an
1434 3415 1556 3473 foeneris
1574 3416 1674 3472 dicant

427 3584 441 3632 1
462 3592 575 3632 accerso
593 3573 692 3629 dicant
711 3573 739 3628 R
825 3571 949 3628 4-'lroia
966 3589 1018 3644 per
1037 3574 1047 3628 i
1067 3591 1153 3630 unum
1173 3593 1210 3632 an
1229 3595 1280 3650 per
1299 3578 1355 3635 duo
1374 3579 1498 3636 scribere
1517 3578 1673 3636 debeamus

290 3681 295 3690 ·
336 3662 365 3716 et
383 3658 452 3715 eicit
471 3657 555 3714 coicit
574 3659 669 3712 utrum
688 3673 740 3728 par
758 3673 846 3711 unum
864 3653 875 3709 i
894 3670 931 3709 an
950 3654 1076 3725 perduc
1096 3673 1132 3712 an
1160 3675 1212 3730 per
1235 3659 1303 3715 tria:
1327 3663 1473 3731 utcunque
1498 3663 1556 3730 est,
1581 3677 1637 3716 non
1657 3679 1673 3717 e

336 3741 387 3796 aut
410 3755 427 3796 o
451 3738 564 3796 litterae
587 3739 723 3796 succedat
745 3739 756 3793 i
779 3736 882 3804 tacita,
911 3738 941 3790 et
971 3735 1062 3791 altera
1086 3736 1096 3792 i
1121 3739 1255 3795 succedet
1280 3758 1394 3809 rursus,
1421 3742 1513 3799 altera
1538 3745 1673 3799 manente

336 3823 443 3894 priore,
471 3837 543 3892 qnae
569 3837 621 3893 pro
649 3820 820 3876 consonante
846 3818 941 3889 posita
968 3821 1025 3888 est,
1053 3823 1082 3874 et
1108 3819 1148 3876 sio
1175 3821 1227 3877 liat
1253 3821 1343 3878 eiiicit
1368 3826 1397 3879 et
1423 3823 1532 3880 coiiicit
1557 3824 1675 3880 coniecit

338 3903 504 3958 Schmitrs'us
522 3902 595 3958 stud.
615 3903 735 3973 ortltoep.
754 3901 940 3968 (Marcoduri
959 3918 985 3956 a.
1000 3906 1089 3969 1660)
1103 3919 1133 3970 p.
1144 3908 1191 3958 11.
1212 3904 1244 3958 in
1264 3905 1367 3960 iustam
1385 3907 1536 3961 rennuitae
1553 3905 1674 3974 sermm

337 3986 387 4041 boc
404 3984 462 4053 sere
480 3983 560 4040 modo
579 3987 713 4052 corrupto
730 3981 815 4037 eaba
833 3986 943 4039 restitui
963 3987 1109 4054 poteraut,
1133 3985 1167 4038 nt
1191 4001 1255 4040 cnm
1280 3985 1343 4042 dico
1363 3987 1462 4056 Troia,
1486 4003 1538 4059 per
1556 4003 1644 4041 unum
1662 3986 1674 4042 i

337 4084 374 4123 an
397 4082 449 4137 per
471 4064 528 4120 dno
552 4063 674 4119 scribere
698 4062 832 4132 debeam,
856 4068 887 4119 et
911 4063 997 4119 coicit
1019 4064 1116 4118 utrum
1139 4081 1191 4136 per
1214 4085 1301 4122 unum
1319 4069 1331 4123 i
1350 4085 1386 4125 an
1410 4068 1536 4140 perduc
1562 4084 1599 4123 an
1623 4084 1675 4138 per

337 4147 406 4217 tria,
430 4147 463 4202 ut
488 4161 552 4201 cum
576 4145 614 4200 sit
637 4161 703 4214 con,
728 4163 747 4200 n
766 4145 879 4203 litterae
899 4146 1034 4203 succedat
1052 4146 1075 4215 i,
1100 4148 1130 4202 et
1147 4147 1228 4217 iacit,
1248 4165 1265 4204 a
1290 4149 1405 4206 litterae
1424 4149 1559 4206 succedat
1577 4165 1673 4204 rursus

338 4230 430 4285 altera
447 4227 458 4284 i
476 4231 609 4283 manente
628 4226 735 4298 priore,
760 4243 832 4296 quae
851 4244 903 4300 pro
924 4228 1098 4284 consonante
1121 4229 1215 4299 posita
1234 4233 1291 4302 est,
1317 4233 1406 4289 etsie
1425 4233 1475 4287 iiat
1495 4227 1602 4286 coiiicit

339 4309 404 4365 tin
423 4309 628 4382 superioribus]
644 4327 675 4380 p.
695 4313 740 4376 54,
755 4313 800 4366 1⁶.
820 4314 868 4378 66,
883 4317 919 4367 18
993 4310 1098 4366 ditem
1118 4310 1167 4381 qui
1186 4315 1281 4368 utrum
1301 4330 1352 4385 per
1371 4332 1390 4383 q
1408 4313 1449 4370 R:
1469 4314 1504 4381 cf.
1520 4328 1550 4382 p.
1567 4315 1613 4378 70,
1628 4317 1673 4368 18.

339 4396 412 4458 77,9
469 4391 576 4460 equod
597 4390 734 4446 nonnulla
749 4390 810 4446 rice
829 4389 858 4446 R
915 4396 948 4446 10
968 4408 1032 4446 cum
1047 4390 1086 4446 sit
1099 4391 1162 4461 qni
1178 4391 1257 4450 cuins
1273 4396 1302 4450 et
1319 4395 1367 4464 qui
1381 4411 1433 4466 per
1447 4412 1465 4464 q
1480 4393 1508 4450 lt
1569 4397 1602 4446 11
1622 4409 1675 4449 nco

338 4475 436 4542 potest
454 4470 495 4540 lt,
515 4489 567 4528 nec
587 4489 643 4528 non
661 4474 757 4544 potest
775 4473 817 4527 cel
836 4472 885 4528 sed
905 4475 1001 4543 potest
1020 4471 1204 4531 Scbueidmrs
1222 4491 1337 4546 promen.
1357 4476 1405 4531 lat.
1424 4493 1449 4532 o.
1470 4474 1493 4529 Ι
1504 4493 1536 4547 p.
1548 4479 1605 4532 393

340 4557 373 4607 1³
393 4554 556 4609 accusatore
576 4554 745 4611 comisatore
764 4551 792 4607 R
857 4559 891 4608 1ι
911 4555 1123 4613 enuntiandum.
1153 4556 1186 4610 In
1205 4555 1307 4625 qnibns
1326 4554 1355 4611 R
1418 4561 1451 4611 te
1471 4558 1501 4610 et
1518 4557 1674 4614 accendere

339 4631 379 4699 R,
399 4635 429 4688 at
448 4633 478 4688 in
497 4635 651 4691 accendere
675 4639 811 4691 consetur
836 4635 939 4691 codicis
965 4635 1104 4693 Vaticani.
1133 4656 1173 4693 ou
1194 4641 1228 4693 nt
1251 4635 1370 4693 cendere
1395 4653 1446 4708 per
1465 4655 1495 4694 se
1514 4637 1588 4695 nihil
1607 4644 1674 4697 est?

397 4719 431 4769 te
449 4729 505 4771 rox
524 4715 611 4772 duem
625 4723 669 4773 est
688 4715 715 4772 R
789 4721 824 4772 ιδ
844 4715 967 4773 foenoris
987 4733 1023 4774 an
1042 4719 1165 4777 foeneris
1185 4719 1282 4775 dicant
1301 4717 1337 4786 R,
1357 4716 1479 4774 foenoris
1495 4736 1531 4774 an
1550 4719 1674 4778 foeneris

342 4794 470 4852 dicamus
494 4795 699 4855 Wslmorrnaa'ue
722 4799 756 4855 de
780 4798 899 4854 Verres.
924 4798 986 4856 labr.
1010 4817 1125 4870 pamm.
1144 4819 1177 4873 p.
1197 4807 1261 4857 178.
1290 4802 1391 4856 rectius
1410 4806 1471 4856 eret
1493 4798 1617 4857 faenoris
1637 4819 1674 4859 an

339 4877 462 4934 iseneris
482 4877 632 4935 dicendum
653 4879 702 4948 sit,
723 4883 751 4936 et
769 4897 821 4951 per
839 4896 854 4934 e
874 4879 994 4936 iseneris
1014 4881 1141 4938 dimmus
