3610 5482
372 353 417 422 80
920 355 1021 414 vanu
1040 355 1158 416 nonai

372 469 393 507 r.
408 459 468 501 aaaa.
483 460 510 502 aa
524 459 548 500 a.

375 543 480 627 soleat,
502 551 533 606 et
552 545 694 624 quonlam
713 544 829 626 antiqui
848 563 908 608 non
932 547 1150 628 geminaverint
1174 555 1386 623 consonantes,
1413 545 1466 608 sed
1486 545 1553 608 loco
1572 547 1715 627 gemina·

372 653 464 715 tionis
488 660 590 714 notam
614 655 874 734 superposuerint
921 655 1087 738 inquibus
1112 673 1200 716 error
1222 655 1289 717 eius
1318 657 1476 718 manifeste
1505 653 1716 737 deprehendi-

373 770 433 824 tur.
480 778 549 823 nam
572 762 720 842 geminari
744 773 945 826 consonantes
964 761 1122 846 productis
1146 761 1299 826 vocalibus
1323 765 1442 826 iunctas
1465 783 1540 826 usus
1564 761 1719 844 ostendit,

373 869 404 930 in
429 887 489 950 quo
513 868 642 931 dicimus
666 870 757 930 etiam
781 885 899 932 errasse
925 871 1049 934 saltasse
1074 870 1172 934 abisse
1193 871 1199 946 1
1219 869 1359 934 calcasse.
1397 873 1466 952 quis
1485 881 1586 934 autem
1609 872 1719 932 nescit

374 974 485 1039 malum
508 994 568 1038 una
592 975 602 1038 l
626 975 725 1040 littera
750 979 893 1059 scriptam
917 979 1046 1041 multum
1069 978 1183 1042 distare
1205 997 1221 1040 a
1243 977 1330 1040 blallo
1354 979 1460 1040 eodem
1484 979 1633 1042 elemento
1657 987 1753 1060 εει-5

376 1079 511 1146 minato?
538 1083 612 1168 illud
627 1102 698 1146 vero
717 1095 929 1166 argumentum
949 1086 1028 1167 quod
1049 1085 1133 1169 dicit,
1154 1095 1255 1148 notam
1276 1085 1393 1149 solitam
1414 1089 1588 1169 superponi,
1607 1097 1717 1150 osten·

374 1188 418 1252 dit
441 1191 473 1252 ln
497 1193 704 1254 enrrntiatione
733 1192 831 1255 solere
859 1195 1015 1276 geminari.
1063 1203 1093 1256 et
1118 1193 1190 1275 quid
1215 1197 1273 1256 lam
1302 1197 1445 1278 interest,
1472 1205 1576 1259 utrum
1606 1205 1718 1259 notam

374 1316 412 1360 an
436 1297 566 1362 litteram
590 1318 700 1384 ponas,
729 1319 798 1364 cum
823 1301 1000 1365 alterutram
1030 1300 1084 1364 tibi
1113 1304 1278 1364 necessitas
1303 1299 1473 1384 exprimat?
1520 1322 1591 1366 sane
1616 1307 1647 1366 in
1672 1323 1718 1364 eo

375 1405 456 1488 quod
485 1417 532 1471 est
556 1427 680 1472 narrare
709 1409 901 1473 observatum
927 1419 973 1472 est
998 1419 1031 1472 ut
1055 1428 1149 1472 unum
1174 1407 1429 1492 rscriberemus,
1457 1413 1600 1491 quioniam
1629 1413 1720 1472 venit

375 1533 520 1598 agnaro,
547 1519 596 1580 cui
620 1528 668 1580 est
691 1519 878 1581 contrarium
902 1521 1034 1600 ignarus.
1072 1535 1180 1580 rursus
1205 1521 1274 1600 quia
1298 1516 1414 1600 pullum
1438 1537 1493 1599 per
1517 1516 1577 1580 duo
1601 1517 1610 1580 l
1635 1520 1768 1580 scri-1⁰

376 1622 489 1708 bimus,
513 1623 751 1687 observaverunt
774 1625 896 1706 quidam
919 1635 954 1689 ut
980 1625 1113 1708 paullum
1138 1628 1268 1707 repetito
1292 1625 1398 1687 eodem
1423 1625 1572 1688 elemento
1596 1625 1717 1687 scribe-

376 1740 452 1795 rent.
500 1732 582 1813 quod
611 1731 685 1794 milti
714 1750 774 1794 non
804 1732 936 1816 ridetur,
965 1735 1108 1813 quoniam
1137 1735 1287 1794 enuntiari
1317 1731 1400 1795 nullo
1429 1735 1518 1796 modo
1542 1743 1656 1815 potest,
1682 1743 1719 1794 et

377 1857 438 1902 non
461 1849 508 1902 est
531 1858 655 1903 necesse
679 1839 709 1902 ld
734 1839 883 1925 scribere,
912 1839 993 1923 quod
1017 1843 1049 1904 in
1072 1839 1165 1903 verbo
1197 1858 1258 1902 non
1287 1852 1383 1903 sonet.
1431 1842 1480 1904 hic
1508 1851 1609 1904 antem
1637 1841 1719 1903 milri

378 1967 394 2010 a
418 1947 605 2030 longitudine
630 1947 759 2030 syllabae
783 1949 990 2012 antecedentis
1013 1947 1085 2011 huic
1109 1947 1227 2010 litterae
1252 1947 1398 2012 obstetur.
1445 1959 1492 2012 est
1516 1953 1597 2012 enim
1621 1967 1719 2030 quarn

377 2055 485 2136 Graeci
512 2055 618 2120 dicunt
647 2054 855 2140 ὃίφθογγος,
885 2059 968 2120 iuxta
1000 2075 1090 2139 quam
1114 2045 1243 2118 'ommno
1274 2061 1422 2137 geminari
1451 2077 1621 2121 consonans
1649 2065 1767 2119 non1⁵

380 2173 489 2244 potest

472 2272 539 2335 Non
571 2273 645 2336 nulli
676 2276 756 2336 circa
787 2273 957 2356 synaliphas
990 2292 1111 2355 quoque
1145 2273 1362 2337 observandam
1394 2275 1483 2338 talem
1514 2277 1718 2357 scriptionem

382 2383 645 2464 exisumaverunt,
668 2383 748 2445 sicut
771 2381 896 2444 Verrius
919 2381 1059 2464 Flaccus,
1084 2391 1126 2464 ut,
1150 2382 1333 2464 ubicumque
1356 2385 1454 2465 primu
1478 2401 1588 2446 vox-m
1612 2383 1720 2446 littera

379 2490 528 2572 liniretur,
551 2507 683 2570 sequens
702 2509 719 2552 a
739 2489 833 2552 vocali
855 2492 1014 2572 inciperet,
1038 2509 1068 2552 m
1088 2508 1149 2552 non
1172 2501 1243 2574 tota,
1267 2491 1320 2554 sed
1343 2509 1414 2573 pars
1438 2491 1519 2555 illius
1543 2493 1627 2574 prior
1648 2502 1716 2552 tan-

378 2608 444 2661 tum
468 2596 664 2674 scriberetur,
688 2607 722 2660 ut
745 2609 906 2681 appareret
929 2599 1059 2680 exprimi
1081 2615 1142 2660 non
1167 2597 1288 2661 debere.
1330 2609 1377 2662 est
1402 2603 1492 2663 etiam
1517 2599 1569 2663 ubi
1593 2598 1715 2661 uocales
1735 2607 1766 2645 ²⁰

472 2825 564 2883 Gades
583 2826 737 2884 Parrhasii
790 2829 1012 2884 lconsonantes
1030 2841 1082 2882 am.
1173 2829 1450 2898 tiuperposuermrt
1532 2827 1719 2901 sgeminare

631 2919 643 2949 .
905 2927 909 2938 .

451 2967 468 3016 4
499 2977 606 3018 amasse
628 2959 754 3019 bellasse
778 2962 888 3020 abiesse
912 2961 1038 3018 measse
1063 2959 1155 3015 littera
1179 2979 1191 3016 s
1211 2963 1309 3032 prima
1337 2979 1425 3018 mann
1452 2966 1642 3035 capessentem

380 3047 397 3097 t
416 3042 485 3115 una]
506 3059 592 3098 unam
676 3051 692 3101 t
711 3044 785 3100 illud
803 3060 871 3100 nero
890 3045 1060 3114 argomento
1079 3057 1135 3111 quo
1154 3041 1212 3098 dici
1297 3049 1328 3098 11
1349 3043 1486 3116 repetito]
1505 3044 1641 3116 repetitio

381 3130 415 3179 lb
434 3123 585 3195 geminari]
606 3125 780 3198 geminatum
799 3127 900 3182 litteris
914 3128 947 3179 tu
960 3124 1097 3180 subducta
1116 3125 1218 3180 lineola
1232 3126 1350 3193 notatis,
1368 3129 1401 3178 nt
1417 3131 1484 3180 esset
1502 3125 1643 3197 geminari

381 3210 414 3261 1⁷
433 3204 573 3261 Nonnulli
592 3207 756 3278 synaliphas
775 3223 890 3280 qnoque
910 3205 987 3261 circa
1006 3204 1215 3261 obseruandum
1234 3206 1350 3276 qualem
1370 3207 1554 3278 scriptionem
1629 3211 1662 3260 ts
1687 3223 1720 3260 m

380 3303 437 3342 non
455 3287 548 3343 totam
567 3287 617 3343 sed
690 3293 725 3343 20
745 3291 778 3344 nt
795 3289 918 3360 apparet

383 3503 415 3556 in
440 3503 533 3558 eaden
555 3505 666 3576 syllaba
689 3523 702 3560 s
725 3513 920 3562 consmiantenr
940 3501 1168 3577 procedere'non
1191 3503 1275 3558 solere
1297 3505 1330 3558 in
1353 3505 1546 3560 enuntiatione
1571 3503 1720 3570 diceretur,

381 3585 454 3640 sicut
472 3586 505 3640 de
524 3585 588 3641 lusu
607 3591 633 3642 et
650 3586 754 3656 plausu
768 3591 912 3658 praecepit
926 3587 1053 3642 Senarus
1067 3601 1096 3653 p.
1108 3587 1154 3648 21,
1165 3587 1210 3638 17.
1232 3585 1333 3654 seipsi
1351 3590 1443 3640 tamen
1457 3583 1604 3655 geminata
1619 3599 1720 3638 conso·

382 3680 454 3720 nans
473 3671 590 3738 propter
608 3684 641 3722 ea
659 3686 729 3738 qnae
743 3675 901 3740 sequamur
919 3671 964 3736 80,
984 3673 1000 3722 3
1024 3665 1163 3736 geminari
1187 3667 1373 3721 consonantes
1401 3665 1546 3736 productis
1570 3664 1721 3721 vocalibus

382 3745 494 3802 iunctas
510 3765 576 3804 usus
591 3748 717 3805 ostendit
736 3756 761 3805 et
780 3756 823 3816 80,
840 3745 873 3805 1'5
889 3749 968 3805 iuxta
983 3763 1069 3818 quam
1084 3744 1199 3801 omnino
1214 3744 1354 3814 geminari
1369 3763 1526 3803 consonans
1542 3762 1596 3801 non
1611 3747 1719 3817 potest

384 3827 418 3884 de
434 3829 620 3898 pastinatione
638 3847 651 3884 s
671 3830 778 3885 litterae
797 3831 902 3886 dictam
921 3835 959 3885 est
973 3847 1004 3900 p.
1021 3833 1068 3896 72,
1083 3831 1119 3883 14

477 3915 491 3964 1
511 3925 568 3966 non
587 3909 796 3983 geminauerint
816 3929 828 3965 s
849 3911 898 3968 sed
917 3911 981 3966 loco
1000 3906 1200 3980 geminationis
1220 3905 1248 3960 R
1331 3913 1434 3982 anam
1454 3909 1600 3980 geminare
1620 3925 1720 3966 conso·

382 3991 485 4046 nantes
504 3988 533 4045 R
605 3997 749 4048 terram
768 3991 887 4046 saltasse
906 3989 1016 4047 abiesss
1035 3989 1168 4046 calcsme.
1205 3985 1273 4053 Quis
1294 3986 1370 4042 enim
1388 3989 1480 4044 nescii
1504 3990 1613 4046 malum
1632 3989 1720 4044 anal

382 4069 480 4128 littera
498 4071 635 4143 scriptum
655 4072 761 4129 distare
781 4091 799 4130 a
817 4073 893 4129 malo
912 4071 953 4142 R,
977 4073 1027 4127 nbi
1050 4069 1186 4127 abiecisse
1206 4085 1262 4139 pro
1281 4069 1390 4124 abiesse
1417 4069 1494 4125 dedit
1514 4071 1680 4136 Pntscliins,
1701 4087 1720 4124 a

382 4153 470 4212 mallo
488 4155 577 4211 edidit
597 4153 781 4210 Constantinus
872 4160 889 4208 b
913 4169 932 4208 a
949 4153 1038 4210 mallo
1061 4155 1087 4209 si
1113 4167 1207 4206 unam
1227 4155 1278 4216 est,
1302 4151 1340 4205 ad
1358 4151 1454 4206 urbem
1474 4150 1589 4207 Odiciaa
1606 4151 1721 4205 uidetur

383 4237 558 4304 refermdnsn
576 4251 639 4293 esse.
664 4252 719 4306 pro
737 4251 836 4306 praeco
854 4238 964 4291 nontirce
983 4229 1087 4306 paliis
1107 4233 1147 4287 cel
1169 4246 1224 4300 pro
1243 4232 1323 4287 onio
1343 4232 1420 4288 malo
1439 4232 1544 4288 dictnnn
1563 4247 1617 4286 esse
1631 4235 1719 4299 prata

382 4317 424 4372 oit
442 4315 626 4373 Sdtnaiderns
651 4333 766 4386 arumna
787 4317 836 4374 iat.
855 4333 879 4371 c.
901 4316 923 4370 I
940 4333 970 4386 p.
991 4321 1062 4383 392,
1086 4315 1120 4370 de
1134 4327 1218 4383 pomo
1237 4313 1436 4384 interpretatas
1454 4320 1493 4368 est
1511 4313 1721 4368 Brambactrins

383 4397 502 4470 ortbopn
523 4399 571 4454 tat.
587 4415 617 4468 p.
634 4403 691 4454 261
767 4397 875 4454 tillut
895 4413 962 4453 nero
982 4397 1180 4468 armamentum
1201 4411 1256 4464 quo
1277 4395 1348 4450 dicit
1367 4395 1623 4450 corrector-codicis
1640 4391 1719 4447 Vati-

384 4479 463 4545 cani,
481 4478 534 4536 illc
548 4495 616 4535 uero
631 4481 800 4550 argumento
815 4495 872 4549 quo
886 4477 958 4532 dicit
976 4476 1004 4531 n
1069 4482 1086 4533 8
1106 4475 1275 4531 alterutrum
1294 4475 1322 4529 R
1387 4481 1403 4530 9
1423 4473 1549 4546 namara]
1566 4474 1719 4543 Papirion.

384 4560 462 4628 apud
481 4560 604 4618 Cassiod.
623 4577 652 4631 p.
663 4565 743 4617 2290
819 4567 850 4615 11
873 4559 1095 4616 observaverunt
1115 4555 1244 4627 quidam]
1264 4555 1390 4610 Scaurus
1404 4573 1435 4625 p.
1447 4561 1543 4624 20,15
1617 4563 1651 4612 13
1671 4557 1719 4613 hic

383 4641 481 4694 autem
499 4641 530 4696 in
547 4640 727 4714 longitudine
747 4639 873 4710 syllabas
892 4639 1087 4695 antecedentis
1108 4636 1174 4692 hnic
1194 4636 1308 4692 litterae
1327 4637 1456 4693 obstetur
1471 4637 1507 4694 li.
1533 4639 1651 4706 fortasse
1670 4637 1719 4694 bic

384 4721 480 4775 autem
499 4719 587 4778 οῡίιιιι
605 4720 756 4792 longitudo
775 4719 902 4792 syllabae
922 4720 1118 4777 antemdentis
1137 4713 1204 4776 huie
1221 4719 1336 4774 litterae
1355 4718 1451 4774 obstat
1525 4724 1558 4775 1⁷
1577 4719 1718 4776 Nonnulli

384 4799 573 4871 synaloephas
596 4819 709 4872 quoque
734 4801 925 4858 obsemandas
949 4800 1024 4856 eirca
1047 4801 1135 4856 talem
1160 4799 1344 4869 scriptionem
1363 4800 1599 4857 existimauerunt
1616 4799 1645 4855 R

385 4887 421 4937 20
439 4885 472 4938 ut
490 4887 629 4952 appareat
646 4881 675 4937 R
