3590 5486
598 325 651 405 on
668 324 768 384 nara
787 325 957 383 uunfflm
1375 322 1443 390 249
1498 377 1502 386 .

102 431 349 580 :olalalnl'tillnem
369 511 522 596 videlieet,
545 529 605 596 qua
624 513 704 577 duae
721 514 758 577 de
784 511 897 597 tribus,
921 511 1118 595 solutionem,
1140 531 1200 594 qua
1219 512 1297 576 duae
1320 512 1358 576 de
1383 530 1444 576 una

103 624 234 708 syllabae
258 623 442 687 alliciuntur.
479 623 568 685 culus
591 622 774 706 exemplum.
787 621 1011 686 coniunctionis

267 747 471 812 aedificant
494 756 670 829 sectaque
694 751 868 811 intexunt
890 746 1006 831 abiete
1031 755 1155 810 costas

76 865 137 1009 aet
268 946 443 1010 custodes
466 947 631 1010 sullerrc
655 946 792 1031 valent,
814 932 913 1012 labiat
935 949 1055 1010 arieto
1079 947 1211 1010 crebro

268 1057 380 1120 lanua

104 1172 135 1227 et
923 1231 925 1236 .

90 1345 93 1350 ¹
269 1257 394 1320 tenuia
420 1274 485 1319 nec
508 1256 610 1321 lanae
633 1275 699 1340 per
722 1257 862 1321 caelum
887 1256 1024 1320 vallera
1053 1257 1156 1321 terri.

104 1381 204 1446 abiete
233 1386 315 1448 enlm
339 1391 483 1465 quattuor
506 1381 633 1464 syllabas
656 1381 748 1446 babet
774 1383 896 1448 breves:
924 1385 1040 1465 stringo
1064 1383 1152 1468 illud,
1183 1392 1214 1448 et
1244 1385 1278 1446 dt
1301 1384 1338 1447 ab
1362 1388 1442 1467 posi·

67 1511 90 1551 ro
103 1495 187 1556 tione
212 1493 315 1577 longa,
338 1493 408 1574 quia
428 1511 445 1554 a
465 1490 575 1554 vocalia
598 1491 711 1555 desinit
733 1494 765 1554 in
789 1491 808 1554 h
833 1501 864 1556 et
887 1493 1037 1576 excipitur
1060 1492 1098 1556 ab
1121 1495 1132 1556 i
1155 1493 1222 1555 loeo
1247 1494 1443 1555 consonantis

103 1603 212 1684 posita.
249 1603 294 1664 sic
323 1611 354 1664 et
381 1602 489 1664 ariete:
517 1601 695 1666 natutaliter
723 1601 824 1666 breris
853 1611 901 1666 est
931 1621 962 1686 a,
991 1603 1083 1684 iunge
1106 1620 1123 1664 r
1146 1600 1182 1664 ad
1211 1603 1323 1685 ipsam,
1351 1603 1443 1684 iunge

103 1711 114 1772 i
137 1718 169 1773 et
193 1729 211 1773 e
234 1709 369 1794 sibimet,
393 1717 425 1773 et
447 1710 481 1773 dt
504 1727 539 1772 ar
562 1709 674 1792 syllaba
691 1711 970 1794 positione-longa,
994 1712 1066 1791 qula
1086 1711 1226 1792 sequitur
1249 1711 1260 1772 l
1284 1709 1351 1773 loco
1371 1727 1442 1774 con-

104 1820 242 1882 sonantis
263 1821 371 1901 posita
408 1821 483 1882 item
506 1821 624 1883 tenula:
653 1821 769 1903 stringe
795 1830 846 1884 ten
870 1828 901 1883 et
925 1820 971 1882 lac
991 1838 1009 1880 r
1029 1825 1263 1900 consonantem,
1287 1826 1319 1881 et
1336 1819 1381 1882 sic
1404 1817 1442 1881 de

98 1921 299 2009 'tetrasyllabo
322 1926 577 2009 proceleumatico
597 1929 670 1992 lacis
690 1929 840 2011 dactylum
861 1925 1058 2010 trisyllabum.
1098 1924 1155 1989 tale
1175 1934 1223 1988 est
1242 1933 1273 1988 at
1291 1920 1442 1989 ‘linric-

68 2053 183 2098 nrum
207 2054 270 2100 rex
290 2031 506 2100 Eridanus':
535 2037 626 2100 llnvlo
646 2046 827 2120 anapaestus
851 2044 910 2119 est,
934 2033 988 2098 sed
1012 2035 1038 2096 si
1063 2035 1136 2096 lacis
1154 2032 1331 2115 stringendo
1351 2051 1442 2097 arnam

15 2149 18 2158 ⁴
103 2141 248 2226 syllabam
270 2143 341 2227 llur,
364 2143 490 2207 alteram
513 2147 556 2230 io,
580 2147 677 2231 ellicis
700 2145 739 2208 de
766 2153 928 2226 anapaesto
952 2141 1130 2225 spondeum.
1168 2141 1243 2205 haec
1267 2143 1442 2206 coniunctio

103 2254 167 2315 sire
190 2231 302 2316 solutio
329 2255 450 2335 saepius
478 2255 509 2316 in
533 2256 544 2316 i
568 2254 626 2318 vel·
643 2255 674 2317 in
703 2273 723 2316 u
747 2253 857 2317 litteris
886 2252 933 2335 lit,
962 2243 1091 2334 quarum
1115 2259 1147 2314 et
1175 2251 1206 2314 in
1235 2243 1440 2335 nostratibus}

103 2362 204 2444 poetis
227 2360 321 2424 multa
344 2359 437 2424 babes
462 2363 612 2446 exempla,
636 2371 670 2426 ut
692 2360 837 2425 Paulinus

269 2490 336 2553 sim
358 2489 538 2572 profugus
562 2489 686 2554 mundi
709 2497 892 2572 tamquam
915 2487 1135 2552 benedictus
1158 2486 1284 2571 laceb,

68 2595 291 2661 rol'ortnnatns

268 2706 400 2789 dirigit
421 2715 453 2770 et
476 2704 627 2771 lacobos
652 2715 752 2771 terra
774 2707 880 2771 beata
904 2725 1046 2771 sacros:

105 2815 153 2880 bic
176 2817 187 2878 l
212 2824 243 2880 et
266 2835 283 2878 a
307 2816 464 2900 discindit,
487 2815 537 2879 ille
561 2816 756 2900 conglutinat.
794 2819 867 2881 item
891 2815 1036 2880 Paulinus

268 2926 477 3008 parietibus
500 2927 645 2988 novitas
669 2925 760 2990 latet
783 2927 885 2989 intus
909 2935 1038 3008 operta
1063 2932 1245 2988 rettrstas:

105 3034 214 3115 parieti
237 3033 388 3116 dactylum
412 3035 486 3098 lecit
503 3034 540 3097 de
560 3034 815 3117 proceleumatico
831 3034 1045 3117 conglutinatis
1065 3043 1170 3120 contra
1190 3044 1328 3097 naturam
1348 3053 1364 3096 a
1380 3041 1441 3097 etr

68 3142 136 3204 rain
159 3160 253 3206 unam
276 3140 432 3226 syllabam,
455 3144 465 3205 l
490 3151 521 3206 et
544 3163 561 3206 o
585 3145 616 3206 in
640 3143 773 3207 alteram.
811 3145 885 3207 item
909 3142 1051 3207 Sedulius
1074 3141 1236 3207 disiunctis
1261 3162 1279 3206 u
1305 3151 1335 3206 et
1359 3161 1375 3205 a

188 3317 190 3320 .
268 3252 376 3315 cuins
399 3271 491 3315 onus
514 3252 594 3316 lere
619 3261 688 3336 est,
712 3253 817 3316 cuius
841 3254 923 3334 iuga
948 3252 1050 3316 lerrc
1075 3271 1186 3316 snare
1211 3260 1282 3337 eat,

105 3357 238 3442 Prosper
261 3363 432 3425 coniunctis
522 3377 528 3386 ·

171 3511 175 3519 -
269 3487 335 3532 nec
360 3468 499 3534 Christi
523 3491 539 3535 e
564 3471 699 3554 templo
724 3474 872 3536 suavior
895 3473 972 3535 exit
995 3469 1097 3534 odor:

106 3579 177 3640 item
201 3576 348 3642 Paulinus
372 3579 475 3644 dlrbis
500 3601 520 3644 u
544 3590 575 3644 et
597 3583 608 3644 l
632 3583 714 3644 iuxta
739 3591 877 3645 naturam

70 3699 94 3742 ω
269 3690 425 3752 conscla-
442 3691 590 3754 serritli
611 3690 695 3773 quid
720 3691 884 3771 gesseris
908 3696 943 3750 et
966 3689 1025 3751 cni
1048 3685 1208 3765 tandem,

106 3793 291 3859 Fortunatus
314 3779 444 3860 conexis
461 3800 545 3861 iuxta
568 3797 722 3862 licentiam
745 3800 896 3880 poeticam

270 3905 329 3967 cui
351 3913 471 3982 tamen
494 3905 561 3969 boc
585 3925 676 3989 opus
700 3915 757 3970 est
780 3925 860 3969 cour
884 3907 1113 3990 virginitatis
1136 3887 1275 3969 honore

324 4021 363 4077 ut
385 4013 529 4096 placeat
552 4034 688 4098 sponso
713 4034 812 4079 mens
835 4015 1022 4079 moderata
1046 4035 1127 4079 suo:

72 4122 177 4184 ortem
201 4119 363 4185 auruncus
387 4121 501 4186 eisdem
524 4126 555 4186 in
579 4123 637 4186 alio
660 4127 840 4206 pronomine
863 4124 1008 4188 Paulinus

269 4247 349 4292 cum
372 4227 495 4294 subito
519 4239 580 4293 aut
602 4229 678 4294 illis
702 4231 811 4294 corda
835 4230 1005 4296 hostibus
1029 4239 1091 4294 aut
1113 4231 1199 4294 buic
1222 4218 1301 4313 oraj

196 4471 362 4544 toyllabae
382 4470 414 4528 F
429 4471 541 4543 syllaba
560 4469 645 4530 cLP
705 4468 983 4528 coniunctionumL
1048 4465 1249 4542 taodfficant]
1269 4467 1349 4540 Vory.
1368 4470 1439 4526 Aen.

109 4549 150 4606 ΙΙ
166 4558 205 4610 16
261 4557 396 4626 sectaque
410 4553 461 4622 Ls
475 4554 611 4623 sectoque
626 4548 689 4605 FP
739 4549 1237 4625 ocuotcdes]l⁷ery.den.11492
1293 4552 1439 4627 8teuuia]

115 4629 193 4704 Verp.
210 4649 303 4710 penny.
323 4636 345 4690 Ι
361 4639 418 4692 397
510 4631 617 4688 uellera
640 4631 714 4688 ferre
733 4649 803 4690 corr.
824 4633 932 4692 uellera
956 4633 1025 4690 ferri
1044 4632 1070 4688 L
1088 4631 1190 4690 fellere
1207 4632 1294 4702 ferre,
1313 4633 1361 4690 sed
1380 4651 1441 4691 erre

109 4713 140 4767 in
157 4715 247 4772 lituro
267 4713 299 4771 F
361 4722 395 4772 1o
414 4717 445 4773 el
462 4711 604 4784 excipitur
624 4711 667 4769 Pl
684 4715 825 4787 excipitur
845 4716 871 4771 L
890 4718 920 4772 et
939 4715 1044 4787 cipitur
1063 4713 1095 4769 F
1155 4720 1189 4770 tt
1209 4713 1296 4770 facies
1315 4715 1441 4787 trisylla-

10 4859 11 4864 .
109 4791 176 4850 buxu
193 4795 340 4866 dactylum
360 4795 388 4852 L
451 4791 620 4866 fluviorum]
645 4793 951 4868 Very.yeory.1482
1026 4801 1059 4852 lb
1079 4795 1103 4852 si
1122 4812 1173 4853 om.
1194 4795 1226 4864 P,
1246 4797 1311 4853 odd.
1333 4795 1393 4852 FL

10 4885 11 4890 ’
111 4880 144 4931 19
158 4875 223 4948 sim]
239 4875 325 4932 sinL
381 4883 416 4932 at
430 4873 643 4948 conglutinatus
659 4874 691 4931 F
743 4882 778 4933 tt
793 4876 873 4951 iuga]
888 4875 957 4950 giga
972 4875 1004 4932 F
1055 4881 1090 4932 28
1105 4893 1120 4933 e
1135 4877 1256 4951 templo]
1271 4877 1442 4962 exemplob
