3610 5482
604 315 654 372 DE
673 311 970 373 ORTHOGRAPHIA
1403 312 1448 378 49

110 427 133 466 p,
149 417 213 460 :aas
233 417 259 458 ιο
274 416 299 457 1³.

110 503 220 584 posita'
238 510 294 564 est.
331 498 374 562 ibi
398 518 527 584 quoque,
550 499 603 565 ubi
627 521 697 566 cum
715 502 816 566 littera
835 520 855 582 q
874 499 1000 564 coniusa
1020 507 1066 562 est
1084 518 1115 582 u,
1138 501 1234 565 vicem
1254 501 1449 564 consonantis

111 609 217 693 habet,
240 605 311 671 ciam
334 607 402 672 dico
427 604 537 674 ‘arma
565 612 756 692 virumque
778 603 892 672 'cano'
916 616 947 671 et
972 602 1159 689 ‘quisquis
1187 625 1225 672 es
1254 601 1447 690 armatua’‚

112 717 185 779 ideo
203 718 349 798 quoniam
368 725 399 780 et
418 726 486 792 ante
506 717 636 780 diximus
655 735 821 799 numquam
840 715 915 779 duas
933 713 1051 778 vocales
1071 717 1168 799 coire,
1191 723 1226 777 ut
1251 733 1310 778 non
1331 715 1450 796 longam

113 822 260 905 syllabam
289 825 409 888 iaciant
446 834 477 888 at
502 825 544 886 iu¹
563 842 599 886 eo
629 824 709 906 quod
738 832 867 906 estque
895 825 1053 888 manifesta
1076 822 1209 886 brevitas
1234 832 1293 906 est,
1321 821 1450 903 ideoque

85 933 146 994 sin
171 930 231 994 boc
254 931 346 1015 pede,
370 927 520 1015 ‘quisquis
544 926 599 1016 es’,
623 951 712 995 nemo
737 932 886 997 dubitabit
910 936 984 1016 quin
1008 931 1144 1016 dactylus
1168 934 1217 1016 sit,
1242 933 1329 994 cuius
1353 933 1450 1014 prima

113 1037 231 1120 syllaba
248 1038 336 1122 longa
360 1049 416 1102 est
449 1037 555 1103 Verrio
573 1039 681 1104 Flacco
705 1040 826 1104 videtur
848 1043 975 1106 eandem
999 1059 1067 1105 esse
1091 1040 1170 1123 apud
1193 1059 1250 1105 nos
1273 1059 1295 1104 u
1318 1041 1451 1104 litteram

113 1166 196 1229 quae
223 1146 303 1230 apud
327 1147 459 1237 Graecos
483 1157 527 1210 est
550 1146 589 1211 Υ.
612 1167 743 1230 namque
771 1147 819 1211 bis
848 1149 993 1232 exemplis
1021 1157 1264 1231 argumentatur:
1297 1147 1378 1230 quod
1408 1148 1479 1210 ilii·

113 1253 224 1318 dieunt
255 1247 403 1337 κύμινον
435 1275 491 1318 nos
523 1258 692 1340 cuminum,
730 1275 820 1338 quam
852 1257 895 1320 illi
926 1248 1141 1340 κυπάρισσον
1173 1273 1231 1320 nos
1263 1273 1452 1340 cupressum,

114 1380 207 1439 qoem
230 1361 274 1424 illi
295 1355 511 1448 κυβερνήτην
535 1382 590 1458 nos
608 1363 857 1448 gubernatorem
881 1382 937 1428 neo
961 1382 1023 1427 non
1047 1383 1084 1427 ex
1108 1367 1175 1427 eius
1198 1362 1290 1448 modi,
1313 1363 1451 1426 Theseus
1550 1427 1558 1439 ,

75 1493 99 1532 ιο
114 1469 300 1533 bleooeceus
324 1469 434 1534 Peleus
458 1479 488 1535 et
511 1471 669 1556 similibus,
693 1473 838 1536 adfirmet.
875 1469 1061 1535 Graecorum
1085 1489 1157 1534 vero
1181 1471 1296 1554 quide
1320 1473 1452 1553 antiquis

114 1577 228 1640 litteris
262 1579 452 1660 scripserunt
486 1582 716 1662 commentaria,
750 1582 825 1642 item
854 1577 1031 1642 Latinorum
1063 1583 1115 1662 q‘ui
1147 1579 1217 1642 illos
1250 1582 1348 1644 secuti
1380 1585 1453 1642 sunt

114 1683 223 1748 eadem
246 1684 347 1749 littera
370 1694 490 1750 veteres
513 1687 618 1750 solitos
641 1686 776 1751 scribere
797 1688 803 1765 1
829 1685 995 1750 ostendunt
1016 1678 1145 1770 μακρός
1167 1683 1301 1772 μακροῦ
1324 1683 1452 1775 μακρῷ,

115 1801 148 1854 et
171 1792 315 1856 confusas
338 1794 432 1858 inisse
457 1814 475 1857 o
500 1804 531 1859 et
554 1815 597 1858 ov
615 1804 646 1859 et
666 1815 707 1858 co:
730 1793 810 1892 apud
833 1812 890 1857 nos
913 1812 1035 1876 quoque
1059 1796 1175 1877 antiqui
1198 1795 1373 1878 ostendunt,
1398 1797 1451 1876 qui

114 1917 214 1981 aeque
243 1900 385 1964 confusas
413 1921 431 1962 o
459 1909 491 1964 et
518 1921 538 1964 u
567 1903 683 1966 litteras
711 1901 855 1964 habuere.
892 1919 960 1964 nam
989 1901 1092 1964 consol
1121 1901 1312 1965 scribebatur
1338 1919 1395 1984 per
1422 1919 1450 1984 c,

75 2029 101 2072 ιι
116 2026 189 2070 cum
212 2005 367 2088 legeretur
389 2026 445 2089 per
468 2027 498 2092 u,
522 2008 636 2072 consul.
673 2008 754 2072 srnde
778 2011 809 2070 io
833 2006 935 2070 multis
960 2009 1051 2070 etiam
1069 2008 1243 2072 nominibus
1262 2011 1360 2072 variae
1380 2015 1452 2072 sunt

116 2119 298 2198 scripturae,
320 2123 355 2178 ut
379 2115 478 2178 iontcs
501 2117 612 2200 fontes,
636 2117 759 2179 irondes
779 2115 913 2178 iruudes.
952 2117 1052 2178 ivero
1072 2115 1174 2179 littera
1193 2118 1346 2181 interdum
1366 2117 1452 2180 exilis

116 2234 173 2306 est,
198 2223 353 2287 interdum
376 2226 512 2308 pinguis,
536 2234 571 2287 ut
594 2226 625 2287 in
649 2243 685 2286 eo
710 2223 791 2305 quod
815 2233 863 2286 est
885 2222 988 2304 prodit
1012 2226 1105 2287 vincit
1128 2219 1231 2287 condit
1255 2224 1363 2288 exilius
1387 2223 1452 2286 volo

116 2349 228 2394 sonare
256 2350 275 2390 κ
302 2333 334 2394 in
365 2350 400 2394 eo
429 2350 502 2394 vero
536 2330 616 2414 quod
648 2314 836 2413 significatur
868 2317 991 2413 prodire
1023 2332 1138 2396 vincire
1169 2331 1293 2395 condire
1325 2331 1449 2416 [aeque]

116 2457 216 2520 usque
247 2441 431 2520 pinguescit:
462 2449 498 2503 ut
526 2442 586 2503 iam
610 2441 640 2502 in
665 2437 892 2522 ambiguitatem
916 2436 1015 2522 cadat,
1048 2447 1151 2503 utrum
1184 2442 1273 2522 peri
1306 2439 1453 2522 quaedam

78 2571 105 2610 so
119 2545 253 2609 debeant
276 2545 336 2608 dici
359 2564 397 2609 an
420 2565 477 2629 per
500 2567 535 2630 u,
559 2556 593 2610 ut
617 2554 664 2609 est
687 2554 830 2628 optumus
854 2563 1021 2608 muumus.
1058 2549 1089 2609 in
1113 2547 1225 2630 qulbus
1248 2547 1453 2611 adnotandum

119 2657 280 2735 antiquum
308 2661 480 2717 sermonem
508 2653 654 2737 plenioris
683 2655 750 2716 soni
777 2654 871 2716 luisse
900 2662 945 2734 et,
979 2661 1013 2716 ut
1044 2656 1085 2716 alt
1112 2653 1234 2739 Cicero,
1263 2657 1453 2719 rusticanum

119 2770 212 2843 atque
236 2761 296 2824 illis
320 2762 385 2824 iere
407 2762 558 2844 placuisse
580 2753 637 2845 per
659 2782 680 2826 u
700 2761 769 2825 talla
788 2760 923 2824 scribere
942 2767 973 2822 ct
993 2764 1159 2826 enuntiare.
1192 2769 1331 2859 e'rrsrere
1352 2772 1454 2826 autem

118 2870 318 2962 grammatici,
342 2869 395 2949 qui
417 2878 601 2951 putaverunt
625 2868 807 2953 superlativa
826 2887 888 2948 per
910 2885 932 2930 u
955 2871 1117 2933 enuntiari.
1154 2877 1190 2933 ut
1208 2873 1288 2934 enlm
1308 2870 1454 2934 conceda·

211 3041 306 3099 Codes:
328 3041 479 3100 Pansam
534 3044 616 3101 irbi
639 3029 815 3115 quamquam
839 3041 889 3098 ubi
912 3055 976 3098 cum
1000 3042 1130 3100 litteral
1154 3043 1272 3100 conium
1295 3047 1340 3102 ast
1363 3062 1383 3101 u

120 3121 200 3196 tat]
219 3125 254 3180 ut
326 3123 394 3198 qua]
415 3141 489 3194 quas
564 3126 644 3181 'leet
662 3141 713 3181 om.
788 3117 961 3196 Βκιὶμινον]
980 3123 1126 3194 cyminum
1204 3120 1383 3194 κνιιοὶριοτοκ

61 3280 66 3286 ⁴
120 3209 315 3276 tqnemoss.
333 3218 348 3232 ⁸
395 3204 660 3279 necnou]etnon
743 3207 988 3261 illustrato
1068 3203 1129 3278 qui]
1150 3205 1219 3276 quie
1302 3211 1335 3262 18
1355 3221 1455 3263 souare
1561 3277 1564 3282 Ι

119 3287 149 3342 in
169 3304 204 3344 eo
295 3285 423 3359 condire]
444 3287 558 3359 prodire
652 3294 686 3344 19
704 3284 869 3359 pinguescit
886 3284 930 3356 ub]
951 3285 1066 3359 pinguis
1086 3286 1207 3357 citetG',
1226 3302 1296 3342 corr.
1316 3287 1349 3342 iu
1366 3301 1455 3357 uterq.

119 3367 285 3439 pinguescit
301 3370 368 3424 ute
423 3366 742 3438 :commuratione
797 3371 831 3421 21
851 3363 926 3438 soni]
949 3381 1034 3423 sonus
1090 3373 1125 3423 22
1145 3331 1306 3438 enubtiore]
1326 3366 1456 3422 emunda·

120 3465 188 3505 uara
262 3454 297 3504 2³
315 3464 368 3520 per
385 3465 437 3505 om.

213 3617 229 3666 1
249 3611 293 3668 Ibi
312 3627 476 3682 quenquam
495 3611 520 3667 si
539 3627 604 3668 cum
622 3607 748 3665 litteru'
739 3627 751 3664 1
769 3607 887 3666 conium
905 3609 948 3664 est
966 3627 985 3663 u
1004 3607 1045 3679 R,
1064 3609 1119 3679 ibi,
1138 3627 1224 3682 quem
1238 3609 1449 3674 admodum'
1427 3627 1451 3665 u

121 3707 185 3747 cum
204 3690 304 3748 littero
322 3709 341 3763 q
360 3689 477 3746 confuso
495 3692 541 3747 est
558 3708 576 3745 v
595 3689 745 3746 Serulerua:
772 3691 850 3762 efip.
866 3691 963 3755 58,19
982 3687 1013 3744 in
1031 3687 1124 3746 bisin
1144 3691 1246 3760 quibus
1265 3709 1330 3748 cum
1348 3709 1368 3761 q
1388 3707 1454 3752 conf

119 3771 185 3828 iuss
203 3771 278 3828 haee
296 3771 394 3828 littera
413 3774 472 3842 est,
491 3770 570 3828 utin
591 3786 624 3828 eo
645 3771 721 3841 quod
741 3770 866 3840 estquis
976 3773 992 3823 2
1017 3769 1109 3843 orma]
1136 3769 1215 3842 Verq.
1234 3773 1305 3828 Aeo
1326 3771 1348 3826 I
1363 3777 1380 3826 1

120 3851 263 3924 quisquis]
285 3851 365 3924 Verq.
383 3854 454 3910 Δικ.
471 3850 517 3906 VI
536 3855 593 3906 388
676 3856 693 3904 4
712 3853 746 3905 ut
763 3850 793 3906 in
812 3865 846 3906 eo
865 3851 942 3921 quod
961 3852 1006 3907 eut
1023 3866 1041 3906 ιι
1061 3866 1135 3924 quae
1154 3850 1307 3908 manifesta
1325 3852 1360 3908 R.
1383 3852 1454 3922 ‘lego

120 3947 177 4003 que
191 3929 346 3987 manifesta
360 3932 402 3987 vel
419 3933 452 3986 ut
470 3931 500 3986 in
515 3947 549 3986 eo
563 3928 641 4001 quod
660 3931 704 3986 est
723 3929 786 4000 quis
806 3933 835 3987 et
854 3947 909 4001 que
928 3930 1092 4008 manifeste’
1115 3930 1309 3990 Commeliuus.
1337 3933 1369 3988 et
1386 3933 1455 3988 scri·

120 4011 241 4068 mum
260 4027 316 4067 erse
332 4013 405 4068 vidit
423 4012 561 4068 Serninus
653 4015 765 4080 iquos
789 4011 866 4083 apud
885 4009 1008 4068 Graecos
1027 4032 1045 4067 υ
1068 4009 1097 4066 R
1189 4011 1266 4082 quod
1289 4011 1333 4067 illi
1357 4011 1456 4066 dicunt

120 4091 269 4164 cyminum
292 4108 344 4148 uos
367 4092 525 4148 murinum:
549 4107 635 4161 quem
660 4089 705 4146 illi
728 4087 919 4162 κνιὶοἱριοοον,
945 4109 996 4148 uos
1015 4108 1191 4163 cupressum:
1215 4091 1259 4148 illi
1278 4087 1455 4164 κυβερνήτην

120 4192 174 4231 nos
192 4175 415 4247 gubernatorem
434 4171 462 4229 R
536 4177 570 4226 11
590 4170 611 4226 ii
629 4169 700 4227 iiam
718 4172 887 4229 Latinorum
905 4171 934 4229 R
952 4178 978 4229 et
996 4175 1080 4228 codex
1098 4172 1202 4230 -Vrsim'
1275 4172 1454 4245 Latinorum]

122 4257 204 4313 Mar.
222 4255 325 4312 Victor.
339 4273 371 4326 p.
386 4259 432 4322 11,
445 4259 473 4310 9.
492 4257 542 4320 24,
555 4258 595 4314 2,
651 4260 684 4310 18
705 4257 735 4311 ot
752 4253 884 4310 confusas
902 4253 990 4310 foisse
1010 4273 1025 4310 ο
1045 4257 1075 4310 et
1093 4275 1115 4310 ω
1134 4254 1163 4310 R
1220 4254 1304 4324 ,quie
1322 4269 1413 4324 aeque
1428 4253 1456 4308 R

197 4343 232 4395 18
251 4337 357 4394 laeum
374 4351 458 4406 μνοιο
475 4335 603 4391 indicaui
621 4338 663 4392 itu
680 4336 738 4405 fere
754 4336 867 4392 videtur
884 4335 1042 4405 οκμμῐικάο
1060 4350 1124 4404 erse,
1142 4334 1244 4390 exilius
1262 4333 1328 4390 volo
1347 4351 1456 4406 sonare,

122 4417 232 4476 sidioo
251 4419 288 4474 ab
308 4433 343 4474 eo
361 4414 439 4486 quod
458 4415 503 4470 est
520 4414 639 4486 prodere
658 4415 772 4472 vincare
792 4415 927 4484 condere,
944 4415 975 4470 in
995 4432 1029 4472 eo
1048 4432 1115 4472 vero
1135 4414 1212 4486 quod
1231 4414 1375 4486 significat
1392 4432 1456 4486 pro·

7 4553 8 4556 ,
122 4500 185 4556 dire
204 4505 253 4556 etc.
332 4503 368 4556 20
387 4495 515 4552 habeant
532 4494 589 4552 dici
607 4494 649 4566 R,
668 4495 792 4552 debeant
810 4494 868 4552 dici
887 4495 1071 4552 succederes
1088 4513 1203 4567 gramm.
1223 4496 1271 4551 lat.
1291 4511 1315 4550 ο.
1336 4494 1358 4549 Ι
1370 4511 1402 4565 p.
1417 4500 1458 4550 20
1520 4505 1527 4511 ·

7 4629 8 4640 2
178 4585 212 4635 21
233 4577 371 4652 plenioris
385 4593 470 4634 sonus
485 4575 526 4647 R,
546 4574 681 4647 planioris
696 4576 759 4632 soni
775 4575 958 4634 Οοικικιῑὶκκο
972 4583 997 4634 et
1011 4577 1195 4633 Schneideruo
1267 4574 1456 4646 rusticanum]

124 4661 183 4716 eie.
202 4661 235 4716 de
254 4665 326 4717 orat.
346 4659 412 4715 III
428 4664 474 4728 11,
492 4661 531 4715 42
550 4657 585 4712 ub
601 4661 680 4725 eous,
700 4653 814 4726 Catule,
834 4657 990 4713 sodalisla.
1009 4657 1093 4712 Cotta
1111 4657 1236 4727 gaudere
1255 4654 1327 4712 mihi
1345 4655 1459 4711 videtur

124 4741 268 4811 gravitsta
286 4739 403 4812 linguae
422 4753 549 4810 sonoque
563 4736 643 4793 vocis
662 4737 767 4806 agresti
789 4741 818 4793 et
835 4737 908 4794 illud
927 4738 1004 4864 quod
1022 4737 1150 4809 loquitur
1168 4736 1292 4808 priscum
1312 4735 1404 4792 risum
1423 4735 1457 4791 iri

30 4869 33 4874 .
125 4825 224 4892 putot,
244 4821 268 4878 si
287 4821 373 4893 plane
392 4819 480 4876 luerit
496 4817 674 4876 rusticanum

181 4929 341 4964 summer
355 4929 445 4963 num
465 4929 510 4962 rm.
1225 4914 1242 4962 4
