3616 5482
335 347 401 416 172
885 347 1120 408 cassionotttx

334 463 356 504 p.
371 453 425 495 md
439 451 465 495 Ρ.

334 538 452 601 desinat
476 540 507 600 ln
531 547 762 616 consonantem,
777 495 827 602 'ex
851 557 911 621 qua
935 539 1025 602 etiam
1049 537 1181 602 secunda
1210 539 1348 626 incipiat,
1377 540 1396 604 Β
1420 547 1534 604 mutam
1558 541 1673 603 retinet
1726 547 1727 554 ’

334 648 495 732 scriptura,
517 655 553 710 ut
576 645 671 711 bucca
695 647 775 711 bulla
799 657 831 711 et
853 646 970 710 similia.

332 819 336 828 ,
365 817 368 824 Δ
425 753 485 819 l'ao
508 756 634 840 syllaba,
662 761 803 839 quotiens
830 760 1001 840 praeposita
1031 758 1137 842 inerit,
1167 777 1184 820 v
1208 759 1339 822 vocalem
1364 757 1454 822 babet
1482 778 1538 842 pro
1562 777 1672 822 conso·

225 868 232 880 “
334 875 440 949 nante,
463 873 498 929 nt
520 883 610 927 vacca
635 861 678 942 [id
702 873 751 927 est
775 864 957 948 iumentum]
982 869 1151 930 vaccinium
1177 865 1308 948 [scilicet
1327 865 1406 948 llos].
1445 885 1514 930 nam
1532 867 1672 944 Raccbus

333 981 364 1036 ct
387 972 504 1036 Raccba
527 981 559 1036 ct
581 971 690 1034 baccar
711 990 768 1053 per
791 971 810 1034 b
834 972 993 1036 scribenda
1018 983 1097 1037 sunt
1135 973 1191 1037 beo
1215 983 1246 1037 ct
1268 972 1318 1036 bic
1342 973 1470 1057 syllabas
1493 977 1594 1039 inveni
1619 975 1700 1039 dc-s

331 1082 433 1145 ficere.
470 1079 529 1144 boc
549 1097 643 1144 unum
663 1078 826 1144 barbarum
845 1081 951 1165 didici,
974 1080 1004 1144 id
1030 1091 1076 1145 est
1095 1081 1247 1160 Bocchus,
1271 1082 1351 1164 quod
1376 1081 1395 1146 b
1420 1095 1533 1147 mutam
1557 1084 1671 1149 babere

333 1191 530 1272 cognovimus
554 1191 585 1253 in
610 1191 770 1270 scriptura.
810 1198 841 1252 et
864 1187 1022 1252 sciendum
1046 1189 1134 1272 quod,
1151 1193 1272 1252 nomina
1295 1193 1470 1274 peregrina,
1500 1194 1526 1254 si
1550 1192 1671 1258 traban-

335 1307 386 1361 tur
404 1299 441 1362 ad
460 1299 587 1362 latinum
607 1315 793 1380 sermonem,
817 1295 836 1358 b
857 1307 969 1360 mutam
990 1295 1047 1360 sibi
1067 1283 1247 1380 plerumque
1269 1297 1443 1362 defendunt
1477 1299 1545 1362 ideo
1568 1311 1672 1364 autem

334 1406 466 1470 diximus
494 1406 687 1490 plerumque,
716 1408 786 1488 quia
814 1412 886 1468 sunt
914 1424 990 1487 quae
1019 1405 1121 1470 latinis
1150 1405 1264 1488 regulis
1292 1408 1445 1490 serviunt,
1473 1416 1507 1469 ut
1534 1407 1671 1472 llassiva.

335 1515 393 1578 boc
418 1517 499 1578 enim
522 1533 633 1578 nomen
657 1514 729 1578 licet
751 1512 914 1577 barbarum
938 1521 1071 1592 constat,
1094 1523 1195 1578 tamen
1215 1515 1350 1600 regulam
1373 1515 1496 1578 latinam
1520 1519 1671 1599 scriptura
1687 1537 1715 1576 m

335 1632 508 1708 conservat,
542 1643 632 1706 quam
665 1643 740 1688 suns
773 1624 858 1687 locus
891 1623 1081 1687 monstrabit
1129 1623 1188 1688 buc
1220 1623 1362 1714 syllabam
1395 1627 1426 1686 in
1457 1643 1518 1686 uno
1550 1627 1673 1707 repperi

336 1731 525 1795 solummodo
549 1733 686 1816 nomine,
709 1731 767 1794 boc
792 1740 838 1795 est
860 1730 972 1816 bucca,
995 1731 1075 1813 quod
1099 1751 1156 1814 per
1179 1732 1198 1796 Β
1222 1742 1336 1796 mutam
1361 1729 1514 1794 scribitur.
1567 1731 1572 1740 '

425 1893 441 1944 a
461 1847 609 1960 annana
625 1887 654 1945 n
728 1887 915 1946 canosinam
935 1886 960 1944 c
1029 1889 1154 1946 amenta
1172 1884 1208 1946 at
1221 1889 1330 1946 natam
1347 1889 1378 1946 et
1393 1887 1502 1944 matu
1518 1889 1547 1945 a
1567 1889 1672 1946 amaus

334 1975 364 2026 at
385 1969 496 2026 baocba
519 1968 643 2026 bacchar
665 1969 694 2024 B
717 1969 821 2026 bacam
845 1971 874 2026 et
898 1970 992 2027 bacha
1014 1969 1121 2027 bccbar
1145 1970 1169 2027 0
1194 1969 1325 2028 Bocchus
1350 1973 1381 2026 et
1402 1965 1515 2027 Bacchas
1536 1969 1673 2027 bacchari

335 2050 444 2108 bacher
463 2050 564 2108 Carrio
644 2057 661 2106 t
680 2048 804 2108 bonoim
822 2049 884 2106 AB
903 2050 1009 2107 bocboc
1029 2051 1054 2108 0
1133 2057 1166 2107 10
1185 2051 1339 2108 barbarum
1357 2067 1420 2108 esee
1439 2051 1550 2108 oonamt
1570 2049 1672 2108 Coreto

795 2322 984 2381 mvxutt
1002 2322 1051 2379 DE
1070 2322 1093 2378 B
1112 2321 1161 2378 ET
1181 2323 1207 2378 V

424 2491 486 2555 Bab
514 2493 561 2555 vel
588 2492 645 2555 alia
674 2492 882 2556 intercedente
910 2493 1005 2556 vocali
1034 2491 1147 2556 nullam
1171 2495 1293 2575 repperi
1317 2495 1448 2556 nominis
1473 2495 1671 2576 incipientem

335 2600 486 2683 syllabam.
531 2599 591 2664 llac
620 2600 730 2684 syllaba
759 2605 900 2685 quotiens
935 2605 1107 2684 praeposita
1136 2603 1241 2679 inerit,
1271 2621 1288 2663 v
1315 2601 1448 2664 vocalem
1476 2601 1586 2666 babeat
1613 2623 1671 2686 pro

334 2719 533 2793 consonante,
556 2720 592 2773 ut
614 2729 702 2773 vacca
726 2714 902 2775 vaccinium.
941 2728 1009 2773 uam
1029 2709 1166 2774 bacchus
1186 2722 1216 2773 et
1240 2704 1348 2773 b'accar
1367 2709 1426 2772 sibi
1449 2729 1557 2792 graeca
1575 2714 1671 2776 viudi-

335 2820 413 2882 cavit
439 2817 610 2900 prudentia.
659 2837 712 2883 voc
744 2822 791 2882 u'c
819 2819 946 2908 syllabas
984 2821 1085 2881 iuveni
1113 2818 1252 2880 delicere.
1294 2817 1352 2880 boc
1373 2796 1474 2881 *unum
1508 2819 1672 2883 barbarum
1698 2902 1701 2906 Ι

334 2927 439 3009 didici,
462 2926 492 2989 id
515 2934 561 2989 est
579 2925 732 3011 Bocchus,
756 2926 836 3009 quod
861 2926 880 2990 Β
904 2937 1019 2989 mutant
1041 2925 1154 2989 babere
1174 2928 1370 3009 cognovimus
1389 2929 1421 2988 in
1440 2929 1600 3009 scriptura.
1638 2937 1699 2991 ets

333 3034 490 3097 sciendum
519 3035 600 3117 quod
628 3037 750 3098 nomina
778 3039 953 3118 peregrina,
982 3038 1009 3097 si
1038 3033 1201 3098 trabuntur
1225 3034 1261 3097 ad
1285 3033 1412 3096 latinum
1436 3035 1622 3119 sermonem,
1652 3035 1671 3098 Β

261 3135 264 3142 ’
334 3141 534 3220 mutamsibi
563 3141 742 3226 plerumque
772 3143 947 3206 detendunt.
990 3141 1058 3204 ideo
1088 3151 1188 3203 autem
1218 3140 1349 3204 diximus
1377 3141 1572 3225 plerumque,
1600 3147 1672 3224 quia

334 3260 406 3313 suut
429 3269 506 3333 quae
530 3250 631 3314 latinis
654 3247 943 3333 serviunt'regulis,
966 3258 1001 3311 ut
1024 3249 1159 3311 llassiva.
1196 3250 1254 3312 boc
1275 3253 1355 3314 enim
1375 3268 1485 3313 nomen
1507 3251 1579 3314 licet
1602 3252 1671 3314 bar·

333 3358 441 3422 barum
465 3362 625 3446 consistat,
654 3367 754 3422 tamen
778 3357 912 3442 reguiam
936 3358 1141 3437 inscriptura
1166 3366 1339 3443 conservat,
1368 3377 1457 3439 quarn
1481 3377 1556 3422 suus
1585 3359 1672 3423 locus

334 3467 523 3531 monstrabit.
561 3467 621 3531 buc
644 3469 772 3551 primam
796 3465 938 3548 syllabam
962 3467 993 3527 in
1007 3481 1079 3552 'uno
1101 3467 1223 3546 repperi
1247 3465 1435 3529 solummodo
1455 3469 1587 3550 nornine,
1611 3467 1717 3532 boeto

334 3585 381 3638 est
409 3575 518 3661 bucca,
546 3577 627 3658 quod
654 3595 710 3658 per
734 3575 753 3638 b
783 3584 896 3638 mutam
920 3571 1081 3648 scribitur,
1110 3591 1166 3635 ceu
1191 3573 1279 3654 paulo
1303 3582 1371 3636 ante
1396 3577 1544 3637 rationem
1568 3575 1670 3639 reddi-

297 3746 300 3755 ,
334 3684 442 3748 dimus.
479 3684 537 3748 bad
561 3685 614 3747 bai
633 3685 691 3766 bag
714 3683 771 3746 bak
796 3682 922 3764 syllabas
945 3679 993 3744 vel
1020 3658 1280 3743 intercedentibus
1304 3681 1370 3743 aliis
1396 3681 1548 3746 vocalibus
1577 3683 1671 3748 latina

336 3795 437 3855 minus
462 3797 691 3857 connumeravit
713 3791 861 3855 facundia.
911 3785 914 3788 ’
1356 3769 1363 3782 ’

425 3900 477 3964 Val
506 3905 601 3984 prima
630 3900 755 3984 syllaba,
784 3899 932 3981 siquidem
956 3898 966 3960 l
990 3899 1082 3961 inerit
1110 3898 1211 3961 littera
1240 3897 1416 3982 subsecuta,
1440 3917 1533 3979 perv
1556 3899 1670 3964 seribe-

348 4038 352 4049 ¹
425 4057 579 4131 thabsat]
599 4055 719 4114 babebit
738 4054 767 4110 P
838 4056 905 4110 tet
922 4053 1026 4109 baccar
1044 4069 1095 4109 om.
1115 4053 1145 4109 P
1205 4053 1369 4124 idelecere
1388 4053 1423 4110 N
1488 4057 1671 4114 streberen·

334 4157 383 4212 tor
399 4185 436 4198 -
455 4154 644 4213 defenderunt
664 4155 693 4210 P
769 4159 786 4210 8
806 4152 931 4210 Massiva
951 4150 980 4206 P
997 4135 1121 4208 Masstba
1139 4155 1166 4210 N
1239 4153 1392 4212 barbarum
1411 4153 1544 4210 consistit
1558 4153 1591 4210 'P
1604 4155 1671 4212 bar·

334 4235 443 4294 baviam
463 4236 602 4294 consistat
620 4237 654 4292 N
724 4241 758 4291 10
778 4235 808 4290 in
826 4250 884 4290 uno
902 4233 1009 4305 reperis
1028 4233 1206 4292 solummodo
1219 4235 1336 4292 nomina
1354 4235 1409 4290 boc
1427 4236 1471 4291 est
1488 4234 1578 4292 bucca
1596 4235 1625 4291 P
1639 4237 1670 4292 in

336 4336 423 4375 unum
442 4319 555 4391 repperi
573 4319 665 4375 solum
680 4334 783 4375 nomen
801 4316 857 4372 hoc
876 4315 992 4370 buccam
1013 4315 1047 4369 N
1109 4325 1140 4372 11
1161 4316 1306 4373 reddimus
1324 4315 1391 4369 NP
1453 4321 1487 4370 tt
1507 4315 1559 4371 Bttl
1576 4317 1672 4387 prima

334 4397 447 4470 syllaba
471 4399 614 4472 siqnidem
637 4399 649 4455 l
674 4398 760 4454 fuerit
784 4395 880 4451 littera
904 4395 1056 4452 subsecuta
1078 4415 1130 4470 per
1148 4417 1166 4454 v
1185 4397 1350 4470 digammon
1373 4396 1511 4453 scribetur
1531 4401 1562 4453 nt
1585 4399 1671 4456 valiis

335 4481 366 4535 at
383 4479 491 4536 vallnm
510 4499 577 4538 nam
602 4481 744 4540 vellonam
767 4493 800 4534 ac
823 4475 970 4534 miliaton
989 4493 1128 4550 agrame
1146 4479 1203 4536 dici
1221 4494 1286 4534 mea
1304 4476 1671 4548 putavitsententiabsnc

335 4577 416 4628 παρα
438 4581 471 4618 το
494 4563 594 4636 datlen
613 4583 663 4618 και
682 4578 860 4632 asportaverat
879 4579 1025 4617 τοιιτεστιν
1045 4581 1177 4631 αναιρειν
1200 4561 1225 4616 ai
1243 4575 1310 4616 vero
1335 4558 1408 4614 baec
1425 4573 1484 4614 non
1503 4564 1672 4639 sequeretur

335 4643 369 4697 nt
387 4641 488 4700 balvus
506 4645 621 4702 beltena
639 4644 760 4700 balneae
780 4645 810 4720 et
827 4641 930 4698 balvae
947 4645 1040 4711 dopna
1059 4641 1114 4698 nisi
1132 4659 1150 4698 a
1167 4640 1309 4699 vestibulo
1323 4641 1389 4696 alno
1404 4656 1507 4696 nomen
1525 4642 1580 4698 boc
1594 4643 1671 4699 arni-

334 4723 443 4778 tremur
466 4725 664 4796 compositum.
701 4723 772 4780 mibi
795 4727 891 4780 mmcd
914 4722 969 4778 boc
993 4723 1081 4779 etiam
1104 4739 1239 4794 graecam
1263 4721 1376 4778 videtur
1401 4722 1521 4780 existere
1544 4739 1672 4797 namque

336 4803 413 4876 apud
435 4804 500 4862 illos
524 4807 659 4878 βαλβιδες
683 4825 710 4861 οι
734 4824 898 4876 καμπτηρις
922 4805 952 4860 ct
973 4802 1066 4859 balbis
1090 4823 1121 4858 att
1143 4823 1199 4859 των
1224 4805 1369 4874 dpopctotv
1389 4822 1561 4874 αφαιτηριαι
1579 4807 1673 4864 nomi·

334 4889 448 4944 uantur.
477 4885 626 4957 Excipitur
640 4885 806 4945 adverbium
822 4886 907 4944 valde
921 4886 950 4943 P
1001 4887 1154 4942 subsecuta
1166 4903 1218 4958 per
1231 4904 1249 4941 v
1265 4885 1415 4960 scribetur]
1432 4883 1627 4943 subscribatur
1640 4889 1676 4945 N
