3564 5482
359 365 427 438 412
936 367 1112 430 uosrrflur

362 485 382 524 p.
395 475 430 517 dd.
444 476 471 516 dl
487 472 517 516 Η.

361 560 441 643 quod
466 577 522 623 nee
545 558 688 636 diitieiiia,
717 578 898 643 quamquam
922 561 962 622 sit
981 561 1180 642 compositum
1203 578 1218 623 a
1239 559 1348 645 iaeiiie,
1372 563 1520 626 rationem
1540 563 1690 647 sequitur,

361 663 413 732 sed
443 676 604 751 utrumque
633 669 803 754 contundit,
836 680 867 733 et
895 687 950 752 pro
978 667 1142 732 diiiieiiiter
1170 668 1299 733 dicimur
1326 669 1498 734 difficulter.
1550 669 1691 734 similiter

361 789 391 841 et
415 777 511 842 audax
535 777 691 858 audacter,
714 797 774 842 uon
798 777 960 842 audaciter.

452 885 530 950 Sunt
553 885 609 950 alla
632 885 772 950 adverbia
797 885 964 970 qualitatis,
992 903 1069 968 quae
1098 905 1197 968 neque
1226 905 1281 970 per
1304 906 1322 949 e
1346 905 1445 970 neque
1469 906 1526 970 per
1548 866 1689 950 ter'eiie·

363 1004 488 1079 ruutur,
521 994 574 1058 aed
597 1013 663 1077 per
692 1015 742 1080 us,
775 1005 809 1060 ut
836 995 974 1060 iuudiius
998 985 1045 1072 ῶς
1067 987 1291 1079 θεμελιόθεν,
1324 995 1449 1059 caelitus
1483 986 1727 1080 οάραυάθεν,ι

359 1104 534 1168 humanitus
562 1093 810 1187 ἀνθρωπόθεν,
838 1105 977 1186 stirpitus
1005 1095 1160 1188 ῥιζόθεν,
1196 1104 1351 1169 mordicus
1380 1095 1472 1181 ὀδάξ.
1519 1107 1590 1168 item
1620 1114 1691 1167 sunt

361 1231 438 1295 quae
470 1216 501 1276 in
535 1215 576 1276 im
610 1211 659 1294 [ae
692 1213 760 1294 tim]
795 1215 1010 1294 terminantur,
1044 1221 1077 1275 ut
1109 1215 1220 1277 caesim
1253 1211 1457 1296 πληιιτιιιῶς,
1490 1217 1690 1278 continuatim

360 1319 526 1406 συνεχῶς,
554 1323 664 1405 raptim
691 1313 908 1408 ἀρπαμηδόν,
938 1325 1052 1385 cursim
1083 1319 1271 1406 τροχαλῶς,
1305 1323 1434 1384 strictim
1469 1315 1690 1406 ἕσφιμμίνως,

360 1433 507 1514 gregatim
530 1422 716 1515 ἀγεληδόν,
745 1435 906 1515 separatim
932 1427 1204 1514 κεχωρισμένως,
1232 1431 1372 1514 privatim
1401 1425 1488 1515 ίδίᾳ,
1516 1435 1628 1514 partim
1657 1426 1691 1494 ἐκ

361 1535 501 1624 μέρους,
530 1541 746 1623 pedetemptim
768 1529 853 1604 ιιατά
882 1531 1100 1622 προχῶρησιν
1128 1529 1252 1621 ἠρέμα,
1282 1538 1425 1621 paulatim
1454 1533 1490 1602 ἐκ
1516 1537 1579 1603 τοῦ
1606 1531 1691 1623 πρὸς
1704 1551 1726 1590 ¹⁰

361 1640 496 1732 ὀλίγον,
520 1651 659 1713 minutim
677 1639 761 1712 κατά
780 1639 919 1730 λεπτόν,
944 1649 1057 1710 sensim
1075 1637 1183 1730 ἠρέμα
1202 1638 1333 1730 λάθρα,
1357 1648 1463 1711 iurtim
1477 1647 1691 1731 κλεψιμαίως,

361 1758 486 1822 deditim
520 1752 687 1840 ἐπίτηδες,
720 1759 848 1840 carptim
882 1753 1079 1836 δρεπτιιιῶς,
1112 1757 1283 1819 summatim
1316 1739 1402 1819 κατά
1434 1747 1557 1840 ἀκρον,
1590 1759 1691 1820 statim

361 1857 506 1948 εὐθέως,
534 1869 646 1950 passim
674 1863 864 1948 πανταχοῦ,
892 1865 1071 1947 praesertim
1100 1859 1290 1948 ἐξαιρέτως,
1325 1865 1456 1928 uicissim
1489 1854 1691 1948 ἀμοιβηδόν.

361 1976 434 2038 item
458 1984 530 2039 suut
552 1993 629 2056 quae
653 1975 684 2037 in
708 1993 726 2035 ο
750 1975 965 2058 terminantur,
996 1982 1030 2035 ut
1058 1971 1196 2036 consultu
1226 1967 1394 2054 ἐπίτηδες,
1423 1981 1489 2037 tuto
1517 1964 1691 2056 ἀσφαλῶς,

362 2083 498 2147 chunuto
522 2083 707 2148 clandestino
731 2075 859 2166 λάθρα,
883 2081 974 2145 dubio
998 2077 1231 2163 δισταιιτιιιῶς,
1260 2080 1333 2143 iaieo
1362 2079 1518 2158 πλαστῶς
1545 2079 1690 2162 ψευδῶς,
1704 2093 1725 2135 1⁵

361 2211 548 2276 supervacuo
571 2185 699 2275 μάτην,
722 2192 782 2253 citu
805 2185 945 2273 ταχέως,
970 2199 1087 2253 secreto
1110 2181 1184 2254 κατ’
1211 2186 1320 2270 ἰδίαν,
1351 2189 1495 2273 bipertito
1519 2187 1692 2276 δισχιδῶς,

363 2303 514 2384 tripertito
546 2296 742 2385 τρισχιδῶς,
776 2299 996 2383 quadripertito
1032 2295 1257 2383 τετρασχιδῶς
1294 2297 1543 2382 [quadripertito]
1576 2321 1691 2385 τετρα-

360 2407 479 2493 μερῶς,
499 2410 624 2473 iortuito
638 2407 805 2493 τυχηρῶς,
819 2409 937 2472 infinito
957 2403 963 2493 Ι
984 2399 1150 2491 ἀορίστως
1163 2398 1375 2491 ἀπεράντως,
1390 2412 1534 2472 οοιιθιιιιο
1549 2400 1691 2491 εὐθέως,

361 2520 460 2601 primu
492 2511 651 2602 πρῶτως,
697 2519 820 2599 ορίιιοῑο
853 2511 1194 2600 προσδεδοιιημίνως,
1232 2516 1368 2599 proiecto
1403 2511 1549 2602 δηλαδή,
1584 2535 1690 2601 magno

362 2619 529 2710 μεγάλως,
554 2628 633 2689 rare
647 2624 814 2706 σπανίως,
838 2629 947 2689 merito
971 2622 1111 2701 δικαίως
1133 2617 1250 2706 ἀξίως,
1277 2627 1419 2688 inmerito
1444 2617 1604 2707 ἀναξίως,
1629 2628 1690 2687 otio
1703 2637 1726 2678 υ

361 2727 506 2820 ἀμελῶς,
540 2734 648 2799 erebro
675 2732 828 2814 πυιινῶς,
861 2737 983 2798 οιιιιιίοο
1011 2731 1199 2815 παντελῶς,
1232 2733 1312 2797 ultro
1345 2725 1566 2817 αὐθαιρέτως.
1618 2737 1691 2797 item

362 2855 434 2910 sunt
457 2864 533 2928 quae
557 2847 588 2908 iu
612 2863 659 2907 aru
683 2846 899 2927 terminantur,
922 2852 957 2906 ut
980 2842 1056 2907 eiam
1079 2835 1209 2926 λάθρα,
1234 2843 1416 2924 nequiquam
1440 2835 1566 2927 μάτην,
1595 2843 1691 2927 paiam

362 2950 534 3037 φανερῶς,
556 2952 674 3017 ebriam
698 2947 732 3030 ἐξ
752 2949 923 3033 ἐναντίας,
946 2950 1083 3015 biiariam
1103 2947 1220 3034 διχῶς,
1244 2951 1391 3014 triiariam
1409 2949 1545 3035 τριχῶς,
1571 2953 1690 3035 quadri·

363 3064 466 3126 iariam
502 3059 683 3145 τετραχῶς,
721 3062 912 3125 multifariam
949 3057 1140 3142 πολλαχῶς,
1177 3078 1278 3124 euram
1317 3057 1489 3143 φανερῶς,
1530 3080 1690 3145 perperam

361 3169 535 3251 προπετῶς
557 3162 675 3246 άλλως.
721 3180 794 3233 aunt
822 3187 898 3251 quae
927 3171 958 3230 iu
982 3187 1002 3230 u
1028 3171 1241 3252 terminantur,
1271 3178 1304 3231 ut
1332 3167 1415 3232 dictu
1444 3166 1490 3256 τῷ
1518 3163 1725 3250 tamenne

363 3280 443 3343 iaetu
465 3276 513 3367 τῷ
536 3276 699 3362 γενέσθαι
723 3324 732 3341 .
754 3281 828 3340 item
852 3285 924 3339 suut
947 3294 1023 3358 quae
1048 3279 1078 3338 in
1102 3295 1119 3337 a
1143 3279 1361 3360 terminantur,
1384 3289 1419 3341 ut
1438 3277 1550 3341 trustra
1569 3271 1691 3361 μάτην,

362 3389 462 3452 dedita
485 3384 652 3471 ἐπίτηδες,
676 3389 785 3452 iniuria
809 3375 942 3458 ἀδίκως.
979 3394 1050 3447 sunt
1069 3383 1123 3447 aiia
1143 3387 1175 3447 in
1191 3403 1207 3447 e
1223 3388 1271 3448 uei
1284 3393 1332 3448 ier
1345 3389 1412 3449 siue
1426 3395 1595 3469 prototypo,
1610 3387 1691 3450 reiut

363 3507 477 3562 temere
486 3493 670 3581 προπετῶς,
681 3495 800 3560 abunde
813 3488 1017 3572 πολυτελῶς,
1031 3495 1097 3556 iure
1114 3488 1263 3574 δικαίως,
1278 3493 1378 3557 obiter
1389 3489 1481 3582 ἐντῶ
1497 3485 1598 3584 αὐτῷ.
1618 3497 1691 3559 item

362 3608 437 3670 haee
447 3606 586 3670 adverbia
595 3597 818 3688 πρωτότυπον
832 3621 892 3665 nou
907 3603 1028 3686 habent,
1042 3602 1123 3666 veiui
1137 3610 1206 3684 post
1220 3605 1373 3684 posterius
1387 3613 1584 3688 postremum,
1598 3623 1692 3687 supra

455 3827 547 3884 Codex
570 3823 771 3897 Sarapalleuaa'e.
809 3823 976 3880 teimiiiier
995 3825 1142 3894 (uaporem.
1163 3825 1203 3894 et)
1231 3823 1325 3880 audax
1412 3829 1499 3895 iper
1516 3825 1572 3898 ter]
1592 3841 1646 3897 per
1663 3829 1693 3882 te·

400 3907 566 3981 datripitna
639 3907 778 3964 murditur
802 3906 873 3976 δραξ
948 3909 1016 3962 'tut
1035 3905 1136 3962 cessim
1209 3903 1363 3978 draptim]
1383 3905 1488 3978 partim
1564 3911 1598 3961 1⁰
1618 3926 1692 3962 ιιατα

362 4007 567 4063 προςμεχρεσιν
581 4009 599 4061 η
615 4010 675 4062 αμα
746 3994 776 4045 11
794 3989 898 4045 aenaim
912 3991 1078 4059 anputatae
1147 3990 1302 4059 κλεψιμεος
1376 3993 1409 4044 it
1424 3985 1556 4062 deditim]
1571 3988 1692 4045 deuitim

400 4073 540 4146 carpatim
616 4077 648 4128 iti
667 4070 767 4128 dubito
842 4077 876 4127 tu
895 4068 1060 4142 auperuituo
1133 4067 1250 4137 διχιδως
1323 4075 1356 4124 19
1376 4069 1507 4142 opinato]
1527 4071 1629 4127 ornato

364 4161 398 4210 21
414 4157 529 4227 αμηλως
597 4157 746 4224 παντηλας
815 4154 1004 4221 αυταυρεθως
1072 4157 1107 4206 22
1122 4149 1296 4222 nequiquam
1310 4170 1403 4222 ματην
1417 4149 1545 4208 deitatem
1560 4153 1692 4222 επιτηδες

363 4235 460 4310 putam
542 4239 577 4290 at
597 4234 694 4292 dedita
722 4229 855 4306 ἐπίτηδες
873 4251 925 4292 utu.
1000 4232 1058 4288 aliu
1076 4233 1105 4288 in
1124 4250 1140 4289 e
1158 4251 1347 4302 πρωτοτυπον
1365 4237 1404 4288 nir
1423 4235 1530 4291 temere
1548 4253 1692 4306 προποτοτ

363 4316 546 4387 (τοτα-τως)
619 4323 654 4374 29
673 4315 765 4389 velut]
784 4333 853 4372 uum

416 4577 417 4580 ρ
454 4522 472 4571 4
492 4513 564 4572 Sunt
586 4515 724 4574 aduerbia
746 4514 895 4587 qualitatis
913 4545 947 4554 -
966 4520 1001 4570 28
1020 4516 1140 4581 διιιαιως
1163 4514 1225 4573 iure
1248 4517 1333 4574 eudem
1358 4515 1538 4573 Monacensis
1555 4521 1609 4573 601
1631 4517 1692 4590 (M)

384 4600 399 4650 7
419 4593 449 4652 in
467 4595 507 4652 im
527 4600 557 4653 et
574 4599 627 4656 tim
646 4599 684 4655 dri
705 4599 750 4667 Μ,
769 4598 798 4654 in
818 4596 871 4654 rim
889 4612 924 4652 ae
943 4596 997 4652 tim
1015 4597 1206 4654 terminantur
1226 4601 1373 4668 Ηορειιιιο,
1391 4596 1461 4653 item
1479 4596 1510 4653 iu
1528 4595 1567 4653 im
1581 4595 1691 4658 Οίιατῶ.

363 4677 586 4749 p.187,16,a1ia
599 4679 630 4735 iu
644 4681 683 4736 im
698 4679 845 4736 Diouredee
858 4694 889 4750 μ.
900 4681 984 4745 407,3
1041 4684 1074 4734 10
1093 4678 1298 4752 pedetemptim
1317 4675 1390 4735 ιιατά
1408 4674 1692 4754 προχάρηωτήράμα

365 4755 502 4828 Haemo
583 4767 618 4817 20
636 4761 711 4817 iusto
730 4763 850 4824 διταιως
866 4762 871 4830 Ι
885 4757 988 4815 merito
1007 4759 1095 4827 αξιιος
1115 4763 1153 4818 Μ
1233 4765 1268 4816 27
1287 4759 1385 4817 dedita
1403 4754 1548 4831 ἐπίτηδες,
1566 4763 1643 4831 quod
1661 4764 1693 4818 ιἰι

364 4845 481 4978 ibaeque
499 4842 591 4898 codice
609 4847 771 4913 eormaptum
790 4847 815 4898 et
833 4843 866 4895 ira
884 4839 1024 4896 adverbiis
1042 4858 1089 4898 am
1108 4843 1198 4912 piutita
1214 4843 1349 4912 seriptum
1372 4845 1422 4912 eat,
1445 4839 1500 4895 λινε
1517 4845 1692 4912 tramit

397 4939 501 4995 αρτιιιω
1423 4968 1425 4975 .
