3616 5482
603 311 654 369 ne
674 311 970 371 semocriorem
1329 391 1332 396 ¹
1396 311 1459 380 149

119 424 142 465 p.
158 413 215 457 2288
228 415 254 456 Β.

212 500 238 574 Q
261 500 363 565 littera
387 507 461 564 tunc
484 499 569 565 recle
592 504 732 586 ponitur,
761 485 831 566 cum
859 501 902 566 illl
931 503 1031 564 statim
1056 519 1077 564 u
1104 500 1205 588 littera
1228 511 1260 566 et
1288 500 1344 566 alia
1368 519 1458 584 quae·

8 671 9 682 ,
118 607 194 672 libet
213 627 273 672 nna
292 608 434 692 pluresve
453 609 572 674 vocales
592 612 772 675 coniunctae
791 611 921 693 luerint,
944 611 986 672 ita
1006 618 1039 672 ut
1059 627 1119 672 una
1138 607 1248 692 syllaba
1269 610 1333 673 liat:
1357 619 1457 674 cetera

8 735 9 798 ι
118 735 175 800 per
198 736 216 780 c
240 716 426 783 scribuntur.
464 719 522 783 boe
546 718 661 808 Lucilio
690 736 813 802 qnoque
842 717 972 782 videtur.
1009 735 1070 780 non
1099 715 1173 781 nulii
1203 719 1311 800 putant
1332 717 1457 782 auribus

8 815 9 866 3
118 825 352 891 deserviendum
376 837 467 911 atque
495 831 537 892 ita
560 827 769 909 scribendum,
798 834 833 890 ut
861 825 992 900 auditur.
1029 833 1077 890 est
1105 827 1186 889 enlm
1216 825 1280 888 iere
1304 833 1457 890 certamen

91 935 157 998 ede
182 943 267 1000 recte
290 939 442 1020 scriptura
465 939 497 1000 in
521 936 587 1020 boc,
611 944 717 1000 utrum
741 934 821 1018 quod
846 933 1002 1012 audimus,
1026 952 1065 998 an
1088 934 1169 1017 quod
1193 932 1287 998 scribi
1310 942 1458 1017 oporteat,

8 1079 9 1122 p
119 1041 316 1108 scribendum
335 1047 383 1108 sit
422 1064 478 1127 ego
497 1063 558 1108 non
577 1046 678 1108 omnia
696 1043 822 1108 auribus
842 1043 986 1106 dederim
1020 1043 1155 1125 quotidie
1175 1053 1248 1108 suut
1271 1045 1323 1125 qui
1346 1063 1403 1126 per
1421 1062 1457 1109 co

8 1131 9 1142 ἵ
119 1153 230 1218 cotidie
262 1153 411 1236 scribant,
440 1152 551 1236 quibus
579 1170 706 1235 peccare
734 1151 806 1214 licet
832 1151 986 1234 desinere,
1015 1153 1041 1214 si
1071 1152 1168 1214 scient
1197 1151 1332 1234 qnotidie
1357 1151 1456 1233 [inde]

39 1322 52 1329 -
118 1268 250 1325 tractum
270 1279 337 1325 esse
358 1279 374 1324 a
394 1270 468 1342 quot
487 1259 603 1344 diebus,
622 1260 681 1324 boo
699 1269 747 1324 est
765 1259 906 1323 omnibus
925 1256 1041 1322 diebus.
1066 1253 1143 1340 ‘qui'
1163 1259 1273 1342 syllaba
1292 1277 1349 1342 per
1368 1278 1388 1342 q
1407 1279 1426 1322 u
1448 1263 1457 1323 i

7 1323 8 1412 Ῐ
118 1367 279 1453 scribitur3
303 1371 329 1432 si
353 1369 512 1452 dividitur,
537 1378 571 1432 ut
589 1372 629 1434 sit
648 1371 698 1434 oui
722 1376 756 1433 ut
780 1367 863 1447 huic,
887 1386 943 1450 per
967 1385 993 1431 o.
1017 1366 1075 1431 boo
1098 1369 1171 1432 item
1190 1370 1222 1430 iu
1242 1370 1353 1432 ceteris
1373 1376 1456 1430 nota·
1542 1382 1548 1390 ·

7 1519 8 1526 1
82 1493 107 1534 ιο
122 1478 236 1564 bimus,
265 1489 299 1543 nt
326 1463 503 1543 divisionem¹
533 1498 550 1543 c
578 1477 678 1543 littera
706 1485 860 1560 sequatur.
905 1477 935 1539 si
967 1483 1068 1539 tamen
1098 1476 1270 1552 ,secundum
1302 1479 1456 1560 antiquam

119 1589 361 1652 enuntiationem
384 1588 478 1652 luerit
499 1587 523 1672 †
546 1589 617 1670 qnia
640 1588 798 1669 genetivus
821 1592 853 1648 et
876 1583 1021 1649 ablativus
1046 1604 1106 1649 non
1130 1584 1284 1650 dividitur.

208 1696 305 1760 Causa
328 1715 385 1780 per
403 1714 495 1761 unam
519 1715 547 1760 s:
571 1716 628 1760 uec
651 1713 833 1778 quemquam
853 1703 971 1760 moveat
990 1697 1114 1777 antiqua
1137 1696 1304 1778 scripture:
1328 1714 1397 1758 narn
1423 1705 1455 1760 et

15 1883 24 1901 ν
118 1824 279 1870 accussare
303 1805 443 1889 perduc
467 1825 483 1870 s
506 1809 710 1890 scripserunt,
738 1807 817 1869 sicut
841 1805 935 1867 luisse
959 1802 1097 1867 divisisse
1121 1821 1188 1866 esse
1213 1809 1244 1866 et
1266 1799 1290 1884 †
1313 1822 1454 1868 causasse

116 1914 252 1998 perduc
271 1933 286 1977 s
306 1915 453 1996 scriptum
473 1917 602 1977 invenio.
638 1916 670 1976 in
690 1931 750 1994 qua
773 1913 980 1976 enuntiatione
1000 1929 1061 1994 quo
1084 1911 1173 1975 modo
1198 1910 1327 1974 dumam
1347 1930 1453 1976 conso·

6 1991 7 2086 l
80 2035 105 2077 1⁵
119 2027 257 2088 nantium
281 2041 375 2086 sonus
399 2023 590 2105 exaudietur,
613 2040 674 2084 non
698 2023 827 2085 invenio.

206 2130 315 2196 vostra
334 2131 405 2195 oiim
425 2133 467 2195 ita
485 2149 541 2213 per
560 2149 592 2212 o,
615 2128 704 2192 hodie
728 2147 784 2212 per
803 2149 834 2214 e,
859 2138 893 2193 ut
912 2119 1196 2213 advorsa'adversa,
1217 2121 1371 2212 pervorsa
1385 2147 1454 2213 per·

116 2259 217 2323 versa,
241 2247 344 2304 votare
368 2249 486 2322 vetere,
509 2245 614 2302 vortex
638 2246 756 2322 vertex,
780 2237 950 2301 convollere
970 2238 1154 2322 convellere,
1184 2237 1368 2320 amploctere
1392 2255 1453 2301 am·

115 2348 259 2431 plectere.
599 2329 601 2334 ¹

207 2455 284 2519 llalo
309 2457 361 2538 qui
385 2463 493 2538 putant
515 2452 553 2518 ab
578 2453 719 2536 eoquod
744 2460 791 2517 est
814 2472 921 2536 graece
945 2452 1077 2537 μᾶλλον
1106 2454 1323 2538 [comparativo
1348 2453 1452 2536 modo]

79 2561 312 2630 ”descendisse
331 2571 363 2627 et
385 2581 441 2646 per
460 2562 548 2626 duol
570 2561 723 2646 scribunt,
745 2569 881 2645 peccant.
919 2581 980 2626 non
1001 2566 1080 2627 enim
1100 2583 1116 2626 a
1140 2582 1249 2646 graeco
1273 2563 1452 2627 translatum
1496 2561 1507 2577 '

115 2684 176 2758 est,
209 2673 263 2738 sed
296 2671 332 2736 ab
363 2674 558 2754 antiquorum
588 2670 823 2754 consuetudine,
851 2673 908 2754 qui
941 2673 1039 2754 primo
1070 2673 1165 2754 magis
1199 2672 1266 2735 volo
1300 2671 1452 2750 dixerunt,

115 2793 221 2867 postea
251 2803 267 2846 a
297 2780 441 2866 pluribns'
466 2779 644 2844 elisionibus
674 2778 731 2842 hoc
763 2779 889 2843 verbnm
920 2787 1170 2864 angustaverunt,
1200 2788 1234 2843 ut
1262 2799 1346 2863 mage
1376 2780 1452 2866 volo,
1479 2761 1493 2802 ⁸

189 2984 203 3033 1
225 2974 249 3043 Q
266 2976 366 3032 littera
374 2992 406 3047 p.
421 2979 487 3043 150,
499 2981 541 3034 22
557 2974 635 3031 Curi.
656 2973 798 3030 Valeriae.
815 2977 879 3044 155,
893 2977 932 3030 24
988 2977 1005 3028 8
1024 2971 1153 3045 quotidie
1168 2973 1318 3044 Papiriano
1334 2979 1451 3042 15818

154 3063 187 3114 ib
206 3055 284 3114 tinto
304 3055 458 3126 Papirion.
479 3061 544 3126 159,
563 3063 579 3113 1

189 3237 203 3286 1
228 3246 248 3284 u
271 3227 399 3285 litteram
421 3227 450 3282 A
524 3233 540 3284 s
564 3225 676 3284 Lucilio
695 3225 832 3284 nentem
856 3227 1020 3300 etBergkio
1044 3233 1156 3285 amore
1180 3229 1336 3286 Muellerus
1359 3228 1450 3284 Lucil.

114 3319 166 3372 sot.
186 3311 234 3369 rel.
258 3326 291 3382 p.
311 3314 358 3378 48,
376 3305 453 3364 lucio
472 3305 635 3365 Aebutio
651 3307 689 3364 Β.
720 3308 775 3364 ‘est
796 3309 821 3364 io
839 3307 947 3368 Latoius
967 3310 1106 3367 cesetius
1130 3309 1256 3366 Vindec'
1279 3308 1378 3366 (locrio

102 3401 133 3466 ‚t
150 3395 193 3451 ite
206 3390 388 3450 scribendum
402 3389 445 3446 ibe
464 3391 497 3446 ui
510 3390 538 3444 A
557 3388 587 3446 id
602 3388 784 3446 scribendum
802 3392 835 3445 nt
854 3389 878 3446 0
931 3389 1064 3447 audetur
1083 3405 1154 3446 corr.
1174 3389 1289 3446 tenditur
1306 3389 1335 3444 Β
1380 3389 1449 3450 ,iere

115 3479 259 3534 certomen
282 3473 310 3530 Β
335 3473 477 3528 certamen
500 3471 561 3526 iere
584 3471 644 3528 AG
720 3475 736 3526 b
763 3469 839 3541 quod
862 3471 994 3528 eudimus
1016 3488 1053 3527 en
1078 3471 1154 3544 qnod
1182 3470 1269 3528 scribi
1294 3474 1408 3543 oportet
1434 3489 1451 3532 ς

114 3575 187 3631 quse
201 3561 247 3629 (q;
262 3555 333 3624 AO)
353 3553 485 3611 eudimus
499 3571 536 3611 en
551 3571 625 3626 quae
639 3557 707 3626 (qne
722 3555 760 3623 A)
776 3553 862 3609 scribi
877 3553 1009 3626 oportent
1022 3552 1114 3609 ABO
1168 3558 1184 3607 8
1202 3569 1253 3624 per
1267 3552 1312 3626 co]
1326 3570 1378 3624 per
1392 3569 1407 3608 c
1423 3555 1450 3608 A

169 3645 185 3696 t
205 3637 336 3696 scribunt
355 3635 380 3694 0
449 3651 568 3708 peccsre
587 3636 658 3692 licei
672 3633 839 3692 'desinerent
857 3636 881 3693 si
900 3633 1006 3690 scirent
1025 3633 1049 3690 0
1065 3637 1091 3689 et
1111 3631 1211 3689 Oorrio
1289 3639 1306 3690 8
1325 3635 1450 3690 boeium

114 3737 176 3778 esso
194 3721 268 3791 quot
285 3717 372 3790 (quod
389 3717 428 3787 A)
448 3714 549 3772 diebus
567 3715 632 3774 AO.
660 3716 770 3772 diverso
787 3717 821 3773 de
838 3733 863 3774 o.
884 3716 1011 3790 quotidie
1025 3715 1208 3786 praeoptent
1226 3715 1321 3772 Velius
1335 3715 1451 3787 Lonpm

109 3819 141 3873 p.
162 3807 207 3869 79,
227 3805 265 3856 17
283 3805 309 3854 et
326 3814 383 3856 ecc.
404 3797 507 3868 Papio.
522 3814 553 3867 p.
573 3801 690 3864 15818
763 3815 814 3869 per
833 3816 852 3870 q
871 3798 1004 3856 scribitur
1022 3799 1051 3854 A
1069 3813 1121 3868 per
1139 3815 1159 3867 q
1178 3795 1264 3852 scribi
1282 3797 1368 3856 debet
1387 3799 1412 3855 0

114 3881 179 3938 esi
200 3879 339 3937 diuiditur
362 3881 395 3936 nt
418 3878 491 3936 sioni
513 3880 546 3934 ni
568 3877 634 3935 buin
658 3893 708 3949 per
728 3893 743 3934 c
761 3878 822 3935 AB
845 3880 869 3938 si
892 3880 1032 3938 diuiditur
1054 3894 1139 3950 perc
1164 3877 1189 3933 si
1213 3877 1259 3934 cni
1277 3880 1344 3938 haic
1365 3881 1389 3938 0

113 3963 279 4020 noiauimus
296 3959 325 4016 Β
417 3967 452 4016 10
470 3961 503 4016 ni
521 3957 551 4014 in
570 3958 709 4016 diuisione
729 3958 754 4016 0
844 3965 876 4016 11
900 3963 1018 4031 fortasse
1040 3959 1129 4016 fuerit
1153 3958 1221 4030 quoi
1239 3959 1368 4030 dativus,
1392 3983 1448 4022 non

112 4043 264 4101 dividitur:
288 4041 324 4110 cs.
349 4039 412 4099 Vel„
425 4039 515 4110 Long.
535 4057 567 4112 p.
586 4046 632 4111 70,
651 4045 688 4097 18
787 4041 855 4112 quie
878 4041 1021 4114 genitium
1039 4040 1067 4096 Β
1091 4041 1168 4112 qood
1190 4039 1333 4114 genitiuus
1353 4043 1377 4099 0
1403 4043 1449 4100 cni

113 4123 228 4182 detinni
247 4123 276 4178 A
295 4137 354 4194 qne
372 4120 516 4192 genitibus
535 4135 553 4179 ς
627 4128 660 4177 12
682 4119 801 4180 comem
821 4139 872 4194 per
887 4141 974 4179 unam
994 4141 1006 4178 s
1025 4139 1078 4178 nee
1098 4138 1271 4194 quemquem
1287 4125 1402 4180 monesi
1420 4125 1448 4179 B

114 4205 205 4278 Oenea
225 4221 277 4278 per
296 4217 381 4260 noem
401 4219 414 4257 s
432 4217 484 4256 nec
504 4216 623 4272 qnemq3
641 4205 762 4260 nouerat
782 4202 806 4259 0
822 4201 943 4260 Causem
962 4221 1013 4277 per
1027 4220 1113 4260 onem
1129 4221 1142 4258 s
1161 4219 1342 4274 nequaquem
1362 4221 1446 4262 noue·

113 4290 157 4346 rei
175 4291 218 4345 A:
237 4288 273 4356 es.
299 4284 358 4342 Vel.
379 4283 470 4354 Lcnp.
483 4299 515 4352 p.
535 4286 581 4350 79,
600 4288 635 4339 19
655 4283 755 4342 Scene.
773 4303 801 4356 p.
821 4292 869 4355 21,
888 4291 923 4342 11
1006 4291 1046 4342 ts
1066 4299 1214 4340 occursare
1232 4301 1284 4355 per
1302 4283 1373 4341 duos
1393 4287 1451 4344 sG

113 4387 246 4428 escuem
265 4384 318 4441 per
337 4366 393 4422 dno
412 4381 440 4421 ss
460 4363 521 4419 AB
585 4380 716 4423 caumes
734 4385 786 4440 per
804 4368 860 4425 duo
875 4386 903 4425 es
917 4366 981 4422 AB
1000 4365 1123 4422 concisse
1141 4381 1193 4436 per
1212 4364 1268 4421 duo
1287 4383 1300 4420 s
1321 4365 1350 4422 0,
1377 4367 1447 4434 ‘fov-

113 4457 183 4508 tosee
201 4449 323 4508 ceuiese’
346 4445 461 4517 conio,
480 4443 605 4502 calcasse
630 4445 724 4504 Velius
743 4449 871 4522 hugus,
890 4453 963 4524 qveod
978 4449 1110 4522 probavit
1129 4445 1313 4502 Scbaeidcrne
1331 4464 1447 4521 moerere.

114 4535 160 4590 lot.
175 4534 198 4589 I
207 4551 237 4604 p.
253 4536 320 4589 432.
348 4531 468 4599 sortasse
482 4534 574 4586 tomen
586 4520 672 4600 pluro
687 4530 722 4585 ab
737 4537 893 4604 excerptore
903 4532 1071 4604 perturbato
1083 4531 1164 4595 eunt,
1178 4531 1204 4583 et
1218 4526 1310 4582 iussus
1324 4527 1448 4588 divissos

115 4632 210 4672 coesse
229 4617 260 4671 et
278 4629 379 4670 sursus
397 4613 548 4683 empserat
568 4611 710 4670 conotus
736 4661 740 4675 ‚
784 4617 818 4670 lt
838 4613 989 4670 ednorsnm
1008 4627 1079 4668 corr.
1099 4623 1142 4664 -ss
1161 4606 1191 4664 0.
1224 4607 1379 4666 edoorsum
1399 4613 1448 4668 ed-

117 4713 229 4754 nereum
243 4711 412 4769 personum
425 4711 591 4766 peruersnm
607 4692 708 4750 Gamo
761 4701 793 4750 11
808 4694 946 4766 amplecti
961 4691 1098 4765 amplecti
1112 4692 1140 4747 A
1198 4694 1230 4745 ts
1246 4689 1334 4763 qnod]
1351 4707 1404 4762 qne
1419 4694 1447 4748 A

73 4830 76 4839 Δ
184 4777 308 4834 modoet
333 4775 521 4848 conparatiuc
543 4774 722 4834 descendisse
745 4775 773 4832 A
798 4777 922 4833 millioli
946 4771 1127 4847 conpetativ'rs
1154 4771 1334 4832 descendisse
1354 4775 1377 4834 G

116 4861 149 4912 tt
167 4859 200 4913 nt
218 4873 303 4930 megs
322 4855 389 4914 uolo
410 4854 511 4914 Uerrio
530 4858 564 4913 nt
581 4873 685 4930 magne
703 4856 770 4914 uolo
790 4857 817 4913 A
837 4860 869 4913 ot
887 4873 990 4930 mogus
1009 4855 1076 4912 nolo
1094 4853 1175 4914 Bos
1234 4855 1239 4867 ‘
