3616 5482
328 328 393 396 130
456 381 458 386 ,
879 327 1113 390 CASSIODORH

324 517 487 600 archetypo
515 517 624 582 ductos
652 539 719 584 esse
748 527 906 604 appareat,
937 519 1086 582 diversam
1116 519 1152 582 ab
1183 519 1242 584 illis
1269 523 1450 605 scripturam
1480 525 1658 608 saepissime

322 625 478 709 praebent.
515 631 617 713 itaque
642 649 710 694 eum
735 629 795 694 duo
810 632 880 694 sint
908 647 1018 712 genera
1043 627 1196 712 codicum,
1225 648 1355 712 quorum
1379 631 1507 696 alterum
1535 631 1658 696 duobus
1754 677 1759 684 -

322 734 529 802 Bemensibus
548 748 579 801 et
597 738 748 824 Parisino,
768 739 896 804 alterum
916 737 1105 802 Bruxellensi
1124 747 1155 801 et
1174 736 1347 802 Coloniensi
1367 743 1550 825 continetur,
1568 742 1656 824 prius

321 844 396 908 illud
419 865 516 928 genus
541 867 601 910 uno
624 847 773 912 Bemensi
797 845 864 912 330
888 851 928 910 ita
953 855 1213 931 repraesentatur,
1243 855 1278 910 ut
1301 847 1375 910 nibil
1399 849 1479 930 quod
1508 851 1657 932 gravioris

321 957 468 1018 momenti
495 957 535 1019 sit
563 975 599 1019 ex
628 956 754 1038 reliquis
782 955 901 1020 duobus
931 957 1066 1020 eiusdem
1091 957 1195 1038 stirpis
1221 954 1308 1018 libris
1332 957 1471 1042 accedat,
1499 961 1529 1022 in
1559 957 1656 1021 altero

320 1081 432 1145 genere
462 1082 561 1148 oeque
589 1065 795 1129 Bruxeliensis
825 1083 924 1146 neque
956 1063 1144 1127 Coloniensis
1172 1081 1228 1146 per
1256 1081 1288 1126 se
1318 1065 1391 1128 satis
1421 1076 1535 1130 certain
1563 1067 1655 1130 fldem

320 1170 420 1236 habet
457 1191 550 1255 quare
579 1182 642 1236 tres
671 1171 765 1236 libros
789 1192 865 1255 quos
889 1172 979 1236 modo
1002 1173 1064 1236 dixi
1092 1171 1130 1234 ad
1158 1190 1265 1235 noram
1289 1169 1453 1236 editionem
1477 1172 1613 1258 adhibui,
1637 1195 1656 1238 e

320 1279 431 1362 quibos
450 1281 598 1346 Berneusi
617 1275 675 1366 (B)
695 1290 726 1344 et
749 1266 874 1364 propter
898 1281 1062 1345 bonitatem
1082 1283 1250 1364 scripturae
1270 1289 1300 1342 et
1324 1291 1451 1365 propter
1469 1283 1654 1366 diligentiam

319 1390 448 1476 librarii,
473 1393 615 1474 quicum
635 1393 771 1474 scripsit,
790 1393 983 1473 praecipuam
1002 1391 1212 1452 auctoritatem
1232 1389 1268 1452 ad
1289 1389 1531 1454 constituendam
1550 1391 1654 1456 lectio-

320 1520 389 1564 nem
414 1501 515 1564 tribui.
554 1509 585 1564 et
612 1502 682 1583 quia
706 1502 737 1562 in
761 1519 797 1562 eo
812 1501 922 1582 'prima
945 1500 1097 1581 scriptura
1123 1497 1276 1561 interdum
1299 1516 1317 1560 a
1341 1508 1515 1562 correctore
1539 1509 1655 1564 motma

319 1619 367 1672 est
390 1629 489 1692 neque
514 1617 599 1671 certo
623 1627 744 1692 semper
767 1609 910 1690 cognosci
933 1613 1065 1690 poterat,
1088 1604 1161 1688 quid
1188 1615 1276 1670 antea
1300 1609 1447 1690 scriptum
1473 1609 1594 1694 luisset,
1621 1612 1654 1672 iu

319 1715 366 1779 bis
394 1717 470 1782 locis
500 1718 629 1781 alterum
652 1718 838 1780 lismensem
867 1733 936 1778 cum
964 1717 1061 1798 prima
1090 1717 1240 1798 scriptura
1269 1715 1349 1779 illius
1372 1715 1553 1799 plerumque
1581 1737 1654 1781 cou-

321 1827 504 1890 sentientem
531 1829 649 1910 inspexi
680 1835 711 1890 et
739 1829 805 1890 eius
834 1825 1009 1906 lectionem,
1037 1823 1089 1888 nbi
1118 1843 1195 1907 opus
1219 1842 1286 1888 esse
1310 1823 1482 1910 ridebatur,
1505 1825 1653 1890 adnotari.

282 2022 284 2027 Ι
319 1953 353 1997 ea
377 1954 454 2018 qtrae
479 1935 576 1999 deleta
606 1938 707 2018 priore
732 1937 882 2016 scriptura
905 1935 937 1997 in
966 1951 1071 1998 rasura
1100 1935 1197 2016 posita
1227 1941 1299 1997 sunt
1327 1933 1428 1996 addito
1452 1955 1515 1998 rus.
1539 1937 1652 2017 signill-

318 2045 394 2106 cari.
431 2062 468 2107 ex
491 2043 629 2107 Parisino
653 2042 772 2126 codice,
799 2061 890 2126 quem
914 2041 999 2125 olim,
1029 2061 1099 2105 cum
1123 2040 1263 2105 meliores
1287 2041 1381 2105 libros
1404 2041 1539 2107 nondum
1562 2043 1653 2107 habe·

318 2151 402 2238 bam,
429 2151 632 2236 contuleram,
659 2169 754 2234 pauca
777 2151 934 2233 adscripsi.
975 2153 1007 2213 in
1030 2148 1219 2213 Bruxellensi
1244 2150 1347 2213 codice
1370 2145 1427 2235 (A)
1452 2164 1483 2217 et
1510 2156 1542 2217 in
1566 2152 1653 2215 Colo·

318 2263 417 2325 niensi
436 2252 496 2348 (C)
516 2279 585 2324 cum
609 2257 760 2342 scriptura
782 2261 894 2323 veteris
917 2258 1045 2343 codicis,
1068 2279 1104 2322 ex
1129 2278 1189 2342 quo
1213 2258 1280 2322 illos
1305 2261 1474 2344 descriptos
1493 2281 1561 2326 esse
1579 2262 1653 2344 dixi,

318 2389 426 2453 parum
451 2378 591 2434 accurate
617 2387 760 2451 expressa
784 2371 837 2451 sit,
861 2379 925 2431 tum
950 2371 972 2432 ii
994 2367 1066 2452 loci,
1090 2371 1121 2430 in
1145 2367 1255 2450 quibus
1280 2366 1370 2431 rerba
1394 2371 1504 2432 omissa
1529 2369 1575 2433 rel
1600 2370 1652 2433 ali·

318 2499 378 2562 quo
411 2478 500 2543 modo
529 2481 660 2542 extincta
692 2487 778 2542 erant
808 2480 839 2540 in
869 2476 1047 2561 archetypo,
1077 2477 1107 2540 id
1137 2476 1216 2558 quod
1246 2495 1336 2560 saepe
1367 2476 1532 2563 acciderat,
1562 2481 1653 2542 rarlis

318 2587 416 2652 modis
440 2606 457 2650 a
480 2586 611 2651 librariis
635 2589 743 2650 mutati
767 2596 798 2649 et
821 2584 1105 2668 interpolationibus
1129 2587 1267 2667 corrupti
1291 2595 1370 2649 suot.
1408 2606 1502 2669 quare
1532 2590 1653 2652 sicum

318 2696 466 2761 Beroensi
489 2696 637 2760 alteruter
656 2714 692 2758 ex
717 2697 754 2757 iis
774 2697 941 2776 consentit,
964 2693 1147 2757 dissentiens
1166 2693 1291 2757 alterius
1310 2696 1462 2777 scriptura
1482 2695 1572 2759 iidem
1591 2715 1652 2760 non

318 2805 424 2890 habet,
447 2806 499 2868 sed
525 2815 578 2869 aut
597 2807 695 2868 errori
718 2813 771 2868 aut
788 2805 981 2866 coniecturae
1002 2803 1162 2867 tribuenda
1181 2813 1237 2866 est.
1274 2805 1299 2864 si
1319 2806 1480 2886 utriusque
1500 2823 1652 2869 consensu

317 2916 487 2980 communis
511 2914 667 2998 archetypi
698 2915 849 2995 scriptura
877 2914 1026 2996 relcrtru,
1055 2931 1237 2996 quamquam
1261 2931 1295 2974 ea
1325 2930 1447 2994 quoquc
1471 2931 1561 2995 saepe
1585 2932 1652 2975 cor·

318 3033 406 3106 rupta
431 3033 491 3107 est,
515 3032 616 3086 tamen
639 3021 719 3084 band
744 3039 813 3082 raro
837 3019 961 3084 meliora
991 3019 1116 3104 praebet
1146 3039 1235 3102 quam
1260 3020 1432 3083 Beruensis.
1471 3040 1539 3084 nam
1563 3041 1601 3085 ne
1624 3023 1653 3084 is

318 3132 440 3214 quidem
464 3132 501 3194 ab
529 3131 775 3214 interpolatione,
803 3149 893 3212 quom
917 3129 1006 3211 vulgo
1035 3133 1299 3211 grammaticorum
1328 3129 1396 3192 libri
1425 3132 1542 3211 experti
1571 3139 1653 3214 sunt,

316 3243 439 3305 omnino
459 3259 571 3304 vacuos
591 3249 646 3303 est.
684 3237 916 3320 discrepantiam
936 3237 1048 3302 codicis
1067 3237 1246 3322 Beroensis,
1269 3257 1360 3319 oriem
1383 3249 1452 3320 post
1471 3256 1518 3301 me
1538 3241 1651 3302 iterum

317 3348 458 3432 llagenus
478 3348 619 3433 contulit,
643 3349 715 3411 item
735 3347 848 3410 codicis
866 3345 1086 3430 Bruxeliensis,
1109 3349 1140 3408 in
1166 3365 1226 3427 quo
1245 3345 1346 3408 blaesil
1365 3365 1457 3428 opera
1479 3365 1553 3410 usus
1574 3366 1653 3431 sum,

259 3503 264 3510 -
317 3461 451 3541 exceptis
471 3457 634 3522 levioribus
654 3455 833 3538 quibusdam
854 3457 1024 3540 scripturis,
1043 3473 1172 3538 quarum
1191 3453 1272 3518 nulla
1292 3454 1405 3518 utilitas
1422 3464 1478 3539 est,
1498 3457 1652 3537 integrum

214 3639 215 3644 γ
316 3565 448 3631 exhibui.
486 3571 517 3630 iu
538 3566 709 3631 Coloniensi
729 3564 843 3647 codice,
862 3565 915 3646 qtri
934 3562 1018 3626 valde
1039 3563 1234 3645 neglegenter
1258 3565 1390 3645 scriptus
1415 3573 1469 3640 est,
1495 3563 1651 3646 complura

317 3693 393 3756 quae
417 3678 448 3738 in
473 3695 509 3738 eo
533 3675 692 3758 depravata
716 3681 803 3735 erant
826 3673 922 3734 omisi.
960 3681 1117 3754 praeterea
1146 3673 1177 3734 io
1206 3675 1358 3755 excerptis
1381 3673 1549 3737 Adamantii
1573 3671 1651 3735 blar-

318 3785 402 3868 tyrii,
426 3783 464 3847 de
489 3783 600 3866 qtribus
624 3785 703 3845 inira
726 3783 859 3864 dicetur,
881 3779 1087 3844 Bruxeliensis
1107 3791 1137 3842 et
1157 3779 1344 3843 Coloniensis
1369 3781 1481 3844 codicis
1504 3781 1652 3845 lectiones

317 3894 418 3955 minus
442 3901 581 3954 accurate
605 3908 695 3971 quam
719 3891 749 3951 in
774 3887 900 3970 reliquis
925 3889 1072 3951 indicatae
1097 3897 1176 3950 srmt.

410 3998 491 4062 Buae
520 4001 714 4062 recensiones
743 4015 833 4059 manu
862 3998 1045 4079 scriptorum
1074 3994 1238 4079 librorum,
1264 3996 1301 4059 de
1326 3996 1436 4079 quibus
1460 3998 1535 4083 (lixi,
1561 4001 1652 4062 etiam

320 4109 357 4172 ad
381 4108 456 4171 duas
481 4107 643 4191 editiones,
667 4108 696 4168 in
722 4104 833 4186 ‹prtbus
856 4106 988 4186 primum
1011 4103 1061 4166 hic
1085 4102 1162 4166 liber
1187 4107 1264 4187 typis
1288 4125 1452 4189 expressus
1475 4118 1535 4192 est,
1557 4109 1651 4189 perti·

319 4227 401 4280 nent.
445 4235 549 4280 earum
578 4215 671 4279 altera
700 4221 747 4276 est
774 4211 942 4275 Parislna
971 4210 1049 4294 apud
1080 4211 1290 4276 Sebastianum
1315 4215 1472 4279 Nireliium
1501 4233 1526 4278 a.
1553 4211 1650 4278 1579.

319 4328 349 4386 in
372 4325 430 4388 line
455 4322 626 4406 subscripta
651 4331 722 4386 sunt
745 4321 833 4403 haec,
862 4316 1015 4384 ‘Lutetiae
1039 4321 1224 4386 Parisiorum
1248 4343 1285 4385 ex
1309 4323 1502 4405 typographia
1526 4319 1650 4384 ilenrici

317 4432 446 4514 Thierry
474 4453 577 4496 mense
606 4430 766 4495 llecembri
794 4425 1024 4493 leLXXVlll'.
1069 4433 1100 4494 ln
1129 4432 1184 4494 bac
1214 4449 1284 4494 cum
1312 4430 1437 4513 reliquis
1467 4430 1650 4495 cassiodorii

317 4539 402 4603 libris
431 4541 502 4606 olim
531 4542 634 4625 editis,
661 4544 692 4629 in
722 4539 832 4624 quibus
861 4538 944 4601 Petri
972 4537 1091 4602 Pithoei
1119 4558 1211 4622 opera
1240 4557 1314 4602 usus
1343 4549 1409 4602 erat
1436 4538 1651 4624 typographos,

317 4650 366 4713 hic
389 4651 427 4714 de
451 4650 665 4734 orthographia
688 4648 764 4714 liber
788 4669 824 4712 ex
849 4645 1215 4712 contremescamus
1243 4651 1374 4729 primum
1399 4647 1498 4710 editus
1523 4657 1582 4730 est,
1611 4645 1650 4710 de

317 4777 377 4841 qrro
410 4761 440 4822 in
470 4759 598 4842 epistula
628 4758 807 4842 typographi
830 4757 865 4820 ad
891 4756 1037 4820 lectorem
1062 4759 1174 4839 scripta
1199 4766 1271 4820 sont
1300 4754 1388 4840 haec,
1416 4750 1500 4818 ‘Non
1535 4765 1650 4818 taceam

316 4867 347 4929 l‘.
369 4848 522 4929 Danielem
547 4870 644 4930 virum
670 4867 791 4948 quidem
813 4863 1053 4929 eruditissimum
1072 4883 1106 4929 ac
1130 4863 1317 4928 venerandae
1342 4864 1529 4946 antiquitatis
1554 4863 1650 4928 culto·
