3610 5482
598 355 648 413 DE
668 349 964 415 onufloulsipffln
1408 356 1450 422 19

106 469 130 508 s.
145 459 210 502 raas.
225 457 252 499 ss
266 457 292 499 r.

249 538 367 607 ‘mille
390 540 600 626 bominum'‚
625 540 711 607 ‘duo
735 539 887 608 meilia':
917 547 1004 608 item
1033 545 1136 609 hisee
1162 556 1318 628 utroque
1342 561 1448 627 opus,
1526 528 1532 540 ³

375 713 408 732 ,,
893 723 894 728 ,
1073 648 1233 738 ‘metles,

251 758 470 826 mollitiam'.
518 770 647 825 tenues
671 764 697 845 l,
721 756 875 845 ‘pilam',
900 779 969 844 qua
993 761 1168 826 ludimus:
1192 757 1349 845 ‘pilum’,

252 889 321 953 quo
344 874 490 954 pisunt,
513 880 659 953 tenues3
683 871 713 932 si
737 869 841 952 plura
866 871 954 934 haee
979 872 1130 955 leceris,
1154 869 1240 954 pila:

83 987 96 1026 ⁵
253 972 343 1063 qu'ae
367 983 536 1060 iacimus,
560 977 671 1041 addes
695 998 725 1061 e,
749 979 861 1064 pella,
886 989 925 1042 ut
947 979 1095 1062 plenius
1119 981 1194 1045 liat.

111 1107 205 1170 quam
230 1090 463 1152 inconstantiam
483 1085 578 1148 Varro
603 1104 734 1168 arguens
759 1089 790 1149 iu
814 1088 946 1150 eundem
970 1106 1107 1151 errorem
1126 1089 1245 1152 diversa
1268 1089 1315 1150 ria
1340 1085 1450 1150 delabi·

111 1210 173 1281 tur,
197 1197 304 1259 disens
328 1199 358 1258 in
380 1192 490 1278 plurali
513 1193 636 1276 quidem
661 1213 788 1258 numero
812 1195 924 1259 debera
946 1196 1063 1260 litterae
1084 1199 1094 1258 i
1118 1216 1135 1260 e
1158 1197 1313 1278 praeponi,
1337 1197 1368 1258 in
1388 1198 1449 1258 sin·

110 1305 212 1387 gulari
239 1323 312 1367 vero
342 1305 479 1384 minime,
508 1321 576 1366 oum
607 1301 719 1384 alioqui
742 1305 753 1366 i
777 1322 837 1366 non
867 1304 947 1367 aliud
972 1307 1003 1366 iu
1032 1303 1178 1385 singulari
1206 1322 1296 1385 quam
1325 1308 1357 1366 iu
1383 1307 1451 1382 plu·

110 1417 189 1490 ruli,
220 1431 319 1490 neque
349 1413 438 1474 uliud
460 1415 492 1472 iu
515 1414 618 1472 asadia
647 1394 737 1492 quam
761 1415 792 1475 in
817 1421 951 1476 extrema
975 1411 1086 1495 syllaba
1110 1423 1211 1495 sonet,
1238 1422 1273 1475 ut
1297 1414 1328 1474 in
1352 1408 1453 1496 serbis
1490 1485 1498 1498 .

77 1529 101 1569 ¹⁰
114 1522 312 1585 manifestum
336 1531 392 1583 est.
439 1519 568 1582 dicimus
592 1523 673 1582 enim
698 1515 801 1583 ‘mitto
825 1523 893 1583 misi
918 1516 1082 1604 misimus’,
1111 1524 1169 1585 nisi
1198 1521 1284 1584 aliam
1313 1519 1362 1581 bio
1389 1518 1453 1582 vult

111 1649 181 1694 esse
212 1632 360 1693 rationem
391 1627 486 1710 [quod
516 1626 682 1692 absurdum
710 1627 787 1712 est],
816 1639 864 1711 ut,
892 1648 964 1694 oum
992 1627 1084 1692 verba
1112 1647 1234 1712 quoque
1263 1648 1300 1692 ex
1329 1626 1451 1712 syllabis

113 1748 272 1816 constent,
296 1757 333 1800 ex
357 1739 475 1800 diversa
496 1736 500 1818 Ι
522 1736 625 1818 regula
650 1740 850 1820 corrigantur.

205 1846 351 1910 Similiter
375 1856 502 1929 pescant
525 1855 556 1910 et
575 1849 627 1928 qui
648 1865 709 1909 ιιιιι
728 1855 759 1910 et
784 1857 853 1910 trux
877 1855 908 1910 et
933 1847 1017 1910 ieron
1042 1849 1073 1910 in
1098 1848 1291 1910 novissimam
1314 1844 1447 1908 litteram

110 1955 296 2038 adingam,
320 1971 390 2018 oum
413 1955 525 2036 alioqui
549 1953 660 2036 duplex
684 1954 823 2044 sufficiat,
848 1973 925 2037 quae
949 1957 981 2018 in
1005 1974 1038 2018 se
1063 1966 1094 2018 et
1117 1975 1133 2017 s
1156 1954 1254 2018 babet.
1295 1955 1369 2016 item
1393 1953 1446 2032 qui

76 2071 99 2110 ¹⁵
115 2062 323 2146 reprehensus
348 2081 417 2125 οιιιιι
437 2065 619 2146 aspiratione
644 2061 791 2145 scribunt,
815 2082 885 2126 cum
912 2082 977 2131 eam
1002 2066 1099 2146 prima
1119 2065 1229 2145 positio
1254 2079 1315 2124 nou
1334 2059 1451 2142 babeat,

6 2183 7 2260 ss
113 2182 145 2236 et
169 2169 310 2234 similiter
342 2172 521 2257 vehemens,
553 2189 623 2236 eum
653 2191 670 2234 a
701 2173 729 2233 vi
761 2175 872 2234 mentis
902 2172 1029 2237 dicatur.
1076 2191 1165 2254 quam
1197 2170 1318 2252 quidam
1346 2176 1454 2252 putant

207 2370 222 2419 7
241 2363 272 2419 in
291 2361 397 2435 plurali
415 2362 531 2436 quidem
550 2381 668 2421 numero
683 2381 714 2435 p.
734 2367 784 2433 32,
802 2368 840 2421 21

188 2541 204 2590 1
223 2504 305 2590 asin
323 2534 471 2590 neminum
491 2534 547 2591 aso
566 2535 647 2592 mua
668 2535 722 2592 Pa
742 2533 821 2592 mina
840 2535 996 2593 nominum.
1016 2521 1051 2594 ii.
1067 2535 1099 2590 -n
1117 2534 1203 2592 maiis
1229 2535 1377 2592 nominum
1396 2533 1452 2591 aas

60 2635 65 2644 ·
113 2617 213 2674 meilis
235 2615 336 2672 Dousa
360 2614 451 2670 Lucu.
476 2621 528 2672 sat.
553 2617 600 2674 rel.
623 2635 653 2690 p.
673 2623 708 2674 41
729 2619 776 2676 ‘aa
798 2620 972 2674 restitutione
995 2617 1160 2690 Scaligeri’,
1184 2615 1280 2673 maille
1303 2615 1453 2672 bominum

113 2699 170 2754 dno
196 2693 308 2752 meillia
329 2695 530 2753 declamantem
553 2697 646 2758 Lucri.
671 2699 760 2756 satur.
781 2717 812 2770 p.
837 2704 883 2756 36.
919 2701 1026 2755 retinui
1048 2697 1143 2755 mille:
1173 2713 1240 2752 uam
1262 2697 1313 2752 boa
1335 2691 1477 2751 uoluisse*

113 2781 225 2835 ridetur
243 2778 385 2844 mulius,
410 2777 488 2834 mille
512 2781 654 2849 patrinatu
677 2781 687 2836 l
711 2781 807 2836 littera
826 2799 879 2852 per
903 2779 926 2848 i,
951 2786 1050 2836 aarum
1068 2781 1165 2838 meilis
1184 2779 1283 2836 meilen
1301 2778 1453 2835 mollitiam
1533 2848 1538 2856 Ι

109 2860 376 2930 malesuadendo
394 2875 449 2916 eoae
557 2861 649 2935 hisae]
674 2863 747 2918 buce
770 2861 861 2918 ΒΡω
885 2861 951 2918 buia
976 2861 1110 2933 Scaliger,
1135 2861 1216 2918 baiae
1242 2859 1275 2916 L.
1298 2859 1454 2915 Muellerus

113 2941 451 3010 instantaneus
553 2948 569 2998 2
593 2942 693 2999 meiles'
717 2943 869 2998 melliniens
889 2941 1023 3014 Scaliger,
1042 2941 1122 2998 mille
1141 2941 1273 2998 militiam
1292 2939 1349 2996 Ba
1373 2939 1453 2995 mille

115 3023 255 3082 miliciam
278 3022 312 3078 P.
407 3027 430 3078 2
454 3024 555 3080 tenues
577 3023 589 3080 i
611 3025 702 3096 pilam
726 3039 783 3093 qua
806 3021 925 3078 ludimn'
946 3023 1080 3093 Scaliger,
1104 3025 1204 3079 uanas
1223 3023 1233 3079 i
1257 3023 1356 3093 (tenne
1375 3021 1400 3078 si
1419 3024 1453 3090 a)

114 3106 205 3177 pilam
223 3105 254 3162 iu
273 3121 331 3176 qna
348 3102 469 3161 lusimus
488 3103 593 3176 ΒΡω,
617 3107 731 3162 tenuent
753 3107 764 3160 i
787 3103 859 3177 pilai
878 3119 936 3176 qua
959 3104 1085 3160 ludimus
1107 3103 1264 3161 Muellerus
1361 3103 1453 3177 pilum

114 3260 169 3314 quo
190 3241 255 3314 ipso
273 3197 348 3311 (ipsi
361 3238 401 3308 B)
420 3241 520 3296 munes
539 3240 563 3296 si
582 3240 665 3312 plura
684 3241 755 3298 basa
773 3239 874 3296 iecoris
894 3225 953 3309 p'ils
967 3237 1059 3294 BPa
1079 3240 1169 3312 pilum
1184 3258 1241 3312 quo
1256 3239 1339 3310 pinso
1353 3241 1453 3296 tenues

114 3325 138 3381 i:
160 3323 246 3397 plura
266 3321 339 3376 haee
361 3317 457 3374 feaeri’
481 3320 558 3392 pella
582 3321 719 3392 Scaliger,
745 3321 846 3391 pilam,
870 3335 927 3388 qua
951 3321 1059 3390 pisunt,
1083 3317 1196 3377 tenues:
1227 3323 1252 3378 si
1275 3321 1359 3396 plura
1382 3321 1453 3374 basa

6 3447 7 3450 ,
114 3405 210 3461 feceri'
230 3403 293 3476 pila
309 3400 465 3456 Muellerum
484 3418 517 3456 aa
537 3399 615 3457 Velio
630 3401 728 3473 Loupo
742 3418 773 3471 p.
789 3405 869 3457 2221
892 3399 979 3470 pilam
999 3418 1056 3470 qua
1075 3402 1171 3472 pisunt
1188 3401 1268 3474 peri
1329 3401 1453 3458 buddas

6 3503 7 3514 ¹
115 3487 241 3560 epeila¹
262 3486 295 3539 ut
319 3479 426 3554 pleniu’
446 3481 496 3536 liat
515 3479 648 3554 Scaliger,
669 3481 740 3538 aden
759 3481 837 3552 pella
856 3485 888 3536 ut
905 3480 1007 3552 plenus
1026 3481 1078 3536 fiat
1095 3482 1123 3537 Β
1142 3483 1215 3540 adde
1235 3501 1264 3540 se
1284 3480 1400 3552 (addere
1420 3486 1453 3549 a)

1437 3565 1447 3604 ι

115 3620 193 3693 pella
210 3621 245 3676 ut
262 3617 375 3690 plenius
394 3617 445 3673 aas
466 3616 520 3672 Pa
612 3625 628 3674 s
648 3617 786 3674 dilabitur
802 3616 831 3671 Β
921 3621 936 3670 'l
957 3615 1071 3672 litterae
1091 3617 1101 3672 i
1120 3617 1258 3690 praeponi
1279 3618 1337 3674 Pas
1357 3617 1454 3691 littera

114 3701 255 3774 praeponi
272 3700 310 3769 B,
328 3699 340 3754 i
358 3697 472 3754 litterae
492 3714 508 3772 e
526 3699 663 3770 praeponi
688 3698 894 3754 Wairnaaasiur
913 3697 946 3752 ue
971 3697 1053 3754 Varr.
1073 3699 1136 3756 libr.
1155 3717 1270 3773 promus.
1295 3704 1455 3771 p1750a

807 3781 825 3820 a

115 3838 275 3894 romara
294 3833 408 3890 onoma
504 3837 520 3888 8
541 3851 605 3890 enm
624 3833 734 3905 alioqui
753 3851 809 3890 non
828 3831 944 3889 aliunde
962 3833 992 3890 in
1010 3834 1159 3906 singulari
1172 3853 1258 3906 quam
1277 3834 1308 3890 in
1327 3838 1455 3891 extrema

115 3917 228 3988 syllaba
249 3917 334 3972 sonat
355 3916 390 3967 ut
408 3911 436 3966 Β
460 3930 525 3969 aum
548 3914 656 3984 alioqui
680 3917 710 3972 et
732 3915 763 3970 in
786 3912 924 3984 singulari
950 3933 1006 3972 non
1030 3916 1146 3972 aliunde
1171 3915 1259 3988 quam
1277 3916 1307 3972 in
1327 3923 1454 3975 extrema

115 3999 230 4071 syllaba
251 3999 336 4054 sonat
358 3996 391 4049 ut
416 3993 469 4050 Pu
496 4011 560 4051 anm
584 3995 692 4066 alioqui
717 4000 747 4053 et
769 4013 826 4052 nou
850 3993 930 4050 aliud
957 3996 988 4052 iu
1012 3997 1151 4069 singulari
1174 4015 1260 4068 quam
1289 3999 1320 4054 in
1349 3999 1455 4070 plurali

115 4083 246 4136 extrema
264 4077 376 4150 syllaba
394 4077 475 4134 sonet
493 4081 523 4132 et
541 4093 559 4132 a
578 4081 610 4132 ut
635 4077 841 4133 Wilmaunss'us
916 4083 950 4132 10
970 4077 1054 4134 mitto
1074 4077 1138 4134 misi
1153 4077 1281 4136 misimus
1296 4079 1454 4136 Wilmaau·

114 4164 184 4231 siue,
202 4160 288 4217 mitto
307 4159 452 4217 emisimus
471 4157 560 4212 BPa
626 4158 715 4214 aliam
733 4175 784 4216 om.
806 4156 876 4228 Pa,
896 4159 961 4214 add.
981 4157 1009 4213 Β
1089 4164 1120 4213 11
1142 4159 1218 4229 quod
1236 4163 1282 4215 est
1299 4161 1455 4218 absurdum

117 4241 186 4311 Por,
204 4241 318 4298 uetusti
342 4241 548 4299 Wiiaaauuss'us
621 4243 654 4296 ut
673 4239 751 4313 eum]
770 4239 874 4296 uitium
895 4239 924 4294 P
998 4245 1030 4294 12
1050 4243 1182 4295 aansteut
1202 4239 1256 4294 Pa
1275 4245 1408 4298 eonsmnt
1426 4242 1454 4298 Β

170 4341 205 4379 ex
224 4322 350 4394 diversa]
371 4327 402 4380 et
420 4321 534 4379 diuema
552 4320 655 4388 ΒΡω,
674 4324 704 4378 at
724 4321 839 4378 diuersa
860 4321 1065 4398 Wilmaunsius
1141 4327 1172 4375 13
1193 4337 1261 4376 nuos
1280 4326 1405 4381 sttruos
1426 4329 1456 4380 et

114 4405 207 4462 lennes
226 4425 250 4459 a
315 4412 350 4460 11
369 4421 448 4462 soro.
463 4402 553 4459 BPo
622 4401 729 4474 alioqui
749 4403 853 4476 duplex
873 4401 997 4458 sulliaist
1012 4401 1066 4457 Pa
1088 4399 1177 4471 aliqui
1196 4400 1282 4472 duple
1301 4403 1413 4461 sultieia
1427 4405 1455 4460 Β

170 4486 201 4542 in
220 4501 251 4541 se
270 4503 287 4542 a
306 4489 337 4542 et
354 4503 368 4542 s
386 4486 477 4542 habet
494 4504 516 4540 o
625 4485 865 4557 inreprehensus
891 4483 985 4540 Velius
1004 4483 1120 4554 Longus
1134 4500 1166 4552 p.
1185 4487 1279 4552 2234,
1298 4485 1455 4556 prehensus

115 4567 206 4622 BPsa
299 4567 436 4641 ‘positl0]
459 4581 583 4639 persona
600 4563 703 4621 BPa:
728 4565 763 4634 ef.
790 4565 846 4622 Vel.
864 4565 956 4638 'Losa
978 4585 1007 4637 p.
1028 4571 1111 4623 2229
1130 4563 1278 4634 reprendit
1297 4566 1454 4622 seeundum

116 4648 241 4719 primam
259 4647 446 4719 positionem:
466 4647 573 4720 prendo
593 4647 669 4702 enim
688 4647 821 4718 dirimas,
840 4665 897 4705 non
916 4645 1062 4719 prebendo
1148 4652 1182 4701 ts
1200 4660 1335 4702 neemens
1353 4647 1381 4702 Β

116 4747 201 4799 quam
225 4729 345 4799 quidam
367 4731 473 4801 putant
497 4727 704 4798 adiiciendum,
728 4729 861 4799 quoniam
885 4731 941 4788 boo
963 4745 1020 4784 non
1045 4725 1124 4783 alind
1147 4730 1251 4798 putant
1274 4746 1336 4785 esse
1365 4746 1452 4799 quam
1488 4779 1491 4787 .

116 4810 202 4867 altius
220 4809 302 4880 rabi,
322 4827 386 4866 eum
406 4811 461 4866 boe
480 4810 600 4866 verbum
618 4808 679 4864 sine
698 4809 879 4866 dubitatione
898 4811 1042 4882 aspiratur
1061 4809 1245 4864 Sebadderua
1267 4825 1383 4881 gramm.
1403 4813 1454 4868 lat.

115 4909 139 4946 a.
157 4893 178 4946 Ι
190 4909 221 4964 p.
233 4897 301 4962 188,
320 4910 408 4962 quam
421 4893 546 4963 'quidam
565 4893 669 4963 putant
687 4891 882 4972 adiciendam,
902 4891 1037 4963 quoniam
1057 4889 1086 4944 id
1103 4905 1159 4945 nou
1174 4890 1253 4946 aliud
1272 4895 1376 4962 putant
1394 4907 1454 4947 esse

173 5015 176 5020 .
1200 4981 1237 5034 2*
1346 4993 1352 5004 .
