3564 5482
1027 280 1043 310 e

591 357 664 415 ΑΒΕ
683 355 934 416 amulrici
1358 355 1423 423 421
1538 371 1543 380 ’

83 459 249 507 omum

82 565 144 630 pro
169 565 207 610 eo
230 547 380 629 accipitur
403 545 483 628 quod
508 558 556 610 est
579 547 730 628 quomodo
750 549 919 631 ‚quotiens
943 564 1015 609 aero
1039 565 1094 629 pro
1117 567 1154 612 co
1177 546 1259 630 quod
1279 555 1326 610 est
1345 546 1424 628 apud

83 655 223 718 Graecos
254 650 329 734 iou,
362 657 472 738 recipit
504 657 651 740 optativa,
683 666 718 721 ut
751 667 785 720 ut
813 658 929 720 iacicm.
981 673 1041 718 non
1071 673 1236 738 numquam
1264 667 1365 720 temen
1394 665 1427 718 et

82 773 217 826 accentu
245 771 334 828 acuto
364 763 476 827 elatum
506 766 616 846 recipit
639 763 845 849 subiunctira,
876 765 1050 848 praeposito
1078 782 1150 828 sane
1178 765 1292 828 ilnltlro
1322 762 1426 849 uerbo,

82 889 174 934 more
199 889 260 953 quo
283 891 375 956 supra
399 873 527 938 iormam
551 871 705 940 relatiuam
728 873 875 958 diximus,
901 883 935 938 ut
957 871 1036 955 apud
1060 870 1216 956 Virgilium

52 995 66 1037 ⁵
307 981 511 1065 iniandum,
534 981 676 1064 regina,
700 979 806 1044 iubes
830 999 1009 1045 renovare
1034 981 1211 1065 dolorem,

307 1091 486 1156 Troianas
510 1097 549 1152 ut
573 1107 662 1172 opes
685 1101 721 1153 et
743 1089 981 1154 lamentabile
1006 1107 1157 1172 regnum

308 1201 486 1263 eruerint
510 1197 630 1262 Danai.

84 1311 208 1372 utinm
236 1311 346 1392 recipit
375 1310 519 1392 optativa,
548 1316 583 1370 ut
612 1309 727 1371 uiuam
755 1310 855 1372 veniat
878 1357 885 1372 .
910 1326 948 1371 ne
977 1316 1104 1372 accentu
1129 1317 1216 1372 acuto
1239 1311 1424 1392 imperativa,

84 1429 121 1482 ui
151 1437 191 1481 ne
219 1419 282 1503 iac3
312 1420 452 1500 quotiens
481 1435 553 1480 vero
583 1418 665 1498 gravi
695 1425 822 1480 accentu
850 1435 906 1500 pro
935 1434 972 1478 eo
1002 1416 1082 1498 quod
1111 1425 1157 1480 est
1185 1417 1264 1500 apud
1293 1417 1424 1482 Graecos

41 1541 69 1581 1⁰
83 1524 148 1590 ἵνα
172 1519 218 1611 μή
242 1529 404 1611 accipitur,
427 1527 571 1609 optativa,
596 1533 630 1588 ut
653 1524 733 1610 apud
756 1523 916 1589 Horatium
945 1520 1005 1588 ‘ne
1034 1524 1149 1589 iacias
1176 1525 1272 1608 quod
1295 1524 1424 1590 mei-

85 1637 173 1700 dius
205 1631 377 1719 quidam'.
431 1653 492 1699 non
520 1651 685 1720 numquam
714 1653 801 1717 vcro,
838 1635 957 1697 etiamsi
989 1641 1116 1698 accentu
1150 1641 1239 1699 actito
1272 1635 1424 1719 eiierctur,

86 1747 223 1828 optativa
247 1764 369 1828 quoque
392 1746 515 1827 recipit,
538 1752 574 1808 ut
597 1762 635 1806 ne
659 1745 775 1820 venies,
798 1762 837 1807 ne
862 1741 978 1806 scribas
1002 1791 1009 1806 .
1034 1742 1087 1806 sed
1111 1745 1239 1808 interest
1262 1745 1344 1808 inter
1367 1743 1424 1807 hoc

85 1863 120 1916 et
144 1853 220 1917 illud
244 1854 324 1935 qrrocl
348 1854 478 1917 dicimus
502 1871 540 1915 ne
565 1853 625 1936 iao,
653 1851 733 1934 quod
758 1851 815 1915 hoc
839 1854 1038 1934 imperamus,
1065 1855 1207 1934 superius
1231 1851 1424 1917 suademus.

86 1964 201 2046 recipit
233 1980 354 2045 quoque
387 1961 417 2025 ld
450 1962 551 2044 ipsum
580 1957 586 2042 Ι
616 1970 743 2025 accentu
777 1971 866 2024 acuto
899 1960 1013 2024 elatum
1046 1948 1251 2045 subiunctiaa,
1284 1963 1425 2044 quotiens

44 2083 71 2126 1⁵
86 2068 277 2156 εἰρωνικῶς
300 2072 464 2154 accipimus
491 2088 547 2152 pro
577 2088 614 2133 eo
643 2067 724 2152 quod
754 2077 801 2132 est
828 2068 907 2152 apud
933 2069 1064 2133 Graecos
1097 2061 1190 2134 πάνυ
1222 2089 1277 2151 γε,
1309 2069 1426 2133 scilicet

86 2184 233 2265 quotiens
256 2183 302 2245 rel
326 2179 434 2244 dubiae
458 2188 490 2242 et
512 2180 600 2261 quasi
624 2177 825 2242 condicionali
849 2186 983 2264 aptatur,
1006 2187 1041 2242 ut
1064 2177 1144 2262 apud
1163 2177 1342 2243 Ciceronem
1366 2173 1425 2242 ‘ne

86 2301 142 2376 tu,
174 2289 301 2373 Eruci,
333 2295 529 2353 accusator
562 2305 664 2350 esses
693 2286 893 2370 ridiculus,
926 2296 958 2351 et
986 2285 1137 2352 Salustius
1165 2282 1225 2352 ‘ne
1258 2286 1316 2351 llll
1344 2307 1425 2351 cor·
1540 2309 1544 2318 ·

87 2401 212 2482 ruptis
236 2396 398 2462 moribus
426 2399 605 2462 victoriae
635 2392 915 2480 temperarent'.
963 2400 1104 2480 quotiens
1132 2416 1204 2462 vero
1233 2400 1278 2462 rel
1305 2405 1426 2480 aptatur

87 2515 206 2591 certae,
231 2507 337 2570 eodem
361 2516 488 2572 accentu
513 2505 625 2570 elatum
648 2505 761 2570 ilnitlra
782 2507 905 2592 recipit,
927 2515 963 2570 ut
982 2507 1061 2590 apud
1081 2506 1259 2572 Ciceronem
1284 2502 1344 2569 ‘ne
1368 2505 1425 2568 illl

44 2629 72 2670 ω
89 2615 329 2679 vehementer
352 2610 509 2679 errant':
533 2615 662 2678 affirmat
686 2617 767 2680 enim
791 2633 844 2678 eos
866 2615 1063 2680 vehementer
1087 2633 1200 2680 errare.

180 2724 346 2808 Postquam
368 2725 458 2788 modo
482 2723 609 2808 flnltlra,
633 2722 722 2788 modo
745 2721 950 2788 siihiunctlra:
973 2725 1101 2808 linitiva,
1124 2727 1265 2809 quotiens
1284 2726 1424 2788 iunctum

88 2837 254 2919 accipitur,
279 2843 313 2898 ut
336 2831 478 2915 Virgilius

253 2951 448 3026 postquam
472 2961 533 3005 res
557 2942 662 3004 isiae
686 2939 895 3023 Priamique
920 2951 1091 3006 evertere
1115 2951 1261 3024 gentem

254 3053 464 3115 inmeritam
487 3053 603 3150 plurim
627 3053 792 3134 superis,

44 3173 75 3215 τό
89 3168 125 3224 ut
153 3162 194 3223 sit
222 3153 395 3242 ‘postquam
423 3161 520 3223 visum
550 3153 624 3242 est'3
656 3157 846 3222 subiunctiva
879 3177 965 3242 vcro,
998 3163 1139 3242 quotiens
1172 3161 1358 3243 secernitur,
1391 3169 1424 3223 ut

90 3264 173 3352 ‘post
196 3271 278 3332 venit
301 3286 392 3350 quam
416 3261 635 3350 exclamasset',
659 3263 740 3349 ‘post
760 3266 832 3330 lecit
851 3285 942 3349 quam
961 3262 1107 3332 dixisset'.
1155 3277 1315 3351 antequam
1335 3268 1423 3331 modo

91 3379 229 3461 finitivis,
252 3377 341 3440 ιιιοιΙο
366 3375 566 3440 subiunctirls
590 3377 742 3456 iungitur:
764 3376 901 3460 ilnitlvis,
926 3384 961 3439 ut
984 3373 1126 3458 Virgilius
1156 3373 1271 3461 ‘ante,
1294 3377 1424 3460 pudor,

91 3503 196 3568 quam
220 3495 254 3548 te
278 3479 402 3549 aiolo'.

181 3713 276 3772 coare
297 3714 499 3786 Somnum
547 3714 663 3786 lnpnd
687 3730 785 3787 grecos
809 3714 892 3770 inani
914 3713 1052 3785 recipitur
1076 3714 1176 3787 opiiue
1257 3721 1274 3770 3
1304 3719 1423 3772 accentu

93 3799 195 3854 secuto
241 3796 443 3870 praepositio
462 3812 531 3853 cane
604 3795 738 3869 secuto]
757 3796 878 3852 accentu
897 3795 1088 3851 cornamento
1162 3793 1259 3868 eico]
1279 3793 1368 3854 iacies

92 3883 127 3934 1⁰
146 3877 190 3951 ut]
210 3877 252 3936 aii
324 3879 401 3951 qnod
416 3878 529 3936 inminui
543 3876 659 3949 quidem
735 3883 767 3933 la
782 3877 857 3934 inter
871 3893 923 3934 ost.
999 3883 1031 3933 111
1046 3876 1105 3950 iae]
1121 3877 1209 3936 iacias
1281 3879 1422 3954 superius]

91 3975 178 4031 super
251 3963 284 4015 14
304 3962 424 4016 accentu
442 3961 543 4018 econio
619 3965 652 4016 ii
670 3957 793 4016 montem
869 3966 902 4015 16
921 3961 1038 4031 opinior
1111 3960 1270 4018 ciceronem
1284 3962 1313 4016 el
1327 3960 1422 4030 nemci

129 4044 162 4098 te
181 4039 320 4098 uictoriae
347 4043 428 4110 (corr.
449 4071 483 4082 -
503 4041 542 4110 in)
569 4042 697 4111 tempore
723 4056 759 4096 ne
788 4039 919 4111 quotiens
1004 4046 1037 4096 lii
1066 4041 1144 4100 cleia
1224 4048 1258 4099 21
1278 4042 1420 4116 iunctum]

92 4125 212 4261 m
278 4125 314 4178 25
334 4120 490 4178 secernitur
507 4122 538 4178 ei
556 4125 624 4194 posi
650 4120 775 4178 uenisset
800 4139 886 4192 qnam
910 4122 1098 4182 exclamasset
1116 4125 1181 4197 pori
1199 4123 1313 4181 iecisset
1331 4140 1421 4194 quam

182 4420 335 4479 tiemari
362 4419 485 4478 relativa
513 4418 635 4478 diximus
665 4418 812 4477 &urimur
839 4425 865 4477 et
887 4420 1034 4478 Diomedes
1120 4419 1315 4497 sturmium]
1341 4421 1421 4495 Vere.

92 4505 162 4562 Aen.
182 4503 262 4561 113
337 4510 371 4560 10
389 4503 466 4576 apud
484 4501 649 4576 Horatium]
667 4509 720 4561 cci.
741 4504 844 4573 1191
919 4509 952 4560 ie
971 4521 1007 4560 ue
1025 4501 1069 4575 iu]
1090 4503 1146 4562 Cic.
1166 4521 1218 4574 pro
1231 4503 1312 4567 Reae.
1328 4507 1420 4562 Anser.

93 4591 177 4653 1850
242 4591 275 4642 1¹1
296 4583 460 4658 Sallustius]
480 4584 563 4642 Galil.
583 4589 648 4652 11,7
714 4590 748 4642 19
762 4601 798 4642 ne
816 4585 874 4660 illi]
895 4585 1171 4644 Oic.tnoetci.11
1188 4591 1235 4656 3,6
1290 4593 1324 4642 28
1345 4589 1421 4659 poel-

92 4667 191 4742 qnam]
216 4665 297 4740 Verp.
316 4668 387 4724 Aen.
407 4667 430 4723 I
429 4667 473 4723 ΙΙ
484 4671 501 4722 1
576 4673 610 4724 26
629 4667 701 4724 ilem
715 4667 870 4737 mtequcm
883 4665 969 4725 modo
983 4665 1114 4734 finitivis,
1133 4667 1220 4724 morlo
1233 4667 1421 4726 subiunctiris

92 4747 227 4820 iungitur,
245 4750 345 4806 conus
358 4763 393 4804 uc
411 4745 541 4819 superius
560 4769 567 4803 ι
585 4747 716 4804 iunctum
735 4747 936 4818 subiunciivis,
956 4749 1035 4806 velut
1053 4749 1209 4818 antequam
1226 4751 1351 4810 venisset
1368 4751 1421 4822 (cio

92 4827 171 4886 velut
187 4829 343 4900 autequam
362 4828 488 4885 verrimes
506 4827 621 4900 Dion),
649 4829 822 4887 disiunctum
846 4831 976 4898 linitis-is,
1001 4833 1034 4886 ui
1059 4829 1135 4902 apud
1159 4829 1317 4904 Vergilium
1342 4831 1421 4890 ‘ente

92 4909 183 4983 pudor
201 4927 288 4982 quum
305 4913 336 4968 te
354 4909 444 4967 violo’
466 4909 613 4968 manuos
630 4917 656 4968 et
674 4911 821 4969 Diomedes
893 4919 928 4969 ei
947 4913 1027 4986 anm]
1054 4911 1133 4986 Vero.
1152 4915 1223 4972 Aeac.
1243 4915 1328 4972 IIII
1345 4921 1385 4975 27
