3610 5482
220 1743 256 1818 Q.
278 1743 415 1810 Terentii
435 1745 542 1808 Scauri
566 1743 603 1807 de
628 1743 841 1828 orthographia
866 1743 927 1808 duo
953 1753 1125 1827 supersunt,
1141 1741 1214 1808 libri
1238 1762 1328 1808 manu
1353 1744 1469 1827 scripti,

69 1869 76 1905 t
135 1853 182 1933 qui
205 1853 332 1935 quidem
355 1856 454 1917 omnia
479 1873 556 1938 quae
580 1853 638 1916 boc
661 1856 783 1916 nomine
807 1856 952 1936 inscripta
976 1854 1118 1917 feruntur
1141 1856 1311 1934 continent,
1335 1851 1469 1914 Beruen-

135 1963 173 2022 sia
195 1957 263 2025 330
288 1970 321 2025 et
343 1947 498 2026 Palatinus
525 1959 621 2025 1741.
1085 1955 1087 1959 ’
1341 2015 1343 2020 ,

218 2069 446 2135 beroensem
476 2070 612 2136 codicem
642 2072 759 2136 decimo
784 2071 919 2155 sacculo,
947 2079 980 2135 ut
1004 2072 1077 2136 mibi
1100 2075 1198 2136 risum
1223 2078 1283 2155 est,
1311 2071 1469 2152 scriptum,

135 2179 183 2258 qui
205 2179 281 2242 olim
303 2178 461 2262 Bongaroii
485 2181 556 2265 init,
587 2189 727 2245 accurate
752 2180 914 2264 descripsit
937 2179 1092 2244 Usenerus
1115 2199 1192 2243 mua.
1215 2178 1311 2241 Rhen.
1335 2195 1362 2240 r.
1385 2175 1468 2238 XXii

136 2279 173 2369 (a
198 2281 304 2374 1867)
332 2309 361 2371 p.
384 2285 466 2372 416,
496 2287 620 2352 bravius
648 2288 791 2372 Hagenus
821 2289 906 2353 catal.
931 2287 996 2352 cod.
1020 2289 1166 2352 Beruens.
1190 2307 1219 2370 p.
1244 2283 1321 2350 330.
1350 2288 1382 2348 in
1410 2283 1468 2346 hoc

136 2391 236 2458 Scauri
261 2395 341 2460 liber
362 2397 474 2479 legitur
498 2398 518 2460 i.
542 2395 722 2482 39-43*,
747 2403 858 2479 incipit
886 2401 966 2462 iiber
994 2397 1131 2462 Terentii
1153 2395 1273 2460 Scauri
1301 2396 1341 2458 de
1363 2395 1467 2458 ortico-

133 2507 266 2582 araphia
290 2506 460 2568 Scribendi
481 2539 524 2550 -
546 2510 731 2585 percerneri
749 2514 883 2586 poterut.
1306 2587 1308 2592 Ι

220 2612 324 2676 Codex
352 2612 543 2678 Palatinus
574 2613 753 2678 chartaceus
784 2617 891 2697 quinto
922 2614 1040 2678 decimo
1071 2613 1191 2677 saeculo
1222 2591 1371 2694 scriptun
1386 2613 1495 2694 inter,
1546 2666 1552 2677 .

136 2732 274 2804 excerpta
292 2733 432 2787 veterum
451 2726 636 2806 scriptorum
655 2726 804 2786 utrarios
828 2725 1061 2788 commentarios
1085 2723 1202 2785 recenti
1226 2729 1323 2784 aetate
1347 2739 1467 2802 compo·

137 2831 206 2892 nitor
229 2830 313 2894 hunc
333 2831 441 2894 Scauri
466 2830 578 2894 librum
602 2851 661 2894 una
686 2850 755 2895 cum
780 2832 945 2914 appendice
971 2831 1009 2894 de
1033 2830 1222 2894 ordinatione
1246 2831 1378 2912 partium
1402 2846 1467 2890 ora·

137 2925 382 3028 tioninuontinet
402 2941 421 3002 i.
436 2935 648 3022 245-249*,
672 2945 782 3020 incipit
805 2942 884 3003 liber
907 2940 1063 3004 Terrentii
1080 2941 1199 3002 Scauri
1221 2941 1260 3001 de
1283 2941 1468 3014 ortaprauia

137 3039 225 3130 (corr.
239 3043 484 3134 ontupruphiu)
503 3051 673 3112 Scribendi
692 3081 731 3094 -
748 3053 929 3130 percertsiri
943 3031 1166 3129 poteratfinii
1188 3049 1295 3123 Quinti
1315 3045 1472 3108 Terreniii

136 3155 249 3220 Scauri
268 3161 307 3221 de
325 3139 539 3236 orthoprauia.
565 3159 570 3237 Ι
600 3157 779 3220 Torrentius
797 3177 933 3221 scaurus
953 3161 992 3221 de
1015 3160 1214 3222 ordinatione
1227 3159 1374 3235 ‘partium
1397 3141 1483 3217 ora?

136 3267 221 3328 tionis
245 3261 251 3350 1
280 3268 318 3329 In
337 3274 484 3329 contentu
508 3267 658 3328 brittaniae
683 3299 724 3311 -
749 3284 852 3329 omnes
872 3275 982 3346 portes
1006 3270 1157 3330 arationis
1180 3257 1423 3348 examinatior)

219 3373 439 3456 Fragmentum
457 3374 526 3438 libri
546 3384 630 3437 sento
651 3373 779 3457 decimo,
798 3386 833 3438 ut
851 3373 980 3458 videtur,
1004 3376 1124 3439 saeculo
1146 3379 1293 3458 scriptum
1314 3376 1345 3436 in
1364 3353 1468 3436 codice

137 3477 275 3544 Vaticano
300 3479 386 3546 1491
413 3483 584 3567 chartaceo,
608 3485 696 3547 cuius
721 3483 852 3546 indicem
876 3482 999 3546 exhibui
1027 3501 1152 3566 gramm.
1176 3483 1225 3546 iat.
1251 3502 1276 3546 u.
1297 3481 1320 3540 V
1343 3503 1371 3565 p.
1393 3479 1469 3564 526,
1517 3467 1520 3479 ’
1552 3535 1556 3540 .
1655 3491 1658 3496 ·

70 3601 73 3606 ’
137 3587 273 3653 relictum
293 3599 349 3675 eet,
378 3593 412 3665 Q.
431 3590 567 3654 Terentii
580 3592 698 3654 Scauri
720 3569 760 3654 de
777 3594 1005 3672 orthographia
1020 3595 1064 3655 ad
1081 3593 1228 3656 Titeseurn
1243 3591 1412 3653 Scribendi
1427 3621 1468 3634 -·

137 3703 169 3756 ut
188 3702 301 3776 aquilia
324 3719 424 3778 neque
441 3718 525 3780 prae
547 3693 592 3785 (p.
617 3693 731 3784 2254).
756 3699 872 3782 reliqua
896 3703 928 3764 iu
953 3701 1011 3764 iine
1036 3701 1150 3764 codicis
1172 3702 1341 3782 perierunt.

221 3927 249 3998 ⁸)
278 3927 320 3985 De
344 3929 462 4001 reliquia
485 3928 592 3986 codicia
615 3927 745 4001 partibor
772 3931 919 4002 compertu
942 3929 1032 3988 habui
1053 3929 1126 3987 haec
1151 3927 1259 4002 partim
1286 3947 1304 3987 n
1327 3946 1373 3986 me
1400 3926 1470 3984 olim

138 4007 245 4080 amaa,
271 4010 379 4081 partim
404 4028 423 4068 a
446 4010 598 4082 Steudero,
624 4010 674 4081 qui
700 4011 829 4069 codicem
852 4011 883 4068 in
905 4029 1001 4070 meum
1025 4031 1108 4069 noum
1132 4011 1305 4080 contulerat,
1334 4009 1469 4066 iudicatu.

138 4089 199 4144 ante
217 4089 318 4147 Soeuri
337 4091 442 4148 librum
460 4091 568 4164 scriptu
585 4097 654 4148 runt
671 4091 754 4162 hoec,
775 4095 886 4166 Incipit
911 4096 1074 4165 intulerint
1092 4109 1177 4164 cuper
1197 4091 1229 4146 X
1234 4091 1261 4146 V
1281 4093 1368 4148 irbroa
1386 4095 1470 4146 meta·

138 4169 318 4240 wtpboaeon.
333 4170 491 4241 Di'osuntau
501 4173 740 4230 lacedaemonum
755 4181 853 4232 auctor
868 4177 953 4233 iibroo
966 4177 1079 4247 arripnit
1095 4172 1470 4248 antiquitatum-gutbgnia

138 4263 169 4303 a
189 4253 273 4308 mito
296 4253 372 4325 zoyle
394 4271 494 4312 nonen
516 4257 597 4311 habu
618 4256 665 4325 (ci.
685 4255 744 4312 Mai
768 4256 849 4315 claua
869 4259 942 4314 auct.
969 4275 996 4316 v.
1017 4257 1058 4313 ΙΠ
1081 4277 1109 4331 p.
1129 4259 1220 4328 xvi),
1244 4257 1344 4312 breves
1369 4252 1470 4309 similia
1500 4285 1504 4292 ·

138 4333 465 4405 monumentarii,
480 4335 623 4396 ciceronio
638 4338 780 4410 epinicion
794 4338 915 4410 aliquot,
932 4337 1154 4396 commentemur
1169 4335 1331 4412 germanice
1346 4334 1469 4406 scriptur

138 4415 294 4490 infamatio
307 4419 354 4474 deu
367 4419 486 4490 hetligen
497 4420 630 4490 gericittca
638 4422 690 4476 wie
699 4438 766 4476 rnan
780 4421 847 4476 daur
856 4421 1046 4476 ordnttiiaben
1058 4421 1161 4477 halden
1169 4421 1230 4488 soii,
1240 4417 1314 4475 duae
1324 4415 1469 4488 epistulae

139 4493 210 4553 Petri
235 4499 362 4557 Antonii.
400 4498 528 4572 nequitur
550 4499 624 4556 liber
648 4499 776 4558 Terentii
795 4501 907 4571 Scauri,
931 4503 1106 4572 postquem
1130 4501 1258 4573 quinque
1284 4499 1356 4558 ioiiu
1379 4516 1471 4556 vacua

138 4577 234 4636 nitate
253 4583 327 4637 runt
349 4581 460 4639 'deindo
478 4584 635 4653 sequuntur
654 4580 797 4637 Ciceronis
815 4581 906 4638 oratio
926 4598 977 4654 pro
997 4581 1143 4652 Marcello,
1163 4581 1290 4639 eiusdem
1308 4581 1345 4638 de
1359 4580 1470 4654 optimo

28 4659 29 4666 ’
138 4675 236 4730 genno
254 4659 368 4719 dicendi
385 4661 459 4720 liber
477 4679 543 4726 cnm
561 4661 626 4718 aliia
645 4661 787 4733 excerptio
806 4659 963 4731 ciceronio,
992 4662 1095 4732 quibua
1115 4662 1291 4734 subacriptur
1311 4665 1356 4719 eat
1378 4678 1470 4718 annuo

28 4765 29 4774 ¹
140 4745 205 4799 litt
228 4743 289 4816 rei,
318 4745 352 4801 ut
377 4743 533 4802 Stenderur
558 4741 710 4812 indicarit,
739 4749 823 4813 1464,
858 4741 994 4799 Murtiuui
1023 4741 1158 4813 Capellae
1185 4743 1320 4814 excerpta
1344 4742 1381 4798 da
1406 4744 1468 4798 urta

138 4821 287 4896 rhetorica,
306 4823 386 4884 Sexti
403 4825 469 4882 Rufi
487 4823 673 4894 breviarium,
697 4823 851 4894 registrum
871 4842 957 4896 anper
975 4823 1063 4881 libror
1082 4823 1233 4880 Laurentii
1252 4824 1408 4894 Vallenaia,
1434 4823 1470 4879 de

140 4905 274 4962 namma.
1174 4931 1178 4939 ·

645 5031 649 5036 .
1215 4999 1251 5052 1*
