3602 5482
344 321 411 392 362
914 325 1087 423 ⁴AVDAQIS

344 440 365 480 p.
380 432 406 470 tt
422 428 466 472 Ε.-

344 535 413 580 cum
433 519 506 582 satis
525 519 565 581 sit
582 517 684 581 dicere
703 517 793 601 legite
809 565 817 582 .
833 520 1020 584 detractione
1040 519 1172 603 litterae,
1192 531 1226 584 nt
1244 521 1397 586 nutribam
1412 541 1467 606 pro
1482 519 1673 585 nutriebam.
1726 583 1744 593 ,-

344 625 511 690 adlectione
530 625 658 709 syllabae
679 630 713 692 lit
731 628 945 710 barbarismus,
965 639 999 692 ut
1017 631 1113 711 slqtrls
1131 628 1211 694 dicat
1229 630 1368 714 prandidi
1387 651 1442 714 pro
1462 630 1580 714 prandi,
1603 633 1674 714 quia

344 753 512 816 pransurus
537 736 621 813 lacit,
645 755 706 800 non
730 737 942 820 prenditurus:
966 755 1034 800 nam
1058 755 1135 819 quae
1159 741 1189 801 iu
1210 742 1375 821 praeterito
1394 743 1543 822 geminata
1563 738 1674 823 syllaba

344 845 557 929 proteruntur,
580 847 611 908 in
636 847 795 928 participio
819 864 940 929 quoque
965 847 1060 910 luturi
1085 849 1231 930 temporis
1254 848 1379 912 eandem
1399 849 1525 932 syllbam
1543 859 1675 932 serrant,

344 963 378 1016 ut
404 953 514 1017 tradidi
543 954 724 1038 traditurus,
753 954 870 1018 reddidi
899 953 1074 1019 redditurus
1103 1005 1111 1020 .
1140 954 1326 1020 detractione
1355 957 1499 1042 syllabae,
1527 968 1562 1022 ut
1590 958 1674 1021 verbi
1703 963 1715 1002 ⁵

343 1063 438 1143 gratia
462 1081 587 1126 currum
616 1082 842 1146 procurruum
867 1066 971 1128 ‚item
999 1067 1197 1130 inmutatione
1230 1066 1362 1144 litterae,
1394 1076 1430 1130 nt
1457 1067 1508 1130 olli
1538 1087 1594 1150 pro
1621 1068 1676 1151 illi,

344 1189 481 1235 maxume
509 1191 566 1255 pro
597 1175 725 1236 mammo
749 1221 755 1237 .
780 1176 979 1236 inmutatione
1008 1173 1151 1257 syllabae,
1180 1187 1214 1238 ut
1243 1185 1307 1238 tum
1335 1193 1391 1258 pro
1426 1187 1513 1259 tuac,
1546 1176 1675 1239 relicum
1741 1250 1746 1264 Ι

342 1298 398 1362 pro
433 1279 551 1364 reliquo
582 1329 589 1344 .
617 1282 868 1344 transmutatione
902 1279 1034 1363 litterae,
1067 1293 1101 1344 ut
1131 1302 1148 1340 a
1177 1286 1428 1347 transmutatione
1462 1282 1609 1368 syllabae,
1640 1297 1676 1348 nt

344 1389 503 1472 displicina
539 1408 594 1472 pro
633 1387 790 1471 disciplina
823 1437 831 1451 .
865 1388 1033 1452 adiectione
1072 1371 1231 1474 temporis,
1273 1402 1308 1454 ut
1349 1387 1523 1456 ‘exercet
1565 1393 1675 1456 Diana

343 1494 541 1564 cborunr':
570 1498 716 1582 producta
745 1499 826 1560 enlm
855 1497 885 1560 dl
914 1501 1084 1579 geminatur
1113 1507 1233 1582 tempus
1262 1499 1406 1584 syllabae,
1434 1519 1504 1564 cum
1532 1512 1675 1583 correpte
1691 1505 1715 1544 ¹⁰

343 1606 435 1669 illaria
467 1607 526 1671 dlcl
554 1607 663 1671 debeat
686 1654 694 1670 .
717 1606 904 1670 detractione
933 1609 1093 1690 temporis,
1126 1618 1160 1670 ut
1189 1611 1215 1670 si
1243 1607 1377 1672 dicamus
1406 1619 1547 1692 correpta
1576 1610 1675 1673 media

343 1714 454 1798 syllaba
482 1723 635 1798 emerunt,
667 1733 737 1779 cnm
770 1716 917 1798 producta
945 1725 1084 1780 emerunt
1111 1716 1172 1779 dici
1200 1716 1308 1781 debeat
1336 1765 1344 1780 .
1372 1717 1511 1782 similiter
1538 1739 1595 1801 per
1623 1719 1675 1782 ad·

343 1828 537 1907 spirationem
562 1827 650 1888 etiarn
675 1825 709 1888 llt
731 1823 950 1908 barbarismus,
978 1825 1051 1889 dum
1079 1837 1131 1890 aut
1154 1826 1284 1890 adicitur
1311 1827 1345 1909 b,
1373 1825 1425 1889 ubi
1454 1846 1515 1890 non
1543 1838 1676 1911 oportet,

342 1943 395 1997 aut
427 1934 610 2016 detrahitur,
642 1933 695 1996 ubi
728 1951 795 1996 esse
824 1945 957 2019 oportet,
991 1934 1071 2016 quod
1107 1937 1209 1998 vitium
1243 1938 1389 2018 scriptum
1419 1937 1586 2000 invenitur:
1618 1957 1675 2019 per

343 2044 542 2108 adiectionem
562 2043 787 2127 adspirationis,
812 2055 845 2106 ut
869 2047 965 2125 siquis
988 2043 1068 2108 dicat
1088 2066 1105 2104 a
1123 2063 1249 2108 onorem
1274 2063 1329 2126 pro
1353 2043 1468 2108 bonore
1492 2055 1544 2108 aut
1568 2063 1675 2108 umum
1690 2047 1714 2089 ¹⁵

343 2173 398 2236 pro
430 2153 522 2216 bumo
556 2203 563 2216 .
597 2163 723 2216 accentu
762 2155 796 2215 ilt
832 2151 1052 2237 barbarismus,
1089 2173 1159 2217 cum
1193 2163 1245 2217 aut
1277 2161 1385 2216 acutus
1418 2171 1473 2235 pro
1506 2157 1590 2234 graui
1622 2165 1676 2218 aut

342 2263 441 2345 gravis
459 2281 515 2345 pro
534 2270 623 2325 acuto
647 2261 694 2324 rel
717 2260 793 2324 allus
816 2279 872 2344 pro
896 2261 1031 2342 quolibet
1053 2263 1191 2344 ponitur,
1215 2271 1249 2324 ut
1271 2263 1298 2324 si
1321 2261 1408 2325 dicas
1423 2244 1561 2324 ltttettus
1585 2273 1692 2352 acuto,

342 2380 469 2434 accentu
495 2375 527 2434 in
551 2373 661 2454 prima,
694 2387 765 2432 cum
788 2371 820 2432 in
844 2369 976 2433 secunda
1001 2372 1040 2434 slt
1064 2379 1170 2434 acutus
1195 2378 1352 2452 accentus,
1385 2373 1416 2433 in
1446 2373 1542 2452 prima
1566 2373 1674 2452 gravis.

433 2478 643 2542 barbarismus
669 2476 750 2541 nullo
775 2477 863 2540 modo
887 2481 1026 2541 excusari
1050 2474 1172 2560 potest?
1210 2480 1327 2542 Potest:
1350 2481 1377 2541 sl
1395 2481 1476 2541 enim
1495 2496 1550 2561 per
1569 2481 1674 2562 inpru-

343 2588 475 2651 dentiam
495 2589 559 2671 llat,
578 2589 684 2650 vitium
703 2596 764 2670 est3
784 2589 809 2649 si
829 2606 845 2650 a
864 2589 977 2670 poetis,
996 2589 1092 2650 virtus
1112 2588 1306 2670 elocutionis,
1329 2597 1361 2650 et
1379 2585 1547 2668 appellatur
1565 2606 1672 2669 graece
1688 2590 1715 2629 ²⁰

343 2696 565 2780 metaplasmus.

435 2881 448 2928 1
470 2871 646 2930 detractione
670 2875 703 2928 rit
724 2870 870 2927 nutribam
892 2871 930 2926 M
1009 2870 1179 2927 esiliabam
1198 2870 1237 2926 M
1317 2877 1409 2927 anon
1433 2869 1616 2943 pranditnrus
1637 2870 1674 2926 M

343 2969 400 3008 non
419 2952 630 3024 prandiditurus
649 2950 678 3007 Β
752 2958 767 3007 b
786 2950 907 3024 tradidi]
926 2951 1045 3008 tradidit
1063 2951 1135 3006 ΒΜ
1149 2995 1155 3007 .
1170 2968 1241 3022 quac
1258 2957 1414 3022 aquantur
1431 2969 1518 3024 myas
1535 2952 1575 3008 cd
1592 2952 1671 3020 βιιιιιι

343 3033 410 3090 tttrt
423 3037 455 3090 a'u
468 3034 607 3090 nmmo·
620 3035 712 3091 codice
725 3036 832 3105 scripto
845 3049 903 3090 noas
916 3039 983 3090 suut
1055 3031 1179 3104 reddidi]
1194 3030 1325 3088 rsddiM
1396 3035 1429 3089 ut
1443 3049 1517 3105 qaae
1530 3034 1626 3105 gratia
1638 3033 1675 3088 M

398 3115 560 3189 iconum]
590 3109 671 3172 circu
692 3116 729 3170 M
812 3114 988 3172 lmaximaa
1012 3130 1065 3186 pro
1088 3111 1205 3170 maximi
1225 3112 1263 3167 M
1344 3114 1425 3186 tunc]
1449 3117 1519 3169 tuno
1546 3113 1585 3168 M
1656 3119 1672 3168 8

342 3197 544 3254 transmutatio
572 3197 668 3253 littere
696 3199 729 3252 nt
754 3197 955 3253 transmutatio
984 3195 1104 3254 sillabas
1133 3197 1166 3251 nt
1193 3193 1346 3265 disciplina
1372 3209 1425 3265 pro
1453 3193 1608 3264 disciplina
1637 3193 1676 3248 M

344 3279 483 3345 lacunam,
507 3295 564 3349 pac
586 3277 739 3348 exemplasse
768 3278 1012 3334 transmutationis
1039 3279 1146 3334 litterae
1173 3275 1291 3341 mauu,
1317 3274 1444 3330 iudicavi
1522 3280 1538 3330 a
1562 3277 1675 3331 exercet

344 3359 436 3416 chana
456 3359 506 3414 M:
530 3356 610 3429 Verp.
629 3359 699 3415 Aeas.
721 3359 815 3415 1499
890 3366 924 3416 10
944 3359 1120 3430 geminatum
1141 3357 1179 3412 Μ
1250 3357 1342 3412 chana
1362 3356 1401 3411 Μ
1472 3361 1505 3411 12
1525 3373 1578 3428 pro
1597 3358 1672 3429 aspi-

344 3440 462 3498 rationis
481 3439 609 3496 litteram
628 3439 661 3494 fit
680 3440 717 3494 M
789 3447 821 3496 rs
841 3440 910 3498 dum
929 3444 1015 3496 acuta
1033 3439 1137 3496 dicitur
1155 3437 1175 3493 b
1195 3437 1233 3493 Μ
1305 3443 1339 3492 15
1359 3435 1436 3493 dicat
1459 3437 1597 3518 boporsm
1622 3456 1673 3510 pro

344 3524 481 3579 bonorem
500 3523 550 3576 aut
568 3521 686 3576 humum
705 3539 757 3592 pro
778 3522 865 3578 humo
882 3523 918 3578 M
933 3563 939 3575 .
954 3522 1100 3588 Mutuom,
1119 3538 1176 3592 quc
1193 3519 1318 3590 meipsa
1332 3519 1455 3575 Mucios
1469 3519 1673 3590 sceptrum

343 3604 517 3671 cccidenmt,
537 3603 664 3660 indicaui
738 3611 770 3659 16
790 3607 940 3660 accentum
961 3604 999 3658 Μ
1072 3609 1105 3659 l‘l
1125 3619 1176 3673 pro
1195 3599 1344 3672 quodlibet
1360 3601 1399 3657 Μ
1468 3603 1556 3657 acuta
1570 3607 1673 3658 acenta

343 3685 437 3756 prima
452 3684 491 3740 M
564 3688 595 3738 ts
615 3684 645 3740 in
663 3683 722 3740 ima
740 3683 837 3755 granis
854 3685 891 3738 M
964 3689 997 3740 19
1016 3683 1144 3741 excusari
1158 3685 1262 3756 potest.
1290 3683 1314 3739 si
1329 3681 1405 3738 enim
1421 3681 1460 3737 M
1523 3686 1563 3742 ,21
1585 3685 1672 3738 meta·

343 3767 456 3839 plasma
476 3765 514 3822 M
