3602 5482
672 317 870 376 oxoniam
1370 318 1435 386 349

94 419 259 470 pawn

95 509 229 592 accipiat
262 525 278 570 a
313 507 448 590 nomine,
482 514 598 590 partem
632 525 649 570 a
681 505 774 570 uerbo
806 556 813 571 .
843 525 911 572 nam
945 525 1034 571 casus
1067 525 1084 570 a
1117 509 1238 572 nomine
1270 515 1437 591 mutuatur,

95 624 239 699 tempora
262 634 279 678 a
303 615 395 680 verbo
420 663 427 678 .
452 615 534 698 quod
563 617 644 680 enim
673 615 863 681 declinantur
892 617 1063 700 partieipia,
1093 615 1151 680 hoo
1181 635 1197 680 a
1226 620 1347 682 nomine
1376 626 1436 703 est3

96 724 182 807 quod
206 743 278 788 vero
304 724 491 810 temporibus
515 727 714 810 conveniunt,
737 725 795 790 lxoo
818 725 947 790 asorbo
967 733 1041 788 est.
1061 724 1131 789 inde
1151 744 1223 808 ergo
1243 729 1436 810 participium

95 832 213 896 dieitur
237 881 244 896 .
268 833 429 916 Partiolpia
452 834 623 916 praesentis
646 835 794 918 temporis
824 835 971 916 inquam
999 831 1143 916 syllabam
1170 830 1304 899 exeunt?
1340 836 1434 900 Parti·

51 956 66 999 s
95 945 177 1026 sipia
201 945 410 1025 inpraesenti
435 952 570 1026 tempore
602 945 633 1006 in
658 961 713 1006 ens
741 953 773 1006 et
801 946 832 1007 in
860 961 915 1006 ans
943 941 1085 1026 syllabam
1115 952 1241 1026 exeunt,
1271 952 1304 1008 ut
1331 944 1436 1027 legens

95 1069 215 1136 amans3
246 1053 279 1116 in
307 1053 411 1116 lutuno
435 1070 507 1116 vero
531 1055 628 1116 uotiua
655 1053 873 1134 significatione
903 1055 935 1116 in
965 1070 1031 1136 xus,
1061 1062 1095 1116 ut
1123 1061 1292 1138 amaturus,
1319 1057 1435 1136 passiva

95 1163 129 1224 in
158 1160 232 1246 dus,
261 1172 295 1226 ut
323 1161 470 1246 legendus
499 1161 676 1228 amandus.
701 1180 773 1226 sane
801 1165 833 1226 in
862 1165 1027 1246 praeterito
1056 1139 1155 1226 tridus
1183 1161 1305 1245 syllabis
1333 1167 1435 1228 termi-

95 1280 226 1354 nantur,
248 1271 280 1334 in
305 1277 368 1356 tus,
392 1280 426 1335 ut
450 1273 583 1356 aoxiptus
606 1270 717 1355 leotus,
740 1273 772 1335 in
796 1291 863 1356 sus,
892 1279 926 1336 nt
954 1273 1075 1336 occisus
1104 1273 1202 1354 visus,
1229 1273 1260 1336 in
1290 1291 1347 1336 xus
1370 1271 1434 1316 *Β*

557 1465 618 1536 ΒΕ
644 1465 980 1536 ΟΟΝΠΝΟΊῚΟΝΒ

54 1631 81 1671 1⁰
192 1615 272 1690 Quid
296 1625 343 1682 est
367 1612 565 1682 coniunctio?
602 1616 676 1680 Pars
699 1619 847 1681 orationis
872 1624 998 1680 nectens
1017 1615 1223 1698 ordinansque
1244 1619 1433 1682 sententiam

95 1725 313 1790 Coniunctioni
341 1735 417 1808 quot
443 1720 608 1789 sooidunt?
653 1724 805 1809 Potestas,
837 1725 929 1810 ordo,
961 1727 1071 1810 ligura,
1100 1734 1252 1790 accentus.
1295 1725 1435 1790 Potestas

95 1837 322 1898 coniunctionis
351 1837 383 1898 in
412 1843 486 1917 quot
514 1837 632 1918 species
661 1829 827 1898 diuiditur?
863 1833 897 1897 ln
921 1837 1071 1918 quinque,
1099 1833 1130 1898 id
1154 1843 1202 1898 est
1225 1835 1435 1919 copulativam,

95 1943 319 2026 disiunctivam,
338 1942 528 2026 expletivum,
547 1943 707 2026 causalem,
722 1941 907 2006 rationalem
946 1941 1138 2025 Copulativae
1158 1946 1271 2026 speciei
1290 1945 1433 2008 coniunc-

96 2054 197 2114 tiones
212 2060 287 2133 quot
301 2046 397 2115 sunt?
434 2050 494 2114 Sex
509 2050 578 2135 hae,
604 2060 635 2114 et
649 2051 789 2135 simplex,
809 2069 868 2133 que
883 2050 1026 2135 simplex,
1044 2069 1079 2114 ao
1094 2051 1235 2136 simplex,
1254 2061 1284 2116 at
1298 2052 1436 2136 simplex,

56 2171 145 2232 taust
164 2161 306 2246 simplex,
329 2171 421 2244 atquo
440 2163 615 2242 composita.
653 2159 856 2224 Disinnotivae
876 2162 990 2242 speciei
1004 2163 1233 2224 coniunctiones
1248 2169 1323 2243 quot
1342 2159 1435 2226 sunt?

95 2270 232 2335 Numero
251 2291 305 2334 aex
324 2270 380 2334 hae
399 2277 532 2353 tantum,
552 2278 604 2333 aut
622 2268 765 2353 simplex,
787 2287 823 2332 ve
843 2268 984 2354 simplex,
1007 2269 1054 2332 sel
1074 2268 1215 2354 simplex,
1239 2288 1277 2333 ne
1298 2269 1435 2356 simplex,

95 2399 154 2444 neo
174 2379 317 2464 simplex,
338 2399 438 2462 neque
458 2381 633 2462 eomposita.
670 2377 844 2461 Expletlvae
864 2381 977 2460 speciei
996 2380 1227 2444 coniunctiones
1247 2389 1321 2461 quot
1339 2376 1435 2444 sunt?

95 2488 242 2552 Vndeoim
258 2489 314 2552 hae
324 2497 452 2573 tantum,
468 2487 590 2570 quidem
602 2487 737 2571 simplex,
752 2489 893 2570 equidem
904 2490 1079 2572 composita,
1094 2488 1249 2570 etquidem
1259 2493 1434 2574 composita,
1477 2483 1479 2488 ’

94 2599 197 2663 saltim
212 2597 349 2682 simplex,
367 2597 507 2662 videlieet
521 2600 698 2682 compositu,
716 2615 898 2680 quamquam
914 2599 1089 2681 composita,
1108 2599 1243 2680 quamvls
1258 2602 1433 2683 composita,

56 2721 81 2762 Β
94 2727 219 2791 quoque
238 2709 415 2792 composita,
438 2715 539 2772 aulem
563 2695 825 2791 simplex,'tamen
849 2707 985 2790 simplex,
1009 2726 1101 2790 porro
1125 2705 1260 2790 simplex.
1299 2706 1434 2773 causalis

94 2819 212 2901 speciei
225 2807 547 2899 coniunctiones'qnot
562 2812 656 2880 sunt?
688 2815 821 2880 Numero
837 2819 960 2900 triginta
980 2826 1012 2881 ot
1031 2825 1108 2900 tres,
1131 2814 1162 2879 id
1185 2825 1233 2880 est
1250 2821 1279 2881 ιι·
1297 2817 1433 2902 simplex,
1449 2841 1455 2850 ·

94 2929 155 2990 etsi
169 2927 353 3009 composito,
371 2927 463 2990 otiam
476 2924 617 3009 simmex,
636 2927 755 2989 etiamsi
770 2928 949 3009 composita,
969 2929 1091 2990 tametsi
1104 2927 1285 3005 compositu,
1305 2927 1434 2990 situmen

94 3037 278 3119 composita,
301 3033 451 3116 siquidem
475 3036 639 3118 composita
646 3083 655 3118 ,
679 3034 799 3117 qnando
823 3033 966 3118 simplex,
990 3034 1234 3117 quandoquidem
1259 3037 1435 3118 composita,

96 3147 243 3227 motinus
277 3145 459 3228 composita,
505 3146 579 3226 quin
617 3143 759 3228 simplex,
800 3145 966 3226 quinetiam
1004 3145 1186 3226 composita,
1224 3145 1271 3206 sin
1309 3142 1435 3226 simplex

55 3266 80 3308 es
94 3256 247 3318 sinautem
271 3255 452 3336 compositu,
471 3255 609 3316 sinetiam
634 3254 813 3335 composita,
836 3271 891 3316 seu
911 3251 1053 3336 simplex,
1077 3253 1140 3316 sive
1159 3254 1339 3336 oomposita,
1363 3271 1432 3316 nam

94 3362 239 3446 simplex,
267 3379 397 3443 namque
422 3363 602 3446 composita,
631 3363 663 3424 ni
687 3360 828 3445 simmex,
856 3363 916 3425 nisi
940 3363 1122 3444 composita,
1149 3363 1235 3424 nisisi
1259 3363 1435 3446 composita,

94 3475 176 3535 enim
201 3469 339 3554 simplex,
359 3467 365 3552 Ι
385 3473 498 3534 etenim
522 3473 703 3554 composita,
726 3489 764 3533 ne
789 3471 929 3556 simplex,
958 3472 1011 3536 sed
1036 3469 1177 3553 simplex,
1206 3471 1323 3533 interea
1351 3488 1434 3533 eom·
1481 3527 1484 3530 .

93 3582 209 3662 posita,
234 3577 435 3660 quamobrem
458 3581 639 3662 composita,
659 3581 838 3660 praesertim
862 3579 1003 3664 simplex,
1031 3583 1104 3644 item
1133 3577 1273 3662 simplex,
1301 3580 1435 3660 itemque

188 3787 206 3836 9
225 3779 275 3836 ΒΕ
294 3777 576 3837 comvncmoim
599 3777 685 3842 Prot.
705 3783 810 3849 14333

189 3979 387 4037 2ᾰοι1ἱιιιιιιιι
414 3977 443 4034 Β
517 3976 669 4050 dpassivs
692 3993 742 4034 om.
762 3979 792 4034 Β
865 3987 881 4036 'l
905 3981 1076 4038 terminatur
1098 3979 1127 4036 Β
1200 3981 1270 4038 diu
1293 3997 1345 4035 xus
1368 3979 1434 4050 plnx

95 4083 153 4121 nou
171 4061 358 4119 inueniuntur
382 4059 446 4115 lNT
472 4058 547 4127 Quid
570 4061 615 4115 osi
638 4060 801 4118 coniunctio
824 4064 912 4120 unius
933 4065 1143 4136 versosspotio
1162 4069 1227 4135 post
1249 4060 1434 4118 inveniuntur

96 4147 194 4202 redimo
207 4142 236 4199 Β
292 4147 325 4199 12
345 4139 552 4214 copulativam]
568 4143 705 4213 eonpulut
718 4142 796 4200 uiam
810 4144 838 4200 Β
895 4151 928 4201 ts
942 4145 1008 4202 INT
1024 4142 1210 4218 copulatiuae
1225 4141 1433 4200 coniunctionis

97 4226 207 4302 speeies
231 4223 309 4299 quod
333 4229 401 4282 sunt
419 4225 445 4281 Β
464 4223 518 4282 Sex
542 4223 580 4280 he
597 4225 627 4280 Β
646 4221 833 4295 Copulxtivoa
858 4227 964 4299 apeoiei
988 4225 1200 4284 coniunctiones
1225 4240 1344 4282 numero
1368 4227 1434 4280 sunt

98 4327 146 4367 sex
165 4309 221 4365 luae
242 4307 355 4364 Probata
368 4323 400 4378 p.
420 4309 535 4374 idm.
560 4307 626 4364 dieas
644 4307 676 4362 isa
698 4308 814 4378 reliquae
838 4310 1065 4364 maleactiooum
1088 4307 1298 4378 definitionibus
1323 4305 1434 4362 Probus

97 4391 271 4448 mmdotum
297 4390 469 4460 scripturam
493 4387 626 4458 praebuit
706 4395 739 4444 15
767 4389 955 4448 unimodum
983 4389 1191 4448 eoniuootionis
1219 4388 1327 4462 speeies
1355 4389 1433 4462 quod

98 4475 166 4537 suut
183 4469 212 4526 Β
288 4476 322 4526 ii
342 4467 485 4541 expletiue
505 4466 712 4527 oouiunotionis
731 4472 839 4544 speeies
859 4470 936 4544 quod
955 4474 1021 4528 sunt
1034 4472 1063 4527 Β
1138 4479 1171 4530 18
1190 4471 1263 4528 haee
1276 4471 1390 4528 tantm
1403 4469 1432 4526 Β

135 4559 169 4610 12
190 4551 322 4625 quamvis
347 4565 439 4623 quoq3
463 4549 611 4622 conposite
636 4553 734 4609 aulem
752 4553 780 4608 Β
853 4559 889 4610 20
908 4552 1028 4610 muniis
1052 4553 1155 4626 spetiei
1178 4553 1386 4610 ooniunoiiouis
1404 4557 1433 4612 Β

133 4641 167 4690 21
189 4634 216 4690 si
233 4650 285 4690 oss.
304 4633 333 4688 Β
407 4639 442 4690 22
462 4632 550 4691 oliam
569 4633 690 4706 simplex
709 4635 797 4692 etiam
816 4635 966 4708 conposite
989 4635 1013 4692 si
1036 4637 1133 4693 lamen
1153 4634 1302 4707 conposita
1320 4635 1344 4690 si
1363 4637 1433 4708 quid

100 4715 249 4788 conposita
272 4713 301 4768 Β
383 4719 420 4770 it
443 4715 493 4786 qui
520 4715 550 4771 in
574 4715 695 4787 simplex
713 4715 741 4772 Β
823 4722 859 4773 25
879 4733 928 4772 seu
954 4716 1103 4789 conposita
1120 4717 1181 4774 siue
1200 4716 1347 4788 oonpositu
1364 4735 1433 4774 nam

100 4797 221 4869 simplex
234 4811 359 4868 namque
374 4795 523 4868 conposita
538 4795 593 4852 nisi
607 4795 728 4869 simplex
737 4797 791 4854 nisi
806 4801 954 4869 (aspersos
969 4795 1004 4868 sil
1019 4795 1183 4870 conpositae
1198 4797 1259 4854 nim
1273 4795 1432 4870 simplexB

134 4883 170 4935 28
188 4877 272 4950 item]
291 4877 348 4933 iter
364 4878 394 4933 Β
744 4885 747 4892 ·
