3590 5486
345 343 412 410 226
615 341 740 398 sabab
764 339 814 398 Ῑ)Ε
833 341 933 400 Auru
953 343 1066 402 illim
1086 343 1135 402 ΕΤ
1153 344 1203 402 ΒΕ
1223 343 1410 404 OBTHOGR.

342 531 571 613 grammaticum
596 527 632 592 de
654 530 867 611 cacosyntheto
888 529 1047 615 appellarit
1069 550 1099 615 p.
1114 527 1211 596 2347.
1245 552 1350 596 rerum
1370 552 1408 597 ne
1432 535 1463 596 lo
1488 531 1535 594 his
1556 529 1677 612 quidem

343 636 506 720 quidquam
537 640 692 720 reperitur
721 640 801 721 quod
832 639 956 722 dignum
985 659 1053 704 csse
1082 643 1226 706 memoria
1250 641 1396 706 videatur.
1438 652 1529 724 atque
1555 641 1679 702 omnino

343 747 442 809 omitti
466 745 516 808 hio
535 745 635 810 Albini
659 745 737 810 liber
761 749 791 810 in
812 767 887 810 rrora
907 749 1039 812 editione
1059 753 1324 832 grammaticorum
1348 760 1481 835 poterat,
1505 753 1587 814 sicut
1611 747 1678 811 reii-

344 873 403 939 qua
426 872 503 937 quae
527 853 566 917 ab
588 855 640 918 illo
665 863 695 918 et
719 855 895 938 aequalibus
914 858 980 920 eius
1004 857 1043 920 de
1067 867 1131 921 arte
1155 859 1349 940 grammatica
1371 861 1484 943 scripta
1509 867 1596 943 sunt,
1622 859 1680 920 nisi
1739 899 1742 907 ι

342 961 479 1026 Putschli
508 965 647 1026 instituto
677 964 790 1028 iactum
818 975 900 1028 esset
928 975 962 1028 ut
990 982 1050 1028 una
1080 983 1149 1029 cum
1178 969 1371 1049 antiquorum
1404 967 1680 1051 orthographorum

243 1102 248 1113 ·
342 1070 437 1135 libris
457 1072 548 1154 rulgo
578 1083 788 1156 usurparetur.
827 1091 935 1157 quare,
965 1092 1003 1137 ne
1029 1072 1101 1156 quid
1125 1073 1351 1139 desideraretur
1374 1075 1454 1157 quod
1479 1075 1550 1138 olim
1575 1094 1678 1158 recep-

342 1190 407 1245 tum
431 1192 526 1265 esset,
555 1199 637 1246 nunc
665 1199 788 1264 qnoque
816 1181 920 1252 denuo,
941 1181 1092 1246 edendum
1117 1201 1183 1246 esse
1213 1182 1324 1247 librum
1352 1186 1468 1266 putari,
1499 1187 1679 1267 praesertim

343 1307 412 1353 cum
444 1289 538 1354 multa
569 1309 645 1373 quae
678 1289 775 1352 adhuc
807 1299 950 1373 corrupta
983 1293 1014 1354 ln
1044 1291 1091 1354 his
1123 1295 1274 1374 excerptis
1308 1291 1485 1356 terebantur
1518 1311 1554 1355 ex
1588 1311 1679 1355 manu

346 1400 468 1482 scriptis
493 1397 648 1462 codicibus
672 1397 854 1481 corrigenda
879 1409 989 1464 essent.
1028 1398 1105 1464 duos
1129 1409 1229 1464 autem
1254 1401 1375 1467 codices
1393 1393 1430 1464 ad
1455 1419 1520 1464 eam
1540 1419 1605 1464 rem
1630 1399 1679 1462 ad·

342 1506 437 1584 hibat,
457 1507 690 1592 sangallensem,
712 1527 803 1590 quem
824 1527 893 1571 cum
911 1507 1048 1572 Putschli
1067 1509 1199 1572 editione
1219 1511 1284 1592 lpse
1303 1508 1506 1591 contuleram,
1521 1519 1551 1572 et
1566 1509 1680 1571 iionte·

342 1597 553 1700 pessulanum,
583 1618 671 1680 culus
695 1619 879 1698 scripturam
908 1636 925 1680 a
949 1615 1110 1680 Duebnero
1135 1617 1304 1680 adnotatam
1333 1616 1489 1681 habebam.
1528 1616 1681 1699 equibus

345 1723 547 1807 sangallensis
567 1743 636 1787 cum
657 1724 795 1788 Putschli
814 1725 947 1788 editione
966 1725 1146 1808 plerumque
1166 1729 1331 1809 consentit,
1354 1725 1457 1790 multis
1476 1735 1576 1788 tamen
1597 1725 1681 1809 locis,

344 1831 512 1914 inquibus
536 1832 700 1896 Bernonsis
724 1833 820 1898 codex
843 1833 889 1898 rei
919 1844 1083 1918 corruptus
1107 1835 1153 1898 rel
1183 1835 1392 1918 neglegentius
1421 1833 1605 1898 aPutschio
1631 1853 1675 1896 ex·

344 1959 469 2024 pressus
498 1951 578 2023 erat,
612 1942 800 2006 emendatam
838 1943 999 2006 lectionem
1027 1940 1176 2027 praebuit.
1219 1945 1250 2006 in
1278 1941 1543 2024 Montepessulano
1577 1939 1683 2002 codice

344 2067 405 2112 non
430 2049 526 2114 solum
552 2059 693 2134 excerpta
717 2051 775 2114 aiio
799 2052 906 2115 ordine
930 2051 1075 2134 disposita
1099 2051 1152 2114 sed
1177 2052 1267 2114 etiam
1291 2049 1382 2113 rerba
1407 2051 1566 2132 scriptoris
1590 2068 1682 2133 saepe

344 2168 459 2222 temere
479 2169 592 2223 mutata
612 2169 691 2223 sunt
726 2179 795 2225 cum
815 2159 873 2223 hoc
893 2159 1102 2224 consentiebat
1121 2157 1374 2244 Salisburgensis,
1398 2177 1488 2240 quem
1507 2157 1681 2221 Frohenius

345 2269 503 2352 expressit
541 2287 597 2350 ego
622 2267 846 2352 Sangallensem
871 2268 1007 2332 codicem
1030 2270 1158 2332 maxime
1181 2278 1306 2331 secutus
1329 2285 1413 2350 sum,
1435 2269 1523 2330 cuius
1547 2269 1678 2347 scriptu·

344 2393 409 2439 ram
432 2378 473 2440 lta
498 2379 738 2461 repraesentari,
765 2387 813 2460 ut,
842 2376 893 2441 ubi
918 2377 955 2440 ab
980 2397 1013 2441 ea
1038 2375 1242 2440 recedendum
1267 2386 1361 2459 esset,
1389 2375 1623 2457 discrepantiam
1649 2377 1680 2436 ln

345 2483 537 2548 adnotatione
558 2483 742 2548 exhiberem.
781 2505 816 2548 ex
837 2483 1101 2567 biontepessulano
1126 2485 1243 2568 codiee,
1268 2503 1398 2566 quocum
1417 2481 1560 2546 Frobenii
1587 2480 1681 2544 editio

290 2660 300 2679 ι
346 2593 426 2654 sicut
445 2591 515 2676 dixi,
535 2595 697 2677 consentit,
716 2613 750 2656 ea
770 2613 847 2676 quae
867 2596 982 2657 rectius
1001 2596 1033 2657 ln
1052 2613 1089 2656 eo
1109 2612 1198 2676 quam
1218 2595 1248 2656 in
1265 2591 1451 2675 Sangallensi
1470 2591 1548 2660 libro
1567 2592 1681 2672 scripta

345 2709 417 2764 sunt
440 2701 486 2765 rel
510 2701 721 2785 memorabilia
739 2722 806 2766 esse
831 2702 1012 2767 ridebantur
1035 2702 1187 2766 adnotavi:
1218 2719 1287 2763 narn
1311 2719 1432 2763 omnem
1459 2699 1596 2764 lectionis
1621 2699 1681 2761 dis·

345 2787 529 2892 odepantiam
553 2819 584 2874 et
607 2821 755 2875 mutatum
781 2823 994 2897 excerptorum
1018 2810 1156 2874 ordinem
1182 2809 1314 2873 indicare
1338 2809 1446 2872 inutile
1471 2810 1536 2872 luit
1575 2808 1682 2871 eadem

345 2920 462 2982 ratione
490 2921 521 2982 ln
550 2919 686 2983 Putschli
720 2921 852 2984 editione
881 2939 955 2984 usus
984 2939 1068 3004 stam,
1097 2937 1133 2982 er
1161 2937 1220 3001 qua
1249 2937 1283 2980 ea
1314 2935 1390 3000 quae
1420 2917 1466 2980 vel
1501 2917 1682 2980 auctoritate

346 3025 459 3088 codicis
478 3027 522 3089 rel
548 3028 758 3102 emendatione
778 3029 904 3092 editoris
923 3031 1038 3091 rectius
1058 3031 1089 3090 ln
1109 3047 1143 3090 ea
1167 3046 1257 3109 quam
1282 3029 1312 3088 in
1338 3043 1427 3089 mann
1448 3028 1570 3108 scriptis
1593 3023 1683 3087 libris

345 3133 488 3217 leguntur
511 3135 558 3199 rel
582 3146 708 3220 propter
732 3136 818 3200 aliam
841 3155 964 3213 causam
990 3136 1066 3198 hano
1091 3155 1194 3198 curam
1218 3133 1416 3216 requirebant
1446 3133 1575 3196 indicata
1599 3143 1683 3197 sunt.
