3610 5482
497 352 504 358 .
601 311 651 370 DE
672 312 971 382 obstrudulentum
1406 320 1449 386 27

106 423 129 462 p.
143 413 207 454 esso.
221 413 249 454 ιι
265 412 291 452 r.

100 489 139 561 ¹in
163 500 301 560 convivit
324 516 381 561 nec
405 501 437 560 in
462 502 623 583 consumit,
647 511 679 563 et
702 501 800 565 sicubi
824 500 911 584 longa
928 471 1082 584 vsequatur
1101 513 1153 570 aut
1172 514 1280 572 natura
1300 517 1353 570 aut
1371 509 1452 590 posi-

108 609 203 691 tione,
226 609 289 669 nisi
311 606 412 670 media
435 625 606 672 consonans
630 609 742 692 liquida
765 605 894 696 luerit}

201 714 384 788 Quaesitum
407 725 469 801 est,
492 715 589 782 biems
614 718 718 784 utrum
740 738 797 802 per
819 739 856 803 ps
879 739 918 784 aa
941 741 998 804 ρει
1021 723 1067 786 ins
1091 721 1217 786 deberet
1240 722 1348 809 scribi,
1378 746 1447 790 curn
1470 711 1474 722 ’

13 799 14 886 i
107 822 223 904 alioqui
242 822 370 888 dubium
389 829 451 888 non
470 828 510 891 sit
529 831 603 909 quin
622 847 678 910 per
697 847 743 890 ms
763 827 923 905 scribenda
942 833 991 907 sit,
1015 819 1157 914 quoniam
1181 834 1320 914 genetivo
1339 833 1448 896 biensis

13 943 14 1014 f
80 931 181 993 slacit
201 939 235 995 et
253 935 396 1014 quoniam
416 953 472 1016 ρει
492 954 511 1016 ρ
530 946 561 998 ει
580 955 595 998 s
615 955 648 998 ea
665 935 851 1015 scribuntur,
871 957 948 1020 quae
963 939 1043 1021 apud
1059 938 1190 1003 Graecos
1205 945 1238 1004 in
1253 939 1283 1006 Ψ
1297 927 1449 1008 desinunt.

108 1039 188 1103 banc
213 1051 315 1106 autem
334 1061 397 1105 non
416 1045 447 1105 in
467 1041 497 1108 Ψ
516 1044 656 1108 desinere
674 1046 869 1110 manifestum
890 1057 937 1110 est
954 1067 991 1110 ex
1011 1067 1058 1132 eo,
1082 1047 1162 1132 quod
1184 1067 1261 1130 quae
1280 1050 1330 1114 ills
1348 1051 1450 1117 littera

108 1152 315 1212 terminantur
346 1160 398 1212 ant
428 1152 460 1213 in
488 1169 567 1231 πος,
597 1162 632 1215 ut
660 1149 780 1230 Πέλοψ
809 1155 980 1238 Πέλοπος,
1009 1166 1060 1219 aut
1088 1159 1120 1219 in
1148 1157 1210 1239 βος
1233 1158 1393 1245 desinunt,
1418 1172 1452 1226 ut

110 1253 204 1338 φλέψ
234 1249 388 1338 φλεβός(
411 1258 509 1324 biems
538 1271 638 1324 autern
668 1271 807 1324 neutram
830 1262 938 1326 harum
962 1261 1143 1344 syllabarum
1167 1268 1308 1346 genetivo
1332 1271 1449 1351 recipit.

107 1368 182 1428 item
207 1384 269 1428 non
293 1376 425 1448 constat,
455 1367 620 1432 obscurum
650 1379 755 1433 utrum
778 1388 834 1452 per
857 1369 896 1432 ob
920 1389 958 1432 an
981 1389 1038 1454 per
1061 1391 1101 1455 op
1125 1371 1234 1436 debeat
1257 1374 1364 1460 scribi,
1394 1395 1450 1441 nec

70 1487 96 1526 ιι
109 1475 214 1537 minum
233 1473 362 1538 observo
382 1475 497 1560 obsido,
517 1496 587 1540 cum
606 1481 637 1540 in
656 1477 716 1541 illis
735 1477 754 1539 b
774 1477 874 1540 littera
894 1477 1050 1542 evidenter
1068 1498 1178 1543 sonum
1199 1502 1287 1568 supm
1307 1484 1449 1548 vindicet.

110 1601 172 1645 non
204 1592 310 1647 carent
341 1586 519 1665 quaestione
551 1587 642 1648 ctiam
673 1583 759 1667 plebs
791 1597 822 1648 et
853 1585 927 1650 urbs
958 1596 989 1650 et
1019 1587 1142 1673 Pelops,
1174 1608 1252 1671 quae
1283 1591 1378 1656 Varro
1409 1597 1450 1658 ita

108 1690 284 1774 distinguit,
312 1702 348 1754 ut
369 1710 426 1776 per
450 1692 469 1755 b
493 1704 523 1756 et
547 1715 562 1758 s
586 1714 621 1757 ea
645 1697 829 1758 nominativo
853 1714 924 1758 casu
955 1705 1043 1778 putet
1073 1716 1140 1761 esse
1169 1698 1343 1784 scribenda,
1372 1721 1449 1785 quae

109 1799 238 1862 eandem
262 1798 393 1864 litteram
417 1804 557 1884 genetivo
580 1807 738 1880 sinpulori
762 1802 904 1885 reddant,
933 1811 967 1866 ut
997 1803 1085 1886 plebs
1113 1804 1223 1889 plebis,
1252 1806 1327 1871 urbs
1355 1809 1450 1894 urbis,

109 1927 143 1995 ea
163 1926 237 1970 vero
256 1926 351 1990 perp
375 1918 454 1994 ets,
478 1929 554 1993 quae
579 1911 719 1974 similiter
741 1915 881 1992 genetivo
905 1911 1042 1989 eiusdem
1067 1911 1177 1994 [modi]
1202 1918 1322 1980 numeri
1345 1921 1376 1980 in
1400 1923 1448 2002 pis

73 2027 96 2067 ¹⁵
110 2025 289 2099 excurrant,
321 2024 357 2079 ut
385 2017 494 2100 Pelops
522 2017 651 2100 Pelopis.
689 2018 743 2081 sed
772 2017 860 2080 nobis
893 2029 1056 2103 utrumque
1085 2041 1143 2104 per
1170 2042 1206 2105 ps
1238 2003 1449 2090 videturesse

109 2124 317 2210 scribendum,
340 2128 483 2208 quonlam
507 2145 544 2188 er
567 2125 615 2188 bis
640 2115 669 2190 Ψ
693 2125 794 2190 littera
818 2136 947 2210 constet,
971 2146 1062 2209 quem
1085 2133 1225 2212 genetivo
1245 2132 1377 2198 diximus
1396 2147 1449 2202 aut
1553 2135 1571 2154 ''

108 2236 141 2296 in
164 2232 213 2296 bis
237 2243 290 2296 aut
313 2236 344 2296 in
368 2237 416 2316 pis
439 2237 531 2299 exire.

142 2336 148 2342 ’
202 2339 278 2414 Quis
302 2341 425 2423 quidam
447 2363 503 2426 per
526 2346 592 2406 cuis
616 2343 764 2426 scribunt,
789 2347 931 2425 quoniam
951 2365 1169 2428 supervacuam
1189 2352 1257 2414 e'sse
1277 2369 1295 2432 q
1315 2349 1446 2416 litteram

108 2458 225 2531 putant
256 2449 309 2512 sed
331 2470 386 2514 nos
405 2470 476 2515 cum
494 2451 544 2515 illa
562 2471 582 2514 u
602 2451 743 2535 litteram,
767 2455 792 2516 si
819 2453 938 2534 quaudo
958 2453 1060 2517 tertia'
1072 2453 1109 2517 ab
1129 2474 1163 2518 ea
1183 2459 1293 2522 vocalis
1311 2463 1445 2545 ponitur,

196 2607 329 2665 thiens
343 2626 374 2680 p.
394 2615 518 2678 21,6.
565 2615 597 2665 11
618 2609 962 2681 plebsp.11,7.21,7
1048 2619 1080 2668 18
1100 2611 1164 2683 quis
1180 2632 1210 2684 p.
1231 2621 1275 2684 15,
1295 2621 1338 2672 19.
1354 2623 1445 2686 -18,1

203 2761 216 2810 1
238 2754 377 2828 convivii]
402 2753 531 2811 conbibit
548 2754 646 2810 ΒΡω.
676 2755 710 2809 cle
728 2770 782 2811 con
805 2756 1020 2826 praepositione·
1034 2758 1144 2814 diversa
1158 2762 1363 2830 praecepeiunt
1382 2762 1447 2819 Goe-

107 2837 204 2892 καίει
227 2837 308 2907 opud
332 2834 456 2894 Cassiod.
476 2853 508 2906 ρ.
532 2841 657 2893 23110t
683 2837 800 2892 Marius
824 2835 986 2892 Victorinus
1005 2855 1036 2908 ρ.
1056 2844 1102 2908 18,
1122 2844 1168 2896 18.
1206 2839 1332 2898 Secum
1355 2848 1447 2899 auton

109 2918 140 2972 ιἰι
157 2917 210 2973 laec
229 2933 336 2990 quoque
353 2918 435 2974 verbo
448 2918 605 2989 productae
623 2918 747 2990 syllabae
766 2918 918 2988 escnplwu
933 2919 1061 2987 posuisse
1078 2919 1188 2974 videtur
1279 2927 1296 2977 3
1315 2922 1447 2994 hiempns

108 3001 205 3054 nuum
225 3015 277 3070 per
294 2999 340 3071 pis
358 3003 439 3070 (coes.
454 3016 507 3071 per
523 3002 570 3072 ps)
592 2999 620 3054 Β
640 2999 738 3071 hyems
756 3003 852 3057 utrum
881 3016 983 3073 perpe
1002 3020 1024 3054 ω
1050 3001 1144 3054 omum
1167 2998 1259 3058 hiems
1283 3019 1386 3075 perpe
1408 3004 1447 3059 P:

851 3085 865 3116 0

108 3125 143 3193 cs.
165 3124 322 3194 Papirion.
343 3128 421 3196 opud
440 3125 565 3182 Cassiod.
581 3144 611 3198 ρ.
630 3131 712 3182 2292
786 3126 913 3198 deliqui
926 3125 954 3180 B
1029 3120 1168 3196 quin'per
1181 3145 1210 3181 m
1229 3128 1379 3186 scribenda
1394 3131 1446 3186 Po

109 3223 172 3261 cum
192 3223 245 3278 per
263 3223 307 3262 ms
326 3205 478 3291 scribentis
495 3207 523 3263 B
602 3214 689 3280 iper
703 3213 768 3277 post
788 3208 922 3277 quonism
942 3225 993 3263 om.
1012 3207 1050 3274 Β,
1069 3209 1134 3264 add.
1155 3207 1207 3263 Po
1286 3209 1448 3267 scribantur

107 3311 196 3386 ΒΡω
272 3332 349 3404 apud
368 3293 667 3404 greeoi¹'s¹'¹⁵'desinunt
681 3331 710 3387 P
725 3332 801 3404 apud
819 3349 919 3404 grecos
942 3337 967 3389 Τ
983 3332 1117 3389 desinunt
1131 3334 1158 3389 Β
1177 3334 1256 3404 spnd
1274 3335 1398 3394 Graecos
1419 3341 1450 3394 Ψ

108 3413 245 3470 desinunt
264 3435 286 3470 ω
361 3421 378 3471 6
395 3414 427 3470 in
445 3415 476 3468 Ψ
488 3414 615 3472 desinere
632 3416 685 3469 Po
706 3414 735 3470 in
753 3414 919 3471 Tdesinere
934 3414 962 3470 Β
1037 3422 1052 3471 t
1072 3415 1265 3487 terminentur
1281 3417 1335 3474 Po
1350 3419 1446 3475 termi-

109 3499 212 3551 nentur
226 3495 255 3550 B
320 3499 371 3551 sui
389 3497 417 3551 in
433 3515 499 3565 noo,
520 3498 552 3551 ui
566 3495 659 3554 niteo
675 3494 812 3563 πέλυκος,
832 3499 884 3551 aub
902 3495 931 3550 in
952 3497 1001 3567 βος
1016 3494 1162 3563 desinunt,
1182 3500 1215 3553 ut
1229 3497 1308 3567 φλὲψ
1324 3496 1445 3571 φλεβόςι

107 3577 208 3646 hyems
227 3577 326 3632 entem
345 3596 367 3632 o
387 3579 438 3632 sai
456 3575 486 3632 in
504 3576 557 3632 ΠΟ
576 3579 609 3632 ui
625 3575 955 3632 ΠΗΛΟΠΥΠΗΛΟΠΟ(
974 3579 1024 3632 sat
1042 3577 1072 3632 in
1091 3579 1145 3634 hoc
1165 3579 1278 3635 desinat
1296 3589 1329 3636 ut
1347 3582 1446 3636 ocur

108 3657 252 3715 ΦΛΗΒΟΕ
274 3656 386 3728 hiemps
411 3661 436 3726 (s
455 3660 522 3729 ros.)
545 3663 643 3714 antem
660 3658 689 3713 Β
712 3663 763 3712 aut
786 3657 817 3712 in
841 3676 878 3712 no
905 3657 979 3712 sicui
1002 3663 1097 3728 arctoo
1116 3664 1240 3725 πιλοπος
1264 3663 1314 3716 riui
1337 3661 1366 3718 in
1391 3662 1446 3719 boc

109 3794 223 3850 desinet
242 3793 275 3848 nb
293 3793 372 3860 episc
391 3793 497 3863 φλεβος
515 3751 616 3863 hyemps
635 3795 731 3848 comm
751 3792 779 3846 P
876 3799 892 3848 8
914 3795 1044 3850 neutrum
1064 3795 1091 3850 B
1182 3797 1318 3868 genetivo
1338 3815 1389 3854 om.
1408 3798 1445 3867 Β,

109 3875 173 3930 odd.
196 3873 252 3927 Po
337 3871 439 3943 recipit
456 3873 485 3927 Β
502 3873 625 3944 'recipiat
646 3872 701 3928 Po
792 3880 809 3931 9
829 3874 980 3931 obscurum
1000 3877 1095 3932 uirum
1114 3893 1166 3948 per
1185 3878 1222 3934 ob
1240 3895 1277 3934 an
1296 3895 1348 3949 ρει
1366 3895 1403 3950 ορ
1422 3900 1444 3934 ω

109 3957 263 4012 obscurum
281 3954 318 4010 ob
332 3970 368 4008 an
383 3970 434 4024 ρει
448 3971 485 4026 ορ
499 3955 527 4010 Β
547 3955 698 4011 obscurum
716 3957 812 4011 uirum
831 3973 883 4027 per
896 3956 933 4012 ob
952 3960 1004 4013 sui
1021 3976 1072 4028 per
1086 3977 1123 4030 op
1145 3961 1173 4015 P
1237 3966 1271 4014 10
1290 3960 1407 4023 obsideo
1422 3980 1444 4014 o

157 4034 290 4090 uindicet
302 4051 359 4089 non
374 4037 452 4091 cersi
468 4035 522 4091 Po
538 4035 665 4102 uindicet
679 4038 709 4091 cb
724 4053 781 4092 non
798 4041 881 4108 paret
894 4039 922 4094 Β
998 4047 1030 4096 11
1051 4042 1080 4096 ei
1094 4042 1198 4114 Pelops
1213 4062 1234 4096 ω
1255 4044 1284 4097 st
1302 4041 1401 4113 pelobs
1417 4040 1446 4095 P

109 4115 245 4187 epelobs
264 4115 292 4170 B
365 4131 449 4170 uarro
469 4135 503 4172 .ιι.
524 4116 715 4188 addistingnib
734 4117 771 4171 P:
790 4119 826 4185 cf.
848 4117 1000 4190 Papiriae.
1021 4123 1099 4192 apttd
1119 4122 1243 4180 Cassiod.
1258 4140 1287 4193 p.
1309 4127 1387 4179 2291

112 4203 143 4253 12
162 4195 316 4254 scribendo
334 4211 409 4266 quse
427 4194 455 4250 Β
473 4198 565 4253 scribe
581 4213 741 4268 rtommque
755 4215 829 4268 quse
846 4198 874 4253 P
891 4200 1043 4257 scribenda
1058 4219 1091 4260 es
1105 4221 1178 4275 qnae
1199 4223 1221 4258 o
1297 4209 1329 4258 13
1349 4202 1444 4275 singa-

109 4278 163 4334 lsri
180 4295 233 4335 ons.
253 4275 339 4332 BPo
434 4283 467 4332 11
485 4293 574 4348 perp
593 4281 624 4334 eb
641 4296 654 4332 s
675 4279 731 4334 Po
751 4296 852 4350 perpe
871 4280 899 4335 Β
990 4283 1068 4340 modi
1086 4300 1137 4339 om.
1158 4304 1179 4338 oo
1271 4282 1303 4338 in
1323 4283 1368 4354 pis
1389 4283 1443 4340 Po

109 4362 139 4414 in
157 4377 190 4430 ps
210 4359 238 4414 Β
333 4363 366 4415 15
386 4361 536 4414 excurrant
561 4359 766 4416 Wilmonnsius
784 4361 819 4416 de
844 4359 925 4416 Varo.
946 4363 1009 4419 tior.
1028 4382 1143 4435 premnt.
1159 4382 1190 4435 p.
1210 4369 1274 4431 117,
1293 4369 1445 4421 excurrant

110 4441 195 4497 ΒΡω
261 4437 377 4512 Pelops]
393 4439 492 4510 pelobs
506 4439 533 4494 Β
610 4441 750 4514 16Ψ]Ῥ
765 4440 792 4496 B
859 4459 945 4511 quem
960 4445 1088 4515 genitiuo
1103 4445 1178 4500 Pbo
1193 4463 1257 4500 cum
1272 4445 1401 4514 genisius
1415 4448 1443 4502 Β

190 4525 242 4579 eni
260 4522 291 4578 in
310 4520 356 4576 bis
374 4523 425 4576 aut
443 4520 473 4576 in
491 4521 536 4592 pis
555 4521 607 4576 Pu
627 4525 679 4577 aut
696 4522 728 4578 in
746 4521 792 4578 his
810 4524 861 4578 eut
880 4539 898 4578 e
916 4525 960 4597 pis
979 4525 1007 4580 Β
1119 4531 1152 4581 ts
1171 4543 1222 4597 ρει
1240 4523 1301 4581 ersis
1321 4525 1373 4581 Po
1394 4545 1444 4596 per

112 4602 189 4660 cuins
203 4603 232 4659 Β
308 4619 327 4672 q
346 4601 474 4658 litteram
488 4619 538 4658 ona.
554 4601 593 4669 B,
607 4603 762 4659 add'Pbo
840 4611 871 4660 12
891 4607 994 4676 putent
1007 4605 1035 4660 B
1054 4608 1156 4676 putent
1170 4604 1222 4660 Po
1296 4607 1345 4662 sed
1365 4607 1456 4663 nulla

112 4699 172 4739 oum
192 4691 274 4750 (corr.
296 4683 348 4740 sed
367 4691 387 4739 ιῑ
409 4689 443 4740 cir
462 4683 523 4740 ulls
540 4701 560 4739 u
579 4685 607 4756 b)
627 4682 726 4740 litters
745 4704 776 4741 n.
797 4685 822 4740 si
841 4685 954 4757 quondo
972 4685 1001 4739 Β
1021 4683 1072 4741 sed
1089 4702 1146 4740 non
1166 4703 1230 4742 cum
1250 4686 1311 4743 ullo
1329 4705 1347 4742 u
1366 4687 1444 4744 litte·

112 4781 170 4822 ram
188 4769 218 4827 ‚t
237 4785 251 4824 s
272 4765 292 4822 .i
323 4766 439 4836 quando
459 4765 488 4820 P
502 4766 552 4822 sed
572 4782 623 4822 nos
642 4781 707 4820 cum
726 4765 778 4821 ille
796 4784 816 4822 u
834 4765 947 4822 literam
967 4767 997 4820 si
1015 4781 1028 4818 s
1048 4765 1162 4835 quando
1183 4787 1205 4822 o
1302 4770 1389 4826 tertie
1407 4770 1444 4826 sb
1566 4835 1570 4844 1

113 4861 146 4902 ea
162 4848 272 4907 uocalis
292 4867 316 4904 ω
336 4845 424 4904 tertia
441 4849 479 4904 ab
498 4864 532 4904 ee
549 4845 645 4904 noccli
663 4848 691 4903 Β
711 4847 797 4906 teriia
816 4849 852 4908 eb
872 4865 905 4904 so
924 4846 1032 4904 uocalis
1051 4845 1080 4901 P
