3564 5482
502 334 682 393 nunaut
700 333 969 394 nuocvttottvu
996 364 999 371 ν
1335 335 1403 402 443

66 543 138 586 curn
165 531 271 588 nostro
295 521 409 586 contuli
433 532 465 584 et
489 525 668 588 variationes
696 525 804 589 ealrrde
833 533 992 605 excerptas
1020 532 1050 585 et
1079 525 1207 605 margini
1236 522 1403 606 adscriptas

66 637 171 696 notari
196 629 253 694 ΑΞ.
300 631 334 693 ln
357 633 417 694 isto
441 642 542 694 autem
565 633 745 716 apographo
769 633 833 696 loca
857 642 1013 713 autorum,
1037 631 1088 694 ubi
1112 635 1241 697 inveniri
1265 643 1403 715 possunt,

66 742 178 804 eodem
202 739 291 802 modo
321 758 356 804 ac
383 742 415 803 in
444 739 667 805 burmanniano
691 751 793 806 notata
817 750 912 804 erant.
958 739 1003 802 Ex
1026 742 1083 804 isto
1103 751 1203 804 atatem
1224 740 1402 823 hpographo

65 869 160 913 suurn
185 868 246 912 non
271 850 403 913 confecit
426 848 618 914 Burmannus
642 899 649 912 .
672 859 756 934 patet
783 851 812 914 id
842 869 878 915 ex
906 868 972 932 pag.
1000 847 1049 912 tt.
1074 845 1126 912 99.
1154 847 1226 918 tat.
1254 846 1327 934 169,
1350 848 1403 914 uhi

65 958 157 1041 plura
189 957 281 1021 habet
309 957 566 1022 Burmannianum
595 955 778 1042 exemplum'
803 1008 810 1022 .
835 959 892 1022 boc
920 957 1065 1021 Rondami
1094 957 1212 1041 codice,
1241 961 1293 1040 qrri
1322 977 1404 1022 nrrnc

66 1075 115 1129 est
146 1067 380 1150 Perizonianus,
417 1066 564 1130 blanlnus
597 1066 651 1128 des
684 1068 804 1130 Amoris
839 1086 893 1131 van
927 1067 982 1130 der
1014 1064 1139 1129 Horaren
1173 1069 1204 1129 in
1238 1069 1402 1150 specimine

65 1176 220 1240 litterario
242 1176 281 1240 de
307 1175 459 1241 nonnullis
479 1175 552 1239 locis
572 1185 708 1240 ueterum
728 1179 911 1259 scriptorum
931 1194 1002 1240 cum
1020 1175 1186 1258 appendice
1206 1175 1244 1239 de
1264 1178 1404 1240 drusiani

67 1286 174 1349 llessii
198 1285 345 1370 exemplis
370 1286 576 1349 elocutionum
598 1285 813 1348 amstelodami
837 1304 861 1348 a.
888 1281 976 1348 1845
999 1303 1073 1349 usus
1098 1294 1198 1349 estet
1223 1305 1283 1348 non
1307 1285 1404 1348 nullas

67 1394 186 1458 codicis
211 1395 358 1459 lectiones
380 1395 508 1478 protulit
531 1443 538 1456 .
563 1394 766 1476 sedpraeter
795 1393 982 1456 Bondamum
1007 1392 1212 1456 Santonius
1240 1412 1362 1475 quoque
1387 1412 1405 1456 a

67 1504 246 1568 Burmauno
270 1505 475 1588 apographum
500 1503 569 1566 libri
593 1514 763 1586 acceperat,
792 1503 871 1584 quod
896 1513 1000 1585 postea
1024 1521 1093 1596 cum
1119 1501 1244 1584 reliquis
1269 1500 1405 1566 Santonii

67 1612 158 1676 libris
197 1616 227 1676 in
261 1613 487 1677 Berolinensem
525 1611 738 1676 bibliothecam
777 1610 955 1675 translatum
989 1621 1036 1674 est
1074 1611 1177 1692 ibique
1210 1629 1292 1674 nunc
1325 1613 1405 1674 inter

69 1722 230 1786 blotianos
245 1722 366 1786 codices
380 1722 510 1785 babetur
529 1719 619 1786 97.4.
661 1725 691 1785 in
717 1741 752 1786 eo
777 1740 911 1806 quoque,
935 1724 1015 1784 sicut
1033 1725 1063 1784 iu
1084 1720 1293 1804 Perizoniano,
1318 1730 1404 1784 notae

68 1831 240 1895 Burmanni
254 1831 371 1894 additae
387 1841 473 1914 sunt,
493 1831 603 1913 quibus
623 1830 679 1893 alia
698 1849 787 1894 manu
807 1833 993 1914 praescripta
1013 1840 1085 1894 suut
1103 1830 1191 1913 haec,
1211 1825 1405 1894 ‘Arrrsianum

69 1959 107 2002 ex
137 1939 244 2003 codice
273 1939 402 2022 Philippi
431 1938 582 2002 D'Orrillii
606 1939 810 2023 descripserat
833 1939 1025 2002 Burmannus
1050 1939 1224 2022 Secundus,
1255 1941 1307 2020 qui
1335 1958 1405 2022 apo·

68 2048 187 2132 grapho
202 2050 361 2130 sequeutia
381 2048 444 2110 lere
465 2044 674 2111 adnotaverat'
694 2097 701 2112 .
721 2068 757 2111 ex
779 2049 914 2112 Santonii
933 2051 1029 2131 copiis
1048 2047 1119 2112 olim
1138 2047 1402 2130 martyri-laguna

70 2175 179 2221 noram
204 2157 346 2219 Arusiaul
369 2156 532 2220 editionem
556 2160 707 2239 paravisse
733 2159 858 2242 dicitur,
881 2159 918 2221 ds
943 2177 1003 2241 qrro
1022 2157 1148 2220 Beierus
1167 2160 1198 2220 in
1219 2157 1280 2221 Cic.
1301 2160 1405 2240 lragm.

69 2276 147 2329 orat
180 2285 210 2348 p.
239 2264 344 2328 Scaur.
375 2285 406 2347 p.
431 2261 495 2329 196
529 2275 632 2329 narrat
663 2266 751 2350 haec,
784 2261 920 2330 ‘Dudum
954 2276 1022 2329 ante
1055 2265 1166 2329 llaium
1199 2268 1404 2349 apographum

70 2373 301 2440 d'Orvlllianum
335 2373 460 2436 editioni
493 2385 651 2456 paraverat
683 2376 807 2439 adiectis
841 2375 995 2438 Latrrentii
1029 2394 1085 2438 ran
1115 2375 1228 2439 Santen
1258 2377 1338 2440 obss.
1363 2376 1403 2439 lo.

70 2485 171 2568 bloys.
196 2480 477 2566 marigni-laguna,
506 2485 608 2547 miritis
636 2484 782 2567 exemplis
811 2478 861 2568 (nt
884 2487 948 2568 ipse
974 2483 1047 2547 mihi
1071 2485 1180 2548 litteris
1211 2479 1404 2571 significarit)

70 2594 265 2677 locupletius
313 2592 373 2655 Sed
396 2600 467 2673 post
489 2591 605 2656 obitum
630 2596 685 2656 riri
714 2596 744 2656 in
773 2593 888 2656 relictis
916 2593 1029 2656 chartis
1058 2593 1132 2656 nibil
1160 2595 1316 2657 inventum
1345 2606 1405 2679 est,

70 2713 231 2786 superstes
255 2711 355 2764 tanren
379 2719 457 2783 opus
480 2699 552 2764 illud
577 2701 716 2764 incendio
741 2696 860 2764 iuerat?

165 2809 210 2872 Ex
234 2809 340 2872 eodem
365 2807 481 2872 lleinsii
503 2809 676 2892 apographo
696 2809 794 2871 ¹codex
819 2809 1020 2892 Gudianus,
1044 2830 1079 2873 ex
1100 2829 1161 2893 quo
1181 2810 1405 2876 Lindemannus

70 2921 215 2985 drusiani
238 2917 350 2982 librum
374 2916 481 2998 edidit,
505 2917 623 2980 videtur
647 2917 757 2980 ductus
782 2935 848 2980 esse
868 2964 875 2979 .
895 2921 921 2979 is
946 2929 992 2982 est
1016 2921 1046 2981 in
1070 2919 1252 2983 bibliotheca
1272 2920 1404 2985 Wolieu·

70 3029 229 3094 buttelana
261 3031 342 3090 inter
375 3025 495 3088 codices
521 3025 674 3098 Gudianus
701 3024 782 3109 281,
814 3029 910 3108 ipsius
943 3027 1032 3090 Gudli
1065 3047 1154 3093 mann
1188 3032 1334 3113 scriptus,
1371 3042 1406 3094 ut

70 3139 251 3202 adnotatum
271 3143 319 3198 est
336 3137 367 3198 in
392 3133 511 3217 codice,
534 3129 639 3215 ‘llarq.
654 3133 770 3198 Gudius
785 3154 801 3197 e
818 3145 895 3197 msto
911 3136 974 3200 eod.
991 3135 1139 3220 descripsi
1153 3157 1178 3201 a.
1194 3135 1405 3202 ClOlDCLlll'.

71 3248 221 3311 lectiones
253 3253 355 3307 autem
388 3261 404 3304 a
437 3241 644 3306 Lindemanno
676 3261 712 3305 ex
745 3262 781 3305 eo
812 3244 946 3324 prolatae
979 3265 1049 3308 curn
1077 3246 1273 3310 Perizoniano
1301 3248 1405 3311 codice

71 3357 251 3439 saepissime
283 3349 491 3433 consentinam
529 3350 674 3433 quaedam
703 3371 774 3415 rero
807 3355 911 3430 etiam,
944 3373 1030 3435 qliae.
1049 3357 1080 3417 in
1119 3356 1176 3419 hoc
1214 3360 1406 3420 coniecturae

70 3465 139 3527 loco
174 3462 344 3544 adscriptae
377 3470 463 3542 sunt,
499 3462 530 3522 in
563 3460 699 3524 Gudiano
733 3464 764 3523 in
796 3463 1026 3526 continuitatem
1064 3464 1226 3528 verborum
1255 3477 1405 3548 receptae
1511 3491 1516 3500 ·

72 3574 219 3657 leguntur
242 3620 249 3634 .
274 3571 445 3634 accuratius
474 3579 573 3632 tamen
603 3569 639 3632 de
669 3570 725 3632 hoc
754 3571 858 3633 codice
887 3589 948 3633 non
972 3577 1119 3658 quaesivi,
1148 3593 1247 3656 neque
1276 3574 1405 3638 multum

72 3687 224 3747 interesse
249 3689 336 3764 puto,
360 3697 397 3742 ex
422 3697 481 3758 quo
506 3679 587 3741 ionte
613 3682 818 3762 coniecturae,
842 3680 952 3762 quibus
977 3683 1007 3744 in
1032 3681 1102 3765 hoc,
1127 3686 1207 3747 sicut
1226 3687 1256 3746 in
1277 3686 1404 3767 reliquis

72 3789 270 3875 apographis,
293 3789 444 3870 scriptura
468 3787 623 3870 archetypi
647 3807 737 3872 saepe
761 3799 873 3852 mutata
899 3801 960 3874 est,
984 3791 1092 3854 ‹luctae
1116 3794 1186 3857 sint.

165 3898 274 3962 Postea
290 3895 484 3979 Neapolitano
499 3896 602 3959 codice
619 3916 692 3960 usus
708 3909 754 3961 est
774 3897 1008 3982 Garatouius,
1029 3903 1080 3980 qui
1100 3901 1234 3984 exempla
1250 3901 1405 3967 Ciceronis

73 4029 109 4073 ex
124 4027 162 4072 eo
177 4007 329 4089 descripta
343 4005 472 4068 habebat
487 4025 582 4088 eaque
593 4008 623 4069 ln
634 4006 764 4069 editione
775 4010 945 4071 orationum
957 4008 1112 4072 Ciceronis
1123 4029 1212 4093 saepe
1223 4030 1403 4076 commemo·

73 4123 173 4183 ravit.
190 4119 257 4179 eius
276 4115 367 4178 verba
385 4124 459 4178 aunt
482 4115 555 4178 lraec
575 4114 635 4178 Cic.
656 4125 729 4178 orat.
750 4135 775 4177 v.
790 4113 842 4178 Vll
861 4115 985 4198 Neapoli
1000 4136 1025 4180 a.
1043 4116 1129 4182 1786
1144 4121 1237 4202 praei.
1254 4140 1282 4203 p.
1298 4120 1344 4203 Vl,
1364 4117 1406 4185 ‘ls

73 4215 608 4310 denique(FranciscusGualterius)
619 4222 665 4285 his
680 4225 784 4305 paucis
794 4223 902 4286 diebus
912 4243 947 4286 ex
960 4223 1153 4307 Neapolitano
1164 4230 1304 4293 aruerant
1315 4231 1405 4294 llessi

73 4340 189 4421 codice,
210 4353 301 4418 qtrem
321 4333 411 4397 aedes
430 4332 566 4415 possidet
585 4331 807 4416 Apostolorum,
831 4346 936 4416 rogatu
957 4354 1024 4397 meo
1044 4335 1249 4402 elocutionum
1270 4340 1404 4423 exempla

73 4448 212 4511 Tulliana
251 4444 420 4526 descripsit.
482 4441 583 4514 Quum
625 4442 706 4504 enirn
747 4447 959 4523 grammaticos
1001 4464 1018 4506 a
1055 4445 1199 4510 l’utschio
1242 4449 1405 4534 conlectos,

73 4553 328 4633 Quinctilianum,
356 4550 490 4632 aliosque
520 4550 672 4631 rhetores,
701 4548 844 4636 Gellium,
873 4553 1018 4635 Nonium,
1049 4553 1213 4640 lsidornna,
1246 4556 1406 4642 Donatum,

76 4665 231 4746 Serrium,
254 4660 385 4742 lloratii,
409 4659 536 4735 Lucani,
560 4658 648 4721 Statii
667 4657 857 4744 scholiastae,
882 4671 912 4724 et
931 4662 1077 4744 qtridquid
1097 4667 1290 4746 antiquorum
1310 4671 1406 4749 potui,

75 4773 239 4855 diligenter
261 4767 464 4849 adhibuerim,
488 4767 524 4828 ad
550 4785 602 4828 eos
626 4765 721 4849 locos,
750 4788 827 4849 garos
856 4770 892 4862 ab
921 4774 957 4833 iis
982 4771 1146 4853 productos
1169 4793 1185 4835 a
1210 4793 1258 4836 me
1283 4780 1406 4838 tractari

76 4880 251 4966 oportebat,
285 4897 383 4960 neqrtc
417 4896 478 4961 me,
511 4889 580 4959 post
603 4875 729 4939 aliorum
755 4897 877 4960 operam
907 4883 936 4941 in
967 4899 1000 4942 ea
1031 4900 1078 4964 re,
1113 4903 1208 4946 ineam
1237 4885 1406 4967 perdidisse

1117 4971 1188 5042 'aar
