<?xml version="1.0" encoding="UTF-8"?>
<!DOCTYPE html PUBLIC "-//W3C//DTD XHTML 1.0 Transitional//EN"
    "http://www.w3.org/TR/xhtml1/DTD/xhtml1-transitional.dtd">
<html xmlns="http://www.w3.org/1999/xhtml" xml:lang="en" lang="en">
 <head>
  <title>
</title>
<meta http-equiv="Content-Type" content="text/html;charset=utf-8" />
  <meta name='ocr-system' content='tesseract 3.04.00' />
  <meta name='ocr-capabilities' content='ocr_page ocr_carea ocr_par ocr_line ocrx_word'/>
</head>
<body>
  <div class='ocr_page' id='page_1' title='image "./grammaticilatin00unkngoog/grammaticilatin00unkngoog_0126.png"; bbox 0 0 3616 5482; ppageno 0'>
   <div class='ocr_carea' id='block_1_1' title="bbox 99 326 1441 482">
    <p class='ocr_par' dir='ltr' id='par_1_1' title="bbox 99 326 1441 482">
     <span class='ocr_line' id='line_1_1' title="bbox 605 326 1441 393; baseline 0.011 -9"><span class='ocrx_word' id='word_1_1' title='bbox 605 327 655 386; x_wconf 76' lang='lat' dir='ltr'><strong>DE</strong></span> <span class='ocrx_word' id='word_1_2' title='bbox 673 326 809 386; x_wconf 80' lang='lat' dir='ltr'>VERBIS</span> <span class='ocrx_word' id='word_1_3' title='bbox 828 327 953 386; x_wconf 72' lang='lat' dir='ltr'><strong>nunus</strong></span> <span class='ocrx_word' id='word_1_4' title='bbox 1377 330 1441 393; x_wconf 90' lang='lat' dir='ltr'><strong>lll</strong></span> 
     </span>
     <span class='ocr_line' id='line_1_2' title="bbox 99 430 286 482; baseline -0.011 -8"><span class='ocrx_word' id='word_1_5' title='bbox 99 443 123 482; x_wconf 71' lang='lat' dir='ltr'><strong>p·</strong></span> <span class='ocrx_word' id='word_1_6' title='bbox 139 431 203 474; x_wconf 71' lang='lat' dir='ltr'><strong>nae.</strong></span> <span class='ocrx_word' id='word_1_7' title='bbox 218 431 246 474; x_wconf 78' lang='grc'><strong>10</strong></span> <span class='ocrx_word' id='word_1_8' title='bbox 260 430 286 472; x_wconf 79' lang='lat' dir='ltr'><strong>P.</strong></span> 
     </span>
    </p>
   </div>
   <div class='ocr_carea' id='block_1_2' title="bbox 62 513 1488 2009">
    <p class='ocr_par' dir='ltr' id='par_1_2' title="bbox 62 513 1488 2009">
     <span class='ocr_line' id='line_1_3' title="bbox 100 513 1443 599; baseline -0.001 -19"><span class='ocrx_word' id='word_1_9' title='bbox 100 527 198 580; x_wconf 89' lang='lat' dir='ltr'><strong>recte.</strong></span> <span class='ocrx_word' id='word_1_10' title='bbox 235 516 361 599; x_wconf 90' lang='lat' dir='ltr'><strong>pelagus</strong></span> <span class='ocrx_word' id='word_1_11' title='bbox 386 513 522 577; x_wconf 80' lang='lat' dir='ltr'>neutrale</span> <span class='ocrx_word' id='word_1_12' title='bbox 546 523 675 578; x_wconf 88' lang='lat' dir='ltr'><strong>estnec</strong></span> <span class='ocrx_word' id='word_1_13' title='bbox 699 513 789 578; x_wconf 92' lang='lat' dir='ltr'><strong>habet</strong></span> <span class='ocrx_word' id='word_1_14' title='bbox 813 513 969 598; x_wconf 80' lang='lat' dir='ltr'><strong>pluralem.</strong></span> <span class='ocrx_word' id='word_1_15' title='bbox 1008 513 1176 599; x_wconf 81' lang='lat' dir='ltr'>pessulum,</span> <span class='ocrx_word' id='word_1_16' title='bbox 1198 534 1258 578; x_wconf 90' lang='lat' dir='ltr'><strong>nun</strong></span> <span class='ocrx_word' id='word_1_17' title='bbox 1281 515 1443 598; x_wconf 79' lang='lat' dir='ltr'><strong>pertulum.</strong></span> 
     </span>
     <span class='ocr_line' id='line_1_4' title="bbox 100 622 1488 708; baseline 0.001 -21"><span class='ocrx_word' id='word_1_18' title='bbox 100 624 311 708; x_wconf 88' lang='lat' dir='ltr'><strong>privilegium,</strong></span> <span class='ocrx_word' id='word_1_19' title='bbox 335 622 416 705; x_wconf 87' lang='lat' dir='ltr'><strong>quod</strong></span> <span class='ocrx_word' id='word_1_20' title='bbox 435 625 536 706; x_wconf 86' lang='lat' dir='ltr'><strong>privet</strong></span> <span class='ocrx_word' id='word_1_21' title='bbox 560 624 634 708; x_wconf 92' lang='lat' dir='ltr'><strong>lege,</strong></span> <span class='ocrx_word' id='word_1_22' title='bbox 659 644 720 688; x_wconf 92' lang='lat' dir='ltr'><strong>non</strong></span> <span class='ocrx_word' id='word_1_23' title='bbox 739 624 953 706; x_wconf 92' lang='lat' dir='ltr'><strong>primilegium.</strong></span> <span class='ocrx_word' id='word_1_24' title='bbox 991 643 1120 706; x_wconf 88' lang='lat' dir='ltr'><strong>prunam</strong></span> <span class='ocrx_word' id='word_1_25' title='bbox 1145 625 1288 688; x_wconf 80' lang='lat' dir='ltr'><strong>feminine</strong></span> <span class='ocrx_word' id='word_1_26' title='bbox 1314 625 1444 690; x_wconf 86' lang='lat' dir='ltr'><strong>dicimus</strong></span> <span class='ocrx_word' id='word_1_27' title='bbox 1487 695 1488 698; x_wconf 8' lang='grc' dir='ltr'><strong>Ἴ</strong></span> 
     </span>
     <span class='ocr_line' id='line_1_5' title="bbox 102 731 1443 818; baseline 0.001 -22"><span class='ocrx_word' id='word_1_28' title='bbox 102 732 287 817; x_wconf 74' lang='lat' dir='ltr'><strong>carbonem,</strong></span> <span class='ocrx_word' id='word_1_29' title='bbox 317 752 417 816; x_wconf 89' lang='lat' dir='ltr'><strong>pruna</strong></span> <span class='ocrx_word' id='word_1_30' title='bbox 449 734 630 797; x_wconf 77' lang='lat' dir='ltr'><strong>neutraliter</strong></span> <span class='ocrx_word' id='word_1_31' title='bbox 663 752 761 816; x_wconf 86' lang='lat' dir='ltr'><strong>poma.</strong></span> <span class='ocrx_word' id='word_1_32' title='bbox 806 750 917 814; x_wconf 82' lang='lat' dir='ltr'><strong>pumex</strong></span> <span class='ocrx_word' id='word_1_33' title='bbox 951 731 1000 794; x_wconf 85' lang='grc'><strong>110</strong></span> <span class='ocrx_word' id='word_1_34' title='bbox 1034 739 1126 796; x_wconf 84' lang='lat' dir='ltr'><strong>recte&#39;.</strong></span> <span class='ocrx_word' id='word_1_35' title='bbox 1173 741 1350 818; x_wconf 88' lang='lat' dir='ltr'><strong>puteauam,</strong></span> <span class='ocrx_word' id='word_1_36' title='bbox 1382 752 1443 797; x_wconf 89' lang='lat' dir='ltr'><strong>non</strong></span> 
     </span>
     <span class='ocr_line' id='line_1_6' title="bbox 101 841 711 931; baseline -0.002 -26"><span class='ocrx_word' id='word_1_37' title='bbox 101 841 268 925; x_wconf 87' lang='lat' dir='ltr'><strong>putealem.</strong></span> <span class='ocrx_word' id='word_1_38' title='bbox 303 843 404 924; x_wconf 91' lang='lat' dir='ltr'><strong>pulvis</strong></span> <span class='ocrx_word' id='word_1_39' title='bbox 427 843 486 925; x_wconf 92' lang='lat' dir='ltr'><strong>hic,</strong></span> <span class='ocrx_word' id='word_1_40' title='bbox 509 861 571 905; x_wconf 92' lang='lat' dir='ltr'><strong>non</strong></span> <span class='ocrx_word' id='word_1_41' title='bbox 595 841 711 931; x_wconf 82' lang='lat' dir='ltr'><strong>pulver.</strong></span> 
     </span>
     <span class='ocr_line' id='line_1_7' title="bbox 62 948 1443 1034; baseline 0.002 -25"><span class='ocrx_word' id='word_1_42' title='bbox 62 970 75 1009; x_wconf 87' lang='lat' dir='ltr'><strong>s</strong></span> <span class='ocrx_word' id='word_1_43' title='bbox 198 948 349 1024; x_wconf 83' lang='lat' dir='ltr'><strong>Quadrata</strong></span> <span class='ocrx_word' id='word_1_44' title='bbox 374 950 527 1034; x_wconf 85' lang='lat' dir='ltr'><strong>amphora.</strong></span> <span class='ocrx_word' id='word_1_45' title='bbox 567 951 710 1033; x_wconf 84' lang='lat' dir='ltr'><strong>quatinus</strong></span> <span class='ocrx_word' id='word_1_46' title='bbox 736 949 741 1029; x_wconf 81' lang='grc' dir='ltr'>Ι</span> <span class='ocrx_word' id='word_1_47' title='bbox 767 952 942 1014; x_wconf 83' lang='grc'><strong><em>0011110110</em></strong></span> <span class='ocrx_word' id='word_1_48' title='bbox 972 949 1101 1014; x_wconf 85' lang='lat' dir='ltr'><strong>causalis</strong></span> <span class='ocrx_word' id='word_1_49' title='bbox 1130 957 1185 1033; x_wconf 88' lang='lat' dir='ltr'><strong>est,</strong></span> <span class='ocrx_word' id='word_1_50' title='bbox 1213 957 1362 1031; x_wconf 88' lang='lat' dir='ltr'><strong>quatenus</strong></span> <span class='ocrx_word' id='word_1_51' title='bbox 1389 952 1443 1012; x_wconf 82' lang='lat' dir='ltr'><strong>od-</strong></span> 
     </span>
     <span class='ocr_line' id='line_1_8' title="bbox 102 1056 1316 1144; baseline 0 -25"><span class='ocrx_word' id='word_1_52' title='bbox 102 1059 246 1120; x_wconf 82' lang='lat' dir='ltr'><strong>verbr&#39;um</strong></span> <span class='ocrx_word' id='word_1_53' title='bbox 268 1056 328 1122; x_wconf 92' lang='lat' dir='ltr'><strong>loci</strong></span> <span class='ocrx_word' id='word_1_54' title='bbox 352 1067 404 1122; x_wconf 91' lang='lat' dir='ltr'><strong>aut</strong></span> <span class='ocrx_word' id='word_1_55' title='bbox 428 1060 585 1142; x_wconf 88' lang='lat' dir='ltr'><strong>temporis.</strong></span> <span class='ocrx_word' id='word_1_56' title='bbox 625 1057 746 1140; x_wconf 73' lang='lat' dir='ltr'><strong>quarmo</strong></span> <span class='ocrx_word' id='word_1_57' title='bbox 772 1059 954 1144; x_wconf 86' lang='lat' dir='ltr'><strong>temporale,</strong></span> <span class='ocrx_word' id='word_1_58' title='bbox 978 1067 1090 1142; x_wconf 90' lang='lat' dir='ltr'><strong>quanto</strong></span> <span class='ocrx_word' id='word_1_59' title='bbox 1114 1060 1316 1122; x_wconf 89' lang='lat' dir='ltr'><strong>causativum..</strong></span> 
     </span>
     <span class='ocr_line' id='line_1_9' title="bbox 198 1165 1444 1250; baseline -0.002 -20"><span class='ocrx_word' id='word_1_60' title='bbox 198 1166 316 1250; x_wconf 80' lang='lat' dir='ltr'><strong>ltapnm</strong></span> <span class='ocrx_word' id='word_1_61' title='bbox 344 1165 417 1250; x_wconf 89' lang='lat' dir='ltr'><strong>boc,</strong></span> <span class='ocrx_word' id='word_1_62' title='bbox 446 1185 507 1230; x_wconf 90' lang='lat' dir='ltr'><strong>nun</strong></span> <span class='ocrx_word' id='word_1_63' title='bbox 538 1185 619 1250; x_wconf 88' lang='lat' dir='ltr'><strong>rapa.</strong></span> <span class='ocrx_word' id='word_1_64' title='bbox 661 1165 771 1230; x_wconf 90' lang='lat' dir='ltr'><strong>horum</strong></span> <span class='ocrx_word' id='word_1_65' title='bbox 801 1169 927 1250; x_wconf 88' lang='lat' dir='ltr'><strong>retium,</strong></span> <span class='ocrx_word' id='word_1_66' title='bbox 957 1185 1017 1230; x_wconf 90' lang='lat' dir='ltr'><strong>nun</strong></span> <span class='ocrx_word' id='word_1_67' title='bbox 1045 1175 1160 1250; x_wconf 87' lang='lat' dir='ltr'><strong>return,</strong></span> <span class='ocrx_word' id='word_1_68' title='bbox 1187 1169 1257 1248; x_wconf 92' lang='lat' dir='ltr'><strong>quia</strong></span> <span class='ocrx_word' id='word_1_69' title='bbox 1288 1169 1444 1248; x_wconf 79' lang='lat' dir='ltr'><strong>genetivus</strong></span> 
     </span>
     <span class='ocr_line' id='line_1_10' title="bbox 103 1275 1071 1358; baseline 0.003 -22"><span class='ocrx_word' id='word_1_70' title='bbox 103 1293 273 1356; x_wconf 82' lang='lat' dir='ltr'><strong>numquam</strong></span> <span class='ocrx_word' id='word_1_71' title='bbox 296 1277 456 1357; x_wconf 88' lang='lat' dir='ltr'><strong>panciores</strong></span> <span class='ocrx_word' id='word_1_72' title='bbox 479 1275 607 1358; x_wconf 78' lang='lat' dir='ltr'><strong>syllabas</strong></span> <span class='ocrx_word' id='word_1_73' title='bbox 630 1275 722 1338; x_wconf 90' lang='lat' dir='ltr'><strong>habet</strong></span> <span class='ocrx_word' id='word_1_74' title='bbox 745 1293 834 1357; x_wconf 88' lang='lat' dir='ltr'><strong>quam</strong></span> <span class='ocrx_word' id='word_1_75' title='bbox 859 1277 1071 1339; x_wconf 79' lang='lat' dir='ltr'><strong>nominativus.</strong></span> 
     </span>
     <span class='ocr_line' id='line_1_11' title="bbox 199 1383 1445 1468; baseline 0.002 -22"><span class='ocrx_word' id='word_1_76' title='bbox 199 1383 333 1468; x_wconf 90' lang='lat' dir='ltr'><strong>Sartum,</strong></span> <span class='ocrx_word' id='word_1_77' title='bbox 356 1402 420 1447; x_wconf 90' lang='lat' dir='ltr'><strong>uon</strong></span> <span class='ocrx_word' id='word_1_78' title='bbox 445 1401 572 1446; x_wconf 88' lang='lat' dir='ltr'><strong>sarsum.</strong></span> <span class='ocrx_word' id='word_1_79' title='bbox 612 1387 736 1466; x_wconf 84' lang='lat' dir='ltr'><strong>sanguis</strong></span> <span class='ocrx_word' id='word_1_80' title='bbox 759 1384 818 1468; x_wconf 91' lang='lat' dir='ltr'><strong>bio,</strong></span> <span class='ocrx_word' id='word_1_81' title='bbox 842 1405 904 1448; x_wconf 95' lang='lat' dir='ltr'><strong>nou</strong></span> <span class='ocrx_word' id='word_1_82' title='bbox 929 1403 1073 1467; x_wconf 88' lang='lat' dir='ltr'><strong>sanguen.</strong></span> <span class='ocrx_word' id='word_1_83' title='bbox 1112 1387 1328 1448; x_wconf 83' lang='lat' dir='ltr'><strong>sarcinatorem</strong></span> <span class='ocrx_word' id='word_1_84' title='bbox 1353 1393 1445 1448; x_wconf 87' lang='lat' dir='ltr'><strong>vecte.</strong></span> 
     </span>
     <span class='ocr_line' id='line_1_12' title="bbox 63 1492 1445 1578; baseline 0.002 -24"><span class='ocrx_word' id='word_1_85' title='bbox 63 1513 90 1554; x_wconf 81' lang='lat' dir='ltr'><strong>ro</strong></span> <span class='ocrx_word' id='word_1_86' title='bbox 104 1512 215 1576; x_wconf 84' lang='lat' dir='ltr'><strong>saepes</strong></span> <span class='ocrx_word' id='word_1_87' title='bbox 242 1493 317 1557; x_wconf 90' lang='lat' dir='ltr'><strong>baec</strong></span> <span class='ocrx_word' id='word_1_88' title='bbox 348 1503 441 1557; x_wconf 90' lang='lat' dir='ltr'><strong>recte.</strong></span> <span class='ocrx_word' id='word_1_89' title='bbox 485 1492 528 1556; x_wconf 87' lang='lat' dir='ltr'><strong>sal</strong></span> <span class='ocrx_word' id='word_1_90' title='bbox 555 1493 620 1576; x_wconf 93' lang='lat' dir='ltr'><strong>hlc,</strong></span> <span class='ocrx_word' id='word_1_91' title='bbox 648 1492 726 1556; x_wconf 87' lang='lat' dir='ltr'><strong>sales</strong></span> <span class='ocrx_word' id='word_1_92' title='bbox 755 1496 814 1556; x_wconf 86' lang='lat' dir='ltr'><strong>iuni</strong></span> <span class='ocrx_word' id='word_1_93' title='bbox 843 1503 924 1556; x_wconf 89' lang='lat' dir='ltr'><strong>aunt.</strong></span> <span class='ocrx_word' id='word_1_94' title='bbox 963 1493 1126 1574; x_wconf 88' lang='lat' dir='ltr'><strong>scrupulus</strong></span> <span class='ocrx_word' id='word_1_95' title='bbox 1150 1492 1208 1554; x_wconf 91' lang='lat' dir='ltr'><strong>hic.</strong></span> <span class='ocrx_word' id='word_1_96' title='bbox 1247 1497 1445 1578; x_wconf 80' lang='lat' dir='ltr'><strong>serpentium,</strong></span> 
     </span>
     <span class='ocr_line' id='line_1_13' title="bbox 104 1601 1445 1685; baseline -0.001 -19"><span class='ocrx_word' id='word_1_97' title='bbox 104 1621 169 1666; x_wconf 91' lang='lat' dir='ltr'><strong>uon</strong></span> <span class='ocrx_word' id='word_1_98' title='bbox 204 1610 391 1685; x_wconf 87' lang='lat' dir='ltr'><strong>serpentum.</strong></span> <span class='ocrx_word' id='word_1_99' title='bbox 440 1601 639 1684; x_wconf 89' lang='lat' dir='ltr'><strong>similaginem</strong></span> <span class='ocrx_word' id='word_1_100' title='bbox 668 1602 795 1665; x_wconf 83' lang='lat' dir='ltr'><strong>iarinmn</strong></span> <span class='ocrx_word' id='word_1_101' title='bbox 823 1611 916 1666; x_wconf 82' lang='lat' dir='ltr'><strong>recte.</strong></span> <span class='ocrx_word' id='word_1_102' title='bbox 963 1602 1188 1684; x_wconf 87' lang='lat' dir='ltr'><strong>sterquilinium</strong></span> <span class='ocrx_word' id='word_1_103' title='bbox 1219 1601 1284 1664; x_wconf 89' lang='lat' dir='ltr'><strong>boo.</strong></span> <span class='ocrx_word' id='word_1_104' title='bbox 1335 1605 1445 1684; x_wconf 81' lang='lat' dir='ltr'><strong>striges</strong></span> 
     </span>
     <span class='ocr_line' id='line_1_14' title="bbox 106 1707 1445 1795; baseline 0 -21"><span class='ocrx_word' id='word_1_105' title='bbox 106 1710 256 1794; x_wconf 84' lang='lat' dir='ltr'><strong>[strigis],</strong></span> <span class='ocrx_word' id='word_1_106' title='bbox 283 1730 345 1775; x_wconf 93' lang='lat' dir='ltr'><strong>non</strong></span> <span class='ocrx_word' id='word_1_107' title='bbox 374 1713 499 1792; x_wconf 80' lang='lat' dir='ltr'><strong>strigae:</strong></span> <span class='ocrx_word' id='word_1_108' title='bbox 528 1707 622 1792; x_wconf 88' lang='lat' dir='ltr'><strong>striga</strong></span> <span class='ocrx_word' id='word_1_109' title='bbox 645 1708 836 1774; x_wconf 90' lang='lat' dir='ltr'><strong>intervallum</strong></span> <span class='ocrx_word' id='word_1_110' title='bbox 860 1721 1048 1795; x_wconf 91' lang='lat' dir='ltr'><strong>turmarum,</strong></span> <span class='ocrx_word' id='word_1_111' title='bbox 1071 1707 1124 1774; x_wconf 90' lang='lat' dir='ltr'><strong>ubi</strong></span> <span class='ocrx_word' id='word_1_112' title='bbox 1148 1711 1219 1792; x_wconf 90' lang='lat' dir='ltr'><strong>equi</strong></span> <span class='ocrx_word' id='word_1_113' title='bbox 1243 1712 1445 1792; x_wconf 88' lang='lat' dir='ltr'><strong>stringuntur.</strong></span> 
     </span>
     <span class='ocr_line' id='line_1_15' title="bbox 105 1817 1444 1903; baseline -0.001 -20"><span class='ocrx_word' id='word_1_114' title='bbox 105 1823 218 1903; x_wconf 86' lang='lat' dir='ltr'><strong>stipes,</strong></span> <span class='ocrx_word' id='word_1_115' title='bbox 245 1838 307 1882; x_wconf 93' lang='lat' dir='ltr'><strong>nou</strong></span> <span class='ocrx_word' id='word_1_116' title='bbox 335 1821 420 1902; x_wconf 90' lang='lat' dir='ltr'><strong>stips.</strong></span> <span class='ocrx_word' id='word_1_117' title='bbox 462 1821 608 1902; x_wconf 86' lang='lat' dir='ltr'><strong>sternuit,</strong></span> <span class='ocrx_word' id='word_1_118' title='bbox 637 1835 698 1880; x_wconf 90' lang='lat' dir='ltr'><strong>non</strong></span> <span class='ocrx_word' id='word_1_119' title='bbox 727 1825 888 1882; x_wconf 87' lang='lat' dir='ltr'><strong>sternutat.</strong></span> <span class='ocrx_word' id='word_1_120' title='bbox 927 1817 1068 1882; x_wconf 87' lang='lat' dir='ltr'><strong>stimulus</strong></span> <span class='ocrx_word' id='word_1_121' title='bbox 1097 1818 1155 1881; x_wconf 91' lang='lat' dir='ltr'><strong>hic.</strong></span> <span class='ocrx_word' id='word_1_122' title='bbox 1199 1819 1344 1902; x_wconf 84' lang='lat' dir='ltr'><strong>sivccilua,</strong></span> <span class='ocrx_word' id='word_1_123' title='bbox 1375 1838 1444 1882; x_wconf 86' lang='lat' dir='ltr'><strong>oum</strong></span> 
     </span>
     <span class='ocr_line' id='line_1_16' title="bbox 105 1924 1445 2009; baseline 0.001 -18"><span class='ocrx_word' id='word_1_124' title='bbox 105 1930 233 2009; x_wconf 86' lang='lat' dir='ltr'><strong>sanguia</strong></span> <span class='ocrx_word' id='word_1_125' title='bbox 257 1946 289 1991; x_wconf 90' lang='lat' dir='ltr'><strong>se</strong></span> <span class='ocrx_word' id='word_1_126' title='bbox 314 1925 384 1989; x_wconf 90' lang='lat' dir='ltr'><strong>cilio</strong></span> <span class='ocrx_word' id='word_1_127' title='bbox 408 1925 574 1990; x_wconf 80' lang='lat' dir='ltr'><strong>subinnuit.</strong></span> <span class='ocrx_word' id='word_1_128' title='bbox 623 1924 726 1988; x_wconf 89' lang='lat' dir='ltr'><strong>cilium</strong></span> <span class='ocrx_word' id='word_1_129' title='bbox 751 1934 851 1989; x_wconf 88' lang='lat' dir='ltr'><strong>autem</strong></span> <span class='ocrx_word' id='word_1_130' title='bbox 880 1929 962 1990; x_wconf 87' lang='lat' dir='ltr'><strong>iuter</strong></span> <span class='ocrx_word' id='word_1_131' title='bbox 986 1925 1091 1989; x_wconf 88' lang='lat' dir='ltr'><strong>oculos</strong></span> <span class='ocrx_word' id='word_1_132' title='bbox 1114 1933 1146 1989; x_wconf 86' lang='lat' dir='ltr'><strong>et</strong></span> <span class='ocrx_word' id='word_1_133' title='bbox 1169 1926 1365 2009; x_wconf 89' lang='lat' dir='ltr'><strong>supercilium</strong></span> <span class='ocrx_word' id='word_1_134' title='bbox 1389 1937 1445 1992; x_wconf 83' lang='lat' dir='ltr'><strong>est</strong></span> 
     </span>
    </p>
   </div>
   <div class='ocr_carea' id='block_1_3' title="bbox 78 2207 1449 2367">
    <p class='ocr_par' dir='ltr' id='par_1_3' title="bbox 78 2207 1449 2367">
     <span class='ocr_line' id='line_1_17' title="bbox 78 2207 1449 2285; baseline -0.001 -17"><span class='ocrx_word' id='word_1_135' title='bbox 78 2243 86 2252; x_wconf 91' lang='lat'><strong>·</strong></span> <span class='ocrx_word' id='word_1_136' title='bbox 196 2219 217 2268; x_wconf 69' lang='lat' dir='ltr'><strong>v1</strong></span> <span class='ocrx_word' id='word_1_137' title='bbox 238 2209 302 2284; x_wconf 88' lang='lat' dir='ltr'><strong>neo]</strong></span> <span class='ocrx_word' id='word_1_138' title='bbox 321 2209 424 2285; x_wconf 84' lang='lat' dir='ltr'><strong>ponO</strong></span> <span class='ocrx_word' id='word_1_139' title='bbox 499 2207 657 2283; x_wconf 84' lang='lat' dir='ltr'><strong>pessulum]</strong></span> <span class='ocrx_word' id='word_1_140' title='bbox 677 2207 813 2281; x_wconf 85' lang='lat' dir='ltr'><strong>pexalnm</strong></span> <span class='ocrx_word' id='word_1_141' title='bbox 833 2208 872 2264; x_wconf 98' lang='lat' dir='ltr'><strong><em>M</em></strong></span> <span class='ocrx_word' id='word_1_142' title='bbox 874 2207 899 2264; x_wconf 79' lang='lat' dir='ltr'><em>O</em></span> <span class='ocrx_word' id='word_1_143' title='bbox 968 2209 1131 2279; x_wconf 72' lang='grc'><strong><em>10101-</em></strong></span> <span class='ocrx_word' id='word_1_144' title='bbox 1146 2207 1342 2283; x_wconf 85' lang='lat' dir='ltr'><strong>primileginm</strong></span> <span class='ocrx_word' id='word_1_145' title='bbox 1356 2209 1449 2267; x_wconf 83' lang='lat' dir='ltr'><strong>om.0</strong></span> 
     </span>
     <span class='ocr_line' id='line_1_18' title="bbox 164 2287 1446 2367; baseline 0 -18"><span class='ocrx_word' id='word_1_146' title='bbox 164 2292 243 2367; x_wconf 87' lang='lat' dir='ltr'><strong>lege]</strong></span> <span class='ocrx_word' id='word_1_147' title='bbox 262 2291 357 2365; x_wconf 84' lang='lat' dir='ltr'><strong>legem</strong></span> <span class='ocrx_word' id='word_1_148' title='bbox 372 2291 411 2347; x_wconf 99' lang='lat' dir='ltr'><strong><em>M</em></strong></span> <span class='ocrx_word' id='word_1_149' title='bbox 425 2291 533 2364; x_wconf 87' lang='lat' dir='ltr'><strong>legiam</strong></span> <span class='ocrx_word' id='word_1_150' title='bbox 551 2290 581 2346; x_wconf 98' lang='grc' dir='ltr'><strong><em>Β</em></strong></span> <span class='ocrx_word' id='word_1_151' title='bbox 653 2287 860 2364; x_wconf 86' lang='lat' dir='ltr'><strong>primileginm]</strong></span> <span class='ocrx_word' id='word_1_152' title='bbox 881 2288 1098 2361; x_wconf 86' lang='lat' dir='ltr'><strong>priumilegiurn</strong></span> <span class='ocrx_word' id='word_1_153' title='bbox 1112 2289 1152 2345; x_wconf 90' lang='lat' dir='ltr'><strong><em>M</em></strong></span> <span class='ocrx_word' id='word_1_154' title='bbox 1219 2291 1346 2348; x_wconf 76' lang='lat' dir='ltr'><strong>Primam</strong></span> <span class='ocrx_word' id='word_1_155' title='bbox 1364 2293 1446 2349; x_wconf 84' lang='lat' dir='ltr'><strong>iami-</strong></span> 
     </span>
    </p>
   </div>
   <div class='ocr_carea' id='block_1_4' title="bbox 105 2385 1450 4714">
    <p class='ocr_par' dir='ltr' id='par_1_4' title="bbox 105 2385 1450 4714">
     <span class='ocr_line' id='line_1_19' title="bbox 1351 2385 1363 2416; baseline 0 0"><span class='ocrx_word' id='word_1_156' title='bbox 1351 2385 1363 2416; x_wconf 87' lang='grc' dir='ltr'>Ι</span> 
     </span>
     <span class='ocr_line' id='line_1_20' title="bbox 105 2420 1447 2500; baseline -0.003 -14"><span class='ocrx_word' id='word_1_157' title='bbox 105 2429 176 2486; x_wconf 87' lang='lat' dir='ltr'><strong>niue</strong></span> <span class='ocrx_word' id='word_1_158' title='bbox 196 2425 330 2499; x_wconf 79' lang='lat' dir='ltr'><strong>(feminae</strong></span> <span class='ocrx_word' id='word_1_159' title='bbox 350 2425 387 2498; x_wconf 82' lang='grc'><strong>0)</strong></span> <span class='ocrx_word' id='word_1_160' title='bbox 407 2425 558 2484; x_wconf 81' lang='lat' dir='ltr'><strong>carbonem</strong></span> <span class='ocrx_word' id='word_1_161' title='bbox 577 2444 669 2499; x_wconf 90' lang='lat' dir='ltr'><strong>pruna</strong></span> <span class='ocrx_word' id='word_1_162' title='bbox 687 2427 787 2500; x_wconf 80' lang='lat' dir='ltr'><strong>(pluas</strong></span> <span class='ocrx_word' id='word_1_163' title='bbox 807 2420 843 2493; x_wconf 84' lang='grc'><strong>0)</strong></span> <span class='ocrx_word' id='word_1_164' title='bbox 868 2423 1037 2480; x_wconf 69' lang='lat' dir='ltr'><strong>renuuntur</strong></span> <span class='ocrx_word' id='word_1_165' title='bbox 1061 2442 1148 2496; x_wconf 89' lang='lat' dir='ltr'><strong>poma</strong></span> <span class='ocrx_word' id='word_1_166' title='bbox 1166 2424 1225 2482; x_wconf 79' lang='lat' dir='ltr'><strong>Bc</strong></span> <span class='ocrx_word' id='word_1_167' title='bbox 1247 2443 1370 2497; x_wconf 77' lang='lat' dir='ltr'><strong>prunum</strong></span> <span class='ocrx_word' id='word_1_168' title='bbox 1388 2425 1447 2482; x_wconf 78' lang='lat' dir='ltr'><strong>feffi</strong></span> 
     </span>
     <span class='ocr_line' id='line_1_21' title="bbox 106 2503 1448 2584; baseline -0.003 -18"><span class='ocrx_word' id='word_1_169' title='bbox 106 2517 164 2584; x_wconf 76' lang='lat' dir='ltr'><strong>gar</strong></span> <span class='ocrx_word' id='word_1_170' title='bbox 187 2510 273 2566; x_wconf 87' lang='lat' dir='ltr'><strong>arbor</strong></span> <span class='ocrx_word' id='word_1_171' title='bbox 293 2525 386 2580; x_wconf 87' lang='lat' dir='ltr'><strong>pruna</strong></span> <span class='ocrx_word' id='word_1_172' title='bbox 408 2511 579 2568; x_wconf 74' lang='lat' dir='ltr'><strong>normaliter</strong></span> <span class='ocrx_word' id='word_1_173' title='bbox 595 2527 683 2584; x_wconf 86' lang='lat' dir='ltr'><strong>poma</strong></span> <span class='ocrx_word' id='word_1_174' title='bbox 702 2508 741 2564; x_wconf 97' lang='lat' dir='ltr'><strong><em>M</em></strong></span> <span class='ocrx_word' id='word_1_175' title='bbox 810 2512 826 2562; x_wconf 84' lang='lat' dir='ltr'><strong>a</strong></span> <span class='ocrx_word' id='word_1_176' title='bbox 853 2503 1002 2578; x_wconf 71' lang='lat' dir='ltr'><strong>pomerii</strong></span> <span class='ocrx_word' id='word_1_177' title='bbox 1072 2510 1149 2563; x_wconf 89' lang='lat' dir='ltr'><strong>recte</strong></span> <span class='ocrx_word' id='word_1_178' title='bbox 1169 2523 1220 2564; x_wconf 87' lang='lat' dir='ltr'><strong>om.</strong></span> <span class='ocrx_word' id='word_1_179' title='bbox 1241 2505 1280 2564; x_wconf 92' lang='lat' dir='ltr'><strong><em>M</em></strong></span> <span class='ocrx_word' id='word_1_180' title='bbox 1347 2509 1448 2579; x_wconf 88' lang='lat' dir='ltr'><strong>putea-</strong></span> 
     </span>
     <span class='ocr_line' id='line_1_22' title="bbox 107 2586 1445 2665; baseline -0.003 -17"><span class='ocrx_word' id='word_1_181' title='bbox 107 2608 178 2648; x_wconf 86' lang='lat' dir='ltr'><strong>nam</strong></span> <span class='ocrx_word' id='word_1_182' title='bbox 199 2607 258 2648; x_wconf 89' lang='lat' dir='ltr'><strong>noa</strong></span> <span class='ocrx_word' id='word_1_183' title='bbox 279 2589 424 2662; x_wconf 78' lang='lat' dir='ltr'><strong>putealem</strong></span> <span class='ocrx_word' id='word_1_184' title='bbox 447 2590 508 2648; x_wconf 76' lang='lat'><strong>130</strong></span> <span class='ocrx_word' id='word_1_185' title='bbox 527 2596 599 2665; x_wconf 89' lang='lat' dir='ltr'><strong>puta</strong></span> <span class='ocrx_word' id='word_1_186' title='bbox 621 2608 678 2648; x_wconf 92' lang='lat' dir='ltr'><strong>uon</strong></span> <span class='ocrx_word' id='word_1_187' title='bbox 701 2593 770 2662; x_wconf 91' lang='lat' dir='ltr'><strong>pate</strong></span> <span class='ocrx_word' id='word_1_188' title='bbox 794 2586 837 2645; x_wconf 90' lang='lat' dir='ltr'><strong><em>M</em></strong></span> <span class='ocrx_word' id='word_1_189' title='bbox 870 2603 910 2643; x_wconf 84' lang='lat' dir='ltr'><strong>ass</strong></span> <span class='ocrx_word' id='word_1_190' title='bbox 931 2589 1088 2658; x_wconf 85' lang='lat' dir='ltr'><strong>pateanam</strong></span> <span class='ocrx_word' id='word_1_191' title='bbox 1106 2605 1211 2660; x_wconf 86' lang='lat' dir='ltr'><strong>aquarn</strong></span> <span class='ocrx_word' id='word_1_192' title='bbox 1230 2588 1364 2657; x_wconf 87' lang='lat' dir='ltr'><strong>dicimus,</strong></span> <span class='ocrx_word' id='word_1_193' title='bbox 1388 2603 1445 2645; x_wconf 91' lang='lat' dir='ltr'><strong>uon</strong></span> 
     </span>
     <span class='ocr_line' id='line_1_23' title="bbox 107 2666 1449 2746; baseline -0.002 -17"><span class='ocrx_word' id='word_1_194' title='bbox 107 2671 275 2746; x_wconf 77' lang='lat' dir='ltr'><strong>putealem?</strong></span> <span class='ocrx_word' id='word_1_195' title='bbox 349 2677 365 2728; x_wconf 83' lang='lat' dir='ltr'><strong>t</strong></span> <span class='ocrx_word' id='word_1_196' title='bbox 385 2671 495 2742; x_wconf 86' lang='lat' dir='ltr'><strong>quadra</strong></span> <span class='ocrx_word' id='word_1_197' title='bbox 513 2673 652 2745; x_wconf 82' lang='lat' dir='ltr'><strong>amphora</strong></span> <span class='ocrx_word' id='word_1_198' title='bbox 672 2669 696 2727; x_wconf 82' lang='lat'><strong><em>0</em></strong></span> <span class='ocrx_word' id='word_1_199' title='bbox 712 2668 824 2740; x_wconf 87' lang='lat' dir='ltr'><strong>quadra</strong></span> <span class='ocrx_word' id='word_1_200' title='bbox 843 2666 943 2725; x_wconf 75' lang='lat' dir='ltr'><strong>aniona</strong></span> <span class='ocrx_word' id='word_1_201' title='bbox 961 2667 990 2723; x_wconf 90' lang='grc' dir='ltr'><strong><em>Β</em></strong></span> <span class='ocrx_word' id='word_1_202' title='bbox 1064 2668 1204 2737; x_wconf 82' lang='lat' dir='ltr'><strong>Quatinus</strong></span> <span class='ocrx_word' id='word_1_203' title='bbox 1223 2669 1385 2728; x_wconf 83' lang='lat' dir='ltr'><strong>coniunctio</strong></span> <span class='ocrx_word' id='word_1_204' title='bbox 1405 2672 1449 2726; x_wconf 86' lang='lat' dir='ltr'><strong>est</strong></span> 
     </span>
     <span class='ocr_line' id='line_1_24' title="bbox 106 2750 1448 2826; baseline -0.004 -14"><span class='ocrx_word' id='word_1_205' title='bbox 106 2757 252 2826; x_wconf 85' lang='lat' dir='ltr'><strong>quatenns</strong></span> <span class='ocrx_word' id='word_1_206' title='bbox 270 2753 328 2810; x_wconf 90' lang='lat' dir='ltr'><strong>loci</strong></span> <span class='ocrx_word' id='word_1_207' title='bbox 343 2755 394 2810; x_wconf 92' lang='lat' dir='ltr'><strong>aut</strong></span> <span class='ocrx_word' id='word_1_208' title='bbox 410 2753 549 2826; x_wconf 86' lang='lat' dir='ltr'><strong>temporis</strong></span> <span class='ocrx_word' id='word_1_209' title='bbox 564 2753 603 2808; x_wconf 91' lang='lat' dir='ltr'><strong><em>M</em></strong></span> <span class='ocrx_word' id='word_1_210' title='bbox 617 2752 756 2821; x_wconf 77' lang='lat' dir='ltr'><strong>Quotiens</strong></span> <span class='ocrx_word' id='word_1_211' title='bbox 771 2753 853 2822; x_wconf 69' lang='lat' dir='ltr'><strong>(com.</strong></span> <span class='ocrx_word' id='word_1_212' title='bbox 865 2750 1021 2820; x_wconf 79' lang='lat' dir='ltr'><strong>Quatenus)</strong></span> <span class='ocrx_word' id='word_1_213' title='bbox 1036 2751 1233 2809; x_wconf 85' lang='lat' dir='ltr'><strong>accusatiaum</strong></span> <span class='ocrx_word' id='word_1_214' title='bbox 1248 2755 1293 2808; x_wconf 89' lang='lat' dir='ltr'><strong>est</strong></span> <span class='ocrx_word' id='word_1_215' title='bbox 1307 2753 1448 2823; x_wconf 84' lang='lat' dir='ltr'><strong>quatenns</strong></span> 
     </span>
     <span class='ocr_line' id='line_1_25' title="bbox 108 2829 1450 2907; baseline -0.002 -15"><span class='ocrx_word' id='word_1_216' title='bbox 108 2840 193 2906; x_wconf 86' lang='lat' dir='ltr'><strong>(corr.</strong></span> <span class='ocrx_word' id='word_1_217' title='bbox 213 2834 359 2906; x_wconf 85' lang='lat' dir='ltr'><strong>quatinus)</strong></span> <span class='ocrx_word' id='word_1_218' title='bbox 380 2833 439 2890; x_wconf 87' lang='lat' dir='ltr'><strong>loci</strong></span> <span class='ocrx_word' id='word_1_219' title='bbox 461 2839 513 2892; x_wconf 89' lang='lat' dir='ltr'><strong>aut</strong></span> <span class='ocrx_word' id='word_1_220' title='bbox 534 2831 671 2907; x_wconf 89' lang='lat' dir='ltr'><strong>temporie</strong></span> <span class='ocrx_word' id='word_1_221' title='bbox 690 2832 718 2888; x_wconf 92' lang='grc' dir='ltr'><strong><em>Β</em></strong></span> <span class='ocrx_word' id='word_1_222' title='bbox 743 2829 876 2903; x_wconf 85' lang='lat' dir='ltr'><strong>quatinus</strong></span> <span class='ocrx_word' id='word_1_223' title='bbox 897 2831 1077 2887; x_wconf 86' lang='lat' dir='ltr'><strong>causatiunm</strong></span> <span class='ocrx_word' id='word_1_224' title='bbox 1095 2835 1140 2889; x_wconf 88' lang='lat' dir='ltr'><strong>est</strong></span> <span class='ocrx_word' id='word_1_225' title='bbox 1165 2835 1305 2904; x_wconf 87' lang='lat' dir='ltr'><strong>quatenus</strong></span> <span class='ocrx_word' id='word_1_226' title='bbox 1323 2830 1380 2889; x_wconf 88' lang='lat' dir='ltr'><strong>looi</strong></span> <span class='ocrx_word' id='word_1_227' title='bbox 1398 2835 1450 2889; x_wconf 89' lang='lat' dir='ltr'><strong>ant</strong></span> 
     </span>
     <span class='ocr_line' id='line_1_26' title="bbox 107 2911 1448 2989; baseline -0.002 -16"><span class='ocrx_word' id='word_1_228' title='bbox 107 2917 247 2989; x_wconf 83' lang='lat' dir='ltr'><strong>temporis</strong></span> <span class='ocrx_word' id='word_1_229' title='bbox 263 2914 297 2972; x_wconf 80' lang='lat'><strong>0:</strong></span> <span class='ocrx_word' id='word_1_230' title='bbox 312 2917 348 2983; x_wconf 76' lang='lat' dir='ltr'><strong>es.</strong></span> <span class='ocrx_word' id='word_1_231' title='bbox 362 2931 450 2986; x_wconf 81' lang='lat' dir='ltr'><strong>supra</strong></span> <span class='ocrx_word' id='word_1_232' title='bbox 461 2932 491 2986; x_wconf 81' lang='lat' dir='ltr'><strong>p.</strong></span> <span class='ocrx_word' id='word_1_233' title='bbox 508 2921 574 2984; x_wconf 87' lang='lat'><strong>100,</strong></span> <span class='ocrx_word' id='word_1_234' title='bbox 587 2921 605 2972; x_wconf 85' lang='lat'><em>9</em></span> <span class='ocrx_word' id='word_1_235' title='bbox 679 2921 696 2970; x_wconf 75' lang='lat' dir='ltr'><strong>a</strong></span> <span class='ocrx_word' id='word_1_236' title='bbox 712 2913 819 2984; x_wconf 88' lang='lat' dir='ltr'><strong>quanto</strong></span> <span class='ocrx_word' id='word_1_237' title='bbox 835 2911 1014 2970; x_wconf 86' lang='lat' dir='ltr'><strong>causatiunm</strong></span> <span class='ocrx_word' id='word_1_238' title='bbox 1032 2913 1069 2968; x_wconf 88' lang='lat' dir='ltr'><strong><em>M</em></strong></span> <span class='ocrx_word' id='word_1_239' title='bbox 1088 2916 1195 2984; x_wconf 88' lang='lat' dir='ltr'><strong>quanto</strong></span> <span class='ocrx_word' id='word_1_240' title='bbox 1210 2914 1406 2971; x_wconf 68' lang='lat' dir='ltr'><strong>mauratinum</strong></span> <span class='ocrx_word' id='word_1_241' title='bbox 1419 2914 1448 2970; x_wconf 90' lang='grc' dir='ltr'><strong><em>Β</em></strong></span> 
     </span>
     <span class='ocr_line' id='line_1_27' title="bbox 108 2993 1448 3070; baseline -0.002 -16"><span class='ocrx_word' id='word_1_242' title='bbox 108 2998 227 3070; x_wconf 87' lang='lat' dir='ltr'><strong>qnando</strong></span> <span class='ocrx_word' id='word_1_243' title='bbox 236 2995 416 3053; x_wconf 73' lang='grc'><strong><em>0111111111</em></strong></span> <span class='ocrx_word' id='word_1_244' title='bbox 427 2993 456 3051; x_wconf 83' lang='grc'><strong>0.</strong></span> <span class='ocrx_word' id='word_1_245' title='bbox 469 2995 582 3066; x_wconf 87' lang='lat' dir='ltr'><strong>quando</strong></span> <span class='ocrx_word' id='word_1_246' title='bbox 594 2995 691 3067; x_wconf 81' lang='lat' dir='ltr'><strong>priore</strong></span> <span class='ocrx_word' id='word_1_247' title='bbox 703 2994 814 3068; x_wconf 72' lang='lat' dir='ltr'><strong>agunto</strong></span> <span class='ocrx_word' id='word_1_248' title='bbox 828 3000 914 3051; x_wconf 81' lang='lat' dir='ltr'><strong>acuto</strong></span> <span class='ocrx_word' id='word_1_249' title='bbox 928 2996 1085 3067; x_wconf 76' lang='lat' dir='ltr'><strong>tenporolr,</strong></span> <span class='ocrx_word' id='word_1_250' title='bbox 1094 2997 1246 3067; x_wconf 70' lang='lat' dir='ltr'><strong>posteriorc</strong></span> <span class='ocrx_word' id='word_1_251' title='bbox 1255 3001 1340 3052; x_wconf 78' lang='lat' dir='ltr'><strong>acuto</strong></span> <span class='ocrx_word' id='word_1_252' title='bbox 1349 3011 1448 3052; x_wconf 85' lang='lat' dir='ltr'><strong>causu-</strong></span> 
     </span>
     <span class='ocr_line' id='line_1_28' title="bbox 109 3075 1448 3149; baseline -0.001 -15"><span class='ocrx_word' id='word_1_253' title='bbox 109 3081 199 3135; x_wconf 74' lang='lat' dir='ltr'><strong>tinam</strong></span> <span class='ocrx_word' id='word_1_254' title='bbox 217 3095 273 3136; x_wconf 79' lang='lat' dir='ltr'><strong>esse</strong></span> <span class='ocrx_word' id='word_1_255' title='bbox 292 3078 496 3134; x_wconf 74' lang='lat' dir='ltr'><strong>adnotoomrsnt</strong></span> <span class='ocrx_word' id='word_1_256' title='bbox 517 3075 665 3134; x_wconf 66' lang='grc'><strong><em>0101111100</em></strong></span> <span class='ocrx_word' id='word_1_257' title='bbox 684 3095 716 3148; x_wconf 88' lang='lat' dir='ltr'><strong>p.</strong></span> <span class='ocrx_word' id='word_1_258' title='bbox 735 3081 803 3146; x_wconf 89' lang='grc'><strong><em>111,</em></strong></span> <span class='ocrx_word' id='word_1_259' title='bbox 822 3080 871 3144; x_wconf 81' lang='lat'><strong>27,</strong></span> <span class='ocrx_word' id='word_1_260' title='bbox 899 3075 1002 3132; x_wconf 82' lang='lat' dir='ltr'><strong>Fertur</strong></span> <span class='ocrx_word' id='word_1_261' title='bbox 1022 3094 1053 3149; x_wconf 83' lang='lat' dir='ltr'><strong>p.</strong></span> <span class='ocrx_word' id='word_1_262' title='bbox 1073 3083 1147 3147; x_wconf 80' lang='lat'><strong>258,</strong></span> <span class='ocrx_word' id='word_1_263' title='bbox 1166 3079 1220 3136; x_wconf 78' lang='lat' dir='ltr'><strong>otii</strong></span> <span class='ocrx_word' id='word_1_264' title='bbox 1311 3081 1328 3132; x_wconf 83' lang='lat' dir='ltr'><strong>t</strong></span> <span class='ocrx_word' id='word_1_265' title='bbox 1347 3093 1448 3149; x_wconf 85' lang='lat' dir='ltr'><strong>rapum</strong></span> 
     </span>
     <span class='ocr_line' id='line_1_29' title="bbox 108 3157 1448 3233; baseline -0.001 -15"><span class='ocrx_word' id='word_1_266' title='bbox 108 3161 165 3218; x_wconf 87' lang='lat' dir='ltr'><strong>hoc</strong></span> <span class='ocrx_word' id='word_1_267' title='bbox 180 3177 238 3219; x_wconf 90' lang='lat' dir='ltr'><strong>uon</strong></span> <span class='ocrx_word' id='word_1_268' title='bbox 250 3176 322 3233; x_wconf 87' lang='lat' dir='ltr'><strong>rapa</strong></span> <span class='ocrx_word' id='word_1_269' title='bbox 338 3157 361 3216; x_wconf 84' lang='grc'><em>0</em></span> <span class='ocrx_word' id='word_1_270' title='bbox 377 3175 448 3231; x_wconf 88' lang='lat' dir='ltr'><strong>rapa</strong></span> <span class='ocrx_word' id='word_1_271' title='bbox 466 3159 520 3216; x_wconf 87' lang='lat' dir='ltr'><strong>hec</strong></span> <span class='ocrx_word' id='word_1_272' title='bbox 535 3158 578 3229; x_wconf 85' lang='lat' dir='ltr'><strong>M,</strong></span> <span class='ocrx_word' id='word_1_273' title='bbox 597 3175 648 3215; x_wconf 87' lang='lat' dir='ltr'><strong>om.</strong></span> <span class='ocrx_word' id='word_1_274' title='bbox 664 3158 692 3214; x_wconf 97' lang='grc' dir='ltr'><strong><em>Β</em></strong></span> <span class='ocrx_word' id='word_1_275' title='bbox 766 3158 820 3214; x_wconf 90' lang='lat' dir='ltr'><strong>hoc</strong></span> <span class='ocrx_word' id='word_1_276' title='bbox 839 3159 922 3228; x_wconf 86' lang='lat' dir='ltr'><strong>(corr.</strong></span> <span class='ocrx_word' id='word_1_277' title='bbox 937 3159 1050 3228; x_wconf 85' lang='lat' dir='ltr'><strong>harum)</strong></span> <span class='ocrx_word' id='word_1_278' title='bbox 1069 3159 1174 3216; x_wconf 88' lang='lat' dir='ltr'><strong>retiam</strong></span> <span class='ocrx_word' id='word_1_279' title='bbox 1191 3175 1250 3216; x_wconf 88' lang='lat' dir='ltr'><strong>non</strong></span> <span class='ocrx_word' id='word_1_280' title='bbox 1267 3160 1360 3215; x_wconf 91' lang='lat' dir='ltr'><strong>retum</strong></span> <span class='ocrx_word' id='word_1_281' title='bbox 1380 3160 1448 3230; x_wconf 87' lang='lat' dir='ltr'><strong>qnia</strong></span> 
     </span>
     <span class='ocr_line' id='line_1_30' title="bbox 109 3237 1447 3317; baseline -0.001 -17"><span class='ocrx_word' id='word_1_282' title='bbox 109 3243 256 3317; x_wconf 80' lang='lat' dir='ltr'><strong>gemiliano</strong></span> <span class='ocrx_word' id='word_1_283' title='bbox 275 3257 431 3314; x_wconf 88' lang='lat' dir='ltr'><strong>numquam</strong></span> <span class='ocrx_word' id='word_1_284' title='bbox 450 3241 598 3314; x_wconf 86' lang='lat' dir='ltr'><strong>pauciores</strong></span> <span class='ocrx_word' id='word_1_285' title='bbox 613 3239 741 3312; x_wconf 83' lang='lat' dir='ltr'><strong>syllabas</strong></span> <span class='ocrx_word' id='word_1_286' title='bbox 759 3239 849 3296; x_wconf 87' lang='lat' dir='ltr'><strong>habet</strong></span> <span class='ocrx_word' id='word_1_287' title='bbox 867 3257 953 3311; x_wconf 89' lang='lat' dir='ltr'><strong>quam</strong></span> <span class='ocrx_word' id='word_1_288' title='bbox 969 3237 1162 3297; x_wconf 85' lang='lat' dir='ltr'><strong>nominatione</strong></span> <span class='ocrx_word' id='word_1_289' title='bbox 1175 3243 1253 3298; x_wconf 84' lang='lat' dir='ltr'><strong>recta</strong></span> <span class='ocrx_word' id='word_1_290' title='bbox 1270 3241 1326 3300; x_wconf 88' lang='lat' dir='ltr'><strong>hoo</strong></span> <span class='ocrx_word' id='word_1_291' title='bbox 1340 3243 1447 3298; x_wconf 86' lang='lat' dir='ltr'><strong>sartum</strong></span> 
     </span>
     <span class='ocr_line' id='line_1_31' title="bbox 111 3320 1448 3396; baseline -0.002 -14"><span class='ocrx_word' id='word_1_292' title='bbox 111 3325 137 3382; x_wconf 83' lang='lat'><em>0</em></span> <span class='ocrx_word' id='word_1_293' title='bbox 156 3327 258 3382; x_wconf 87' lang='lat' dir='ltr'><strong>horum</strong></span> <span class='ocrx_word' id='word_1_294' title='bbox 282 3323 386 3380; x_wconf 85' lang='lat' dir='ltr'><strong>retium</strong></span> <span class='ocrx_word' id='word_1_295' title='bbox 409 3322 465 3380; x_wconf 89' lang='lat' dir='ltr'><strong>hoc</strong></span> <span class='ocrx_word' id='word_1_296' title='bbox 488 3338 541 3379; x_wconf 91' lang='lat' dir='ltr'><strong>nec</strong></span> <span class='ocrx_word' id='word_1_297' title='bbox 564 3321 646 3392; x_wconf 86' lang='lat' dir='ltr'><strong>(corr.</strong></span> <span class='ocrx_word' id='word_1_298' title='bbox 670 3324 699 3393; x_wconf 80' lang='lat' dir='ltr'><strong>n)</strong></span> <span class='ocrx_word' id='word_1_299' title='bbox 723 3323 833 3378; x_wconf 85' lang='lat' dir='ltr'><strong>rectam</strong></span> <span class='ocrx_word' id='word_1_300' title='bbox 857 3321 927 3391; x_wconf 88' lang='lat' dir='ltr'><strong>qaia</strong></span> <span class='ocrx_word' id='word_1_301' title='bbox 950 3320 1095 3393; x_wconf 89' lang='lat' dir='ltr'><strong>negitious</strong></span> <span class='ocrx_word' id='word_1_302' title='bbox 1119 3340 1274 3396; x_wconf 87' lang='lat' dir='ltr'><strong>numquam</strong></span> <span class='ocrx_word' id='word_1_303' title='bbox 1299 3321 1448 3396; x_wconf 86' lang='lat' dir='ltr'><strong>pauciores</strong></span> 
     </span>
     <span class='ocr_line' id='line_1_32' title="bbox 110 3401 1448 3478; baseline -0.004 -14"><span class='ocrx_word' id='word_1_304' title='bbox 110 3408 237 3478; x_wconf 78' lang='lat' dir='ltr'><strong>syllabas</strong></span> <span class='ocrx_word' id='word_1_305' title='bbox 255 3405 344 3460; x_wconf 85' lang='lat' dir='ltr'><strong>babet</strong></span> <span class='ocrx_word' id='word_1_306' title='bbox 363 3419 450 3475; x_wconf 87' lang='lat' dir='ltr'><strong>qnam</strong></span> <span class='ocrx_word' id='word_1_307' title='bbox 468 3403 662 3460; x_wconf 85' lang='lat' dir='ltr'><strong>nominatione</strong></span> <span class='ocrx_word' id='word_1_308' title='bbox 680 3403 768 3460; x_wconf 80' lang='lat' dir='ltr'><strong>Recta</strong></span> <span class='ocrx_word' id='word_1_309' title='bbox 791 3402 847 3460; x_wconf 88' lang='lat' dir='ltr'><strong>boc</strong></span> <span class='ocrx_word' id='word_1_310' title='bbox 867 3405 976 3459; x_wconf 86' lang='lat' dir='ltr'><strong>sartum</strong></span> <span class='ocrx_word' id='word_1_311' title='bbox 994 3402 1023 3458; x_wconf 90' lang='grc' dir='ltr'><strong><em>Β</em></strong></span> <span class='ocrx_word' id='word_1_312' title='bbox 1049 3401 1165 3459; x_wconf 83' lang='lat' dir='ltr'><strong>Retium</strong></span> <span class='ocrx_word' id='word_1_313' title='bbox 1188 3405 1243 3460; x_wconf 87' lang='lat' dir='ltr'><strong>hoc</strong></span> <span class='ocrx_word' id='word_1_314' title='bbox 1262 3421 1318 3460; x_wconf 92' lang='lat' dir='ltr'><strong>uon</strong></span> <span class='ocrx_word' id='word_1_315' title='bbox 1338 3407 1448 3462; x_wconf 88' lang='lat' dir='ltr'><strong>rectum</strong></span> 
     </span>
     <span class='ocr_line' id='line_1_33' title="bbox 110 3483 1448 3560; baseline -0.001 -16"><span class='ocrx_word' id='word_1_316' title='bbox 110 3489 181 3560; x_wconf 82' lang='lat' dir='ltr'><strong>quia</strong></span> <span class='ocrx_word' id='word_1_317' title='bbox 202 3485 353 3558; x_wconf 81' lang='lat' dir='ltr'><strong>guastinae</strong></span> <span class='ocrx_word' id='word_1_318' title='bbox 375 3503 531 3556; x_wconf 88' lang='lat' dir='ltr'><strong>numquam</strong></span> <span class='ocrx_word' id='word_1_319' title='bbox 554 3486 649 3558; x_wconf 90' lang='lat' dir='ltr'><strong>potior</strong></span> <span class='ocrx_word' id='word_1_320' title='bbox 668 3490 688 3541; x_wconf 68' lang='lat' dir='ltr'><strong>e</strong></span> <span class='ocrx_word' id='word_1_321' title='bbox 711 3483 827 3556; x_wconf 79' lang='lat' dir='ltr'><strong>syllabis</strong></span> <span class='ocrx_word' id='word_1_322' title='bbox 851 3501 937 3554; x_wconf 87' lang='lat' dir='ltr'><strong>quam</strong></span> <span class='ocrx_word' id='word_1_323' title='bbox 962 3483 1155 3540; x_wconf 87' lang='lat' dir='ltr'><strong>nominatinns</strong></span> <span class='ocrx_word' id='word_1_324' title='bbox 1180 3487 1257 3541; x_wconf 89' lang='lat' dir='ltr'><strong>recte</strong></span> <span class='ocrx_word' id='word_1_325' title='bbox 1277 3487 1386 3542; x_wconf 85' lang='lat' dir='ltr'><strong>sartum</strong></span> <span class='ocrx_word' id='word_1_326' title='bbox 1406 3485 1448 3543; x_wconf 92' lang='lat' dir='ltr'><strong>M.</strong></span> 
     </span>
     <span class='ocr_line' id='line_1_34' title="bbox 110 3564 1448 3638; baseline -0.001 -12"><span class='ocrx_word' id='word_1_327' title='bbox 110 3569 231 3636; x_wconf 82' lang='lat' dir='ltr'><strong>ratium,</strong></span> <span class='ocrx_word' id='word_1_328' title='bbox 250 3582 307 3622; x_wconf 93' lang='lat' dir='ltr'><strong>uon</strong></span> <span class='ocrx_word' id='word_1_329' title='bbox 324 3569 431 3635; x_wconf 82' lang='lat' dir='ltr'><strong>retum,</strong></span> <span class='ocrx_word' id='word_1_330' title='bbox 451 3566 601 3637; x_wconf 89' lang='lat' dir='ltr'><strong>quoniam,</strong></span> <span class='ocrx_word' id='word_1_331' title='bbox 625 3568 658 3622; x_wconf 89' lang='lat' dir='ltr'><strong>ut</strong></span> <span class='ocrx_word' id='word_1_332' title='bbox 683 3564 725 3621; x_wconf 87' lang='lat' dir='ltr'><strong>ait</strong></span> <span class='ocrx_word' id='word_1_333' title='bbox 743 3565 853 3621; x_wconf 85' lang='lat' dir='ltr'><strong>Plinius</strong></span> <span class='ocrx_word' id='word_1_334' title='bbox 873 3565 1010 3623; x_wconf 85' lang='lat' dir='ltr'><strong>sermonis</strong></span> <span class='ocrx_word' id='word_1_335' title='bbox 1028 3565 1108 3622; x_wconf 89' lang='lat' dir='ltr'><strong>dubii</strong></span> <span class='ocrx_word' id='word_1_336' title='bbox 1126 3565 1201 3623; x_wconf 88' lang='lat' dir='ltr'><strong>libro</strong></span> <span class='ocrx_word' id='word_1_337' title='bbox 1220 3565 1274 3636; x_wconf 91' lang='lat' dir='ltr'><strong>Vl,</strong></span> <span class='ocrx_word' id='word_1_338' title='bbox 1298 3565 1448 3638; x_wconf 81' lang='lat' dir='ltr'><strong>genetivus</strong></span> 
     </span>
     <span class='ocr_line' id='line_1_35' title="bbox 111 3643 1375 3722; baseline -0.001 -16"><span class='ocrx_word' id='word_1_339' title='bbox 111 3663 267 3722; x_wconf 82' lang='lat' dir='ltr'><strong>numquam</strong></span> <span class='ocrx_word' id='word_1_340' title='bbox 289 3646 439 3720; x_wconf 87' lang='lat' dir='ltr'><strong>pauciores</strong></span> <span class='ocrx_word' id='word_1_341' title='bbox 461 3646 586 3719; x_wconf 86' lang='lat' dir='ltr'><strong>syllabas</strong></span> <span class='ocrx_word' id='word_1_342' title='bbox 608 3645 698 3702; x_wconf 88' lang='lat' dir='ltr'><strong>habet</strong></span> <span class='ocrx_word' id='word_1_343' title='bbox 720 3663 806 3717; x_wconf 88' lang='lat' dir='ltr'><strong>qnam</strong></span> <span class='ocrx_word' id='word_1_344' title='bbox 825 3645 1018 3703; x_wconf 81' lang='lat' dir='ltr'><strong>nominativus</strong></span> <span class='ocrx_word' id='word_1_345' title='bbox 1039 3643 1232 3717; x_wconf 58' lang='grc'><strong><em>0101111001.</em></strong></span> <span class='ocrx_word' id='word_1_346' title='bbox 1251 3652 1375 3715; x_wconf 60' lang='grc'><strong><em>14111</em></strong></span> 
     </span>
     <span class='ocr_line' id='line_1_36' title="bbox 112 3725 1449 3804; baseline -0.003 -15"><span class='ocrx_word' id='word_1_347' title='bbox 112 3730 272 3804; x_wconf 76' lang='grc'><strong><em>91110111]</em></strong></span> <span class='ocrx_word' id='word_1_348' title='bbox 296 3745 405 3786; x_wconf 83' lang='lat' dir='ltr'><strong>sorsum</strong></span> <span class='ocrx_word' id='word_1_349' title='bbox 426 3726 451 3783; x_wconf 80' lang='lat'><strong><em>0</em></strong></span> <span class='ocrx_word' id='word_1_350' title='bbox 539 3728 678 3801; x_wconf 88' lang='lat' dir='ltr'><strong>sanguen]</strong></span> <span class='ocrx_word' id='word_1_351' title='bbox 704 3727 862 3798; x_wconf 85' lang='lat' dir='ltr'><strong>aangvrinea</strong></span> <span class='ocrx_word' id='word_1_352' title='bbox 885 3742 955 3783; x_wconf 83' lang='lat' dir='ltr'><strong>corr.</strong></span> <span class='ocrx_word' id='word_1_353' title='bbox 975 3742 1101 3798; x_wconf 87' lang='lat' dir='ltr'><strong>sanguen</strong></span> <span class='ocrx_word' id='word_1_354' title='bbox 1125 3725 1153 3781; x_wconf 91' lang='grc' dir='ltr'><strong><em>Β</em></strong></span> <span class='ocrx_word' id='word_1_355' title='bbox 1245 3728 1449 3785; x_wconf 86' lang='lat' dir='ltr'><strong>sarcinatorem</strong></span> 
     </span>
     <span class='ocr_line' id='line_1_37' title="bbox 112 3807 1400 3881; baseline -0.002 -13"><span class='ocrx_word' id='word_1_356' title='bbox 112 3815 190 3870; x_wconf 84' lang='lat' dir='ltr'><strong>recte</strong></span> <span class='ocrx_word' id='word_1_357' title='bbox 211 3809 417 3868; x_wconf 80' lang='lat' dir='ltr'><strong>Osarcinstor.</strong></span> <span class='ocrx_word' id='word_1_358' title='bbox 437 3815 453 3866; x_wconf 76' lang='lat' dir='ltr'><strong>e</strong></span> <span class='ocrx_word' id='word_1_359' title='bbox 471 3813 549 3866; x_wconf 87' lang='lat' dir='ltr'><strong>reete</strong></span> <span class='ocrx_word' id='word_1_360' title='bbox 570 3809 608 3865; x_wconf 91' lang='lat' dir='ltr'><strong><em>M</em></strong></span> <span class='ocrx_word' id='word_1_361' title='bbox 623 3807 832 3866; x_wconf 73' lang='lat' dir='ltr'><strong>sarcinatorem</strong></span> <span class='ocrx_word' id='word_1_362' title='bbox 852 3809 914 3878; x_wconf 84' lang='lat' dir='ltr'><strong>(om.</strong></span> <span class='ocrx_word' id='word_1_363' title='bbox 929 3811 1016 3880; x_wconf 87' lang='lat' dir='ltr'><strong>recte)</strong></span> <span class='ocrx_word' id='word_1_364' title='bbox 1036 3809 1064 3865; x_wconf 90' lang='lat' dir='ltr'><em>B</em></span> <span class='ocrx_word' id='word_1_365' title='bbox 1138 3815 1173 3866; x_wconf 89' lang='lat'><strong>10</strong></span> <span class='ocrx_word' id='word_1_366' title='bbox 1193 3809 1281 3881; x_wconf 85' lang='lat' dir='ltr'><strong>Sepes</strong></span> <span class='ocrx_word' id='word_1_367' title='bbox 1301 3807 1400 3865; x_wconf 85' lang='lat' dir='ltr'><strong><em>MBO</em></strong></span> 
     </span>
     <span class='ocr_line' id='line_1_38' title="bbox 113 3888 1448 3963; baseline -0.003 -12"><span class='ocrx_word' id='word_1_368' title='bbox 113 3895 163 3951; x_wconf 82' lang='lat' dir='ltr'><strong>Sal</strong></span> <span class='ocrx_word' id='word_1_369' title='bbox 181 3893 230 3950; x_wconf 89' lang='lat' dir='ltr'><strong>hic</strong></span> <span class='ocrx_word' id='word_1_370' title='bbox 248 3892 323 3949; x_wconf 83' lang='lat' dir='ltr'><strong>sales</strong></span> <span class='ocrx_word' id='word_1_371' title='bbox 340 3889 397 3948; x_wconf 82' lang='lat' dir='ltr'><strong>ioci</strong></span> <span class='ocrx_word' id='word_1_372' title='bbox 415 3894 481 3947; x_wconf 86' lang='lat' dir='ltr'><strong>aunt</strong></span> <span class='ocrx_word' id='word_1_373' title='bbox 499 3889 527 3945; x_wconf 90' lang='grc' dir='ltr'><strong><em>Β</em></strong></span> <span class='ocrx_word' id='word_1_374' title='bbox 546 3891 590 3946; x_wconf 89' lang='lat' dir='ltr'><strong>sal</strong></span> <span class='ocrx_word' id='word_1_375' title='bbox 609 3890 656 3946; x_wconf 89' lang='lat' dir='ltr'><strong>hic</strong></span> <span class='ocrx_word' id='word_1_376' title='bbox 674 3890 742 3946; x_wconf 86' lang='lat' dir='ltr'><strong>salia</strong></span> <span class='ocrx_word' id='word_1_377' title='bbox 759 3888 816 3947; x_wconf 89' lang='lat' dir='ltr'><strong>loci</strong></span> <span class='ocrx_word' id='word_1_378' title='bbox 834 3895 850 3945; x_wconf 85' lang='lat' dir='ltr'><strong>&#39;a</strong></span> <span class='ocrx_word' id='word_1_379' title='bbox 870 3888 990 3946; x_wconf 81' lang='lat' dir='ltr'><strong>OSalix</strong></span> <span class='ocrx_word' id='word_1_380' title='bbox 1009 3889 1105 3946; x_wconf 88' lang='lat' dir='ltr'><strong>salicia</strong></span> <span class='ocrx_word' id='word_1_381' title='bbox 1124 3888 1163 3945; x_wconf 97' lang='lat' dir='ltr'><strong><em>M</em></strong></span> <span class='ocrx_word' id='word_1_382' title='bbox 1246 3891 1401 3963; x_wconf 83' lang='lat' dir='ltr'><strong>Scrnpalus</strong></span> <span class='ocrx_word' id='word_1_383' title='bbox 1419 3891 1448 3947; x_wconf 93' lang='grc' dir='ltr'><strong><em>Β</em></strong></span> 
     </span>
     <span class='ocr_line' id='line_1_39' title="bbox 113 3969 1447 4047; baseline -0.003 -15"><span class='ocrx_word' id='word_1_384' title='bbox 113 3973 253 4047; x_wconf 91' lang='lat' dir='ltr'><strong>scrupulis</strong></span> <span class='ocrx_word' id='word_1_385' title='bbox 273 3972 297 4029; x_wconf 82' lang='lat'><strong><em>0</em></strong></span> <span class='ocrx_word' id='word_1_386' title='bbox 313 3972 453 4044; x_wconf 90' lang='lat' dir='ltr'><strong>scripulus</strong></span> <span class='ocrx_word' id='word_1_387' title='bbox 468 3973 510 4028; x_wconf 92' lang='lat' dir='ltr'><strong>M.</strong></span> <span class='ocrx_word' id='word_1_388' title='bbox 533 3973 656 4046; x_wconf 87' lang='lat' dir='ltr'><strong>Scrupua</strong></span> <span class='ocrx_word' id='word_1_389' title='bbox 674 3971 721 4028; x_wconf 88' lang='lat' dir='ltr'><strong>bic</strong></span> <span class='ocrx_word' id='word_1_390' title='bbox 739 3976 868 4043; x_wconf 78' lang='lat' dir='ltr'><strong>excerpto</strong></span> <span class='ocrx_word' id='word_1_391' title='bbox 882 3969 1138 4041; x_wconf 78' lang='lat' dir='ltr'><strong>Movvtepessalarra.</strong></span> <span class='ocrx_word' id='word_1_392' title='bbox 1158 3969 1322 4043; x_wconf 86' lang='lat' dir='ltr'><strong>scrupulum</strong></span> <span class='ocrx_word' id='word_1_393' title='bbox 1340 3989 1447 4028; x_wconf 85' lang='lat' dir='ltr'><strong>muscu-</strong></span> 
     </span>
     <span class='ocr_line' id='line_1_40' title="bbox 113 4051 1448 4126; baseline -0.002 -14"><span class='ocrx_word' id='word_1_394' title='bbox 113 4057 255 4124; x_wconf 65' lang='grc'><strong><em>1111101</em></strong></span> <span class='ocrx_word' id='word_1_395' title='bbox 269 4059 368 4110; x_wconf 70' lang='lat' dir='ltr'><strong>muira</strong></span> <span class='ocrx_word' id='word_1_396' title='bbox 385 4070 482 4126; x_wconf 81' lang='lat' dir='ltr'><strong>genere</strong></span> <span class='ocrx_word' id='word_1_397' title='bbox 500 4055 559 4111; x_wconf 81' lang='lat' dir='ltr'><strong>dict</strong></span> <span class='ocrx_word' id='word_1_398' title='bbox 571 4055 661 4111; x_wconf 79' lang='lat' dir='ltr'><strong>uoluit</strong></span> <span class='ocrx_word' id='word_1_399' title='bbox 678 4055 887 4126; x_wconf 79' lang='lat' dir='ltr'><strong>grammaticos,</strong></span> <span class='ocrx_word' id='word_1_400' title='bbox 906 4069 1074 4125; x_wconf 76' lang='lat' dir='ltr'><strong>quamquam</strong></span> <span class='ocrx_word' id='word_1_401' title='bbox 1088 4051 1227 4125; x_wconf 83' lang='lat' dir='ltr'><strong>scripulus</strong></span> <span class='ocrx_word' id='word_1_402' title='bbox 1245 4053 1448 4124; x_wconf 65' lang='grc'><strong><em>1010111001-</em></strong></span> 
     </span>
     <span class='ocr_line' id='line_1_41' title="bbox 112 4131 1448 4208; baseline -0.004 -14"><span class='ocrx_word' id='word_1_403' title='bbox 112 4142 160 4194; x_wconf 79' lang='lat' dir='ltr'><strong>rut</strong></span> <span class='ocrx_word' id='word_1_404' title='bbox 182 4136 243 4193; x_wconf 78' lang='lat' dir='ltr'><strong>coit</strong></span> <span class='ocrx_word' id='word_1_405' title='bbox 264 4133 373 4191; x_wconf 74' lang='lat' dir='ltr'><strong>etruria</strong></span> <span class='ocrx_word' id='word_1_406' title='bbox 393 4152 424 4206; x_wconf 85' lang='lat' dir='ltr'><strong>p.</strong></span> <span class='ocrx_word' id='word_1_407' title='bbox 444 4140 545 4203; x_wconf 68' lang='grc'><strong><em>1015</em></strong></span> <span class='ocrx_word' id='word_1_408' title='bbox 638 4142 671 4192; x_wconf 90' lang='grc'><strong>11</strong></span> <span class='ocrx_word' id='word_1_409' title='bbox 699 4135 897 4208; x_wconf 87' lang='lat' dir='ltr'><strong>sterquilinam</strong></span> <span class='ocrx_word' id='word_1_410' title='bbox 918 4131 943 4189; x_wconf 82' lang='lat'><em>0</em></span> <span class='ocrx_word' id='word_1_411' title='bbox 1032 4131 1141 4206; x_wconf 80' lang='lat' dir='ltr'><strong>Striges</strong></span> <span class='ocrx_word' id='word_1_412' title='bbox 1163 4133 1260 4205; x_wconf 82' lang='lat' dir='ltr'><strong>strigis</strong></span> <span class='ocrx_word' id='word_1_413' title='bbox 1279 4151 1336 4190; x_wconf 91' lang='lat' dir='ltr'><strong>nou</strong></span> <span class='ocrx_word' id='word_1_414' title='bbox 1359 4133 1448 4205; x_wconf 86' lang='lat' dir='ltr'><strong>striga</strong></span> 
     </span>
     <span class='ocr_line' id='line_1_42' title="bbox 113 4221 1447 4309; baseline -0.003 -17"><span class='ocrx_word' id='word_1_415' title='bbox 113 4235 205 4309; x_wconf 81' lang='lat' dir='ltr'><strong>striga</strong></span> <span class='ocrx_word' id='word_1_416' title='bbox 222 4221 305 4292; x_wconf 69' lang='lat' dir='ltr'><strong>inlita</strong></span> <span class='ocrx_word' id='word_1_417' title='bbox 323 4232 374 4290; x_wconf 90' lang='lat' dir='ltr'><strong>ubi</strong></span> <span class='ocrx_word' id='word_1_418' title='bbox 392 4233 458 4306; x_wconf 89' lang='lat' dir='ltr'><strong>equi</strong></span> <span class='ocrx_word' id='word_1_419' title='bbox 477 4233 656 4304; x_wconf 70' lang='lat' dir='ltr'><strong>affinguntur</strong></span> <span class='ocrx_word' id='word_1_420' title='bbox 674 4231 713 4288; x_wconf 91' lang='lat' dir='ltr'><strong><em>M</em></strong></span> <span class='ocrx_word' id='word_1_421' title='bbox 729 4231 837 4305; x_wconf 86' lang='lat' dir='ltr'><strong>Striget</strong></span> <span class='ocrx_word' id='word_1_422' title='bbox 854 4233 957 4306; x_wconf 76' lang='lat' dir='ltr'><strong>striges</strong></span> <span class='ocrx_word' id='word_1_423' title='bbox 972 4249 1030 4290; x_wconf 92' lang='lat' dir='ltr'><strong>uon</strong></span> <span class='ocrx_word' id='word_1_424' title='bbox 1043 4233 1131 4304; x_wconf 87' lang='lat' dir='ltr'><strong>striga</strong></span> <span class='ocrx_word' id='word_1_425' title='bbox 1151 4233 1259 4304; x_wconf 85' lang='lat' dir='ltr'><strong>(strage</strong></span> <span class='ocrx_word' id='word_1_426' title='bbox 1273 4248 1343 4288; x_wconf 81' lang='lat' dir='ltr'><strong>corr.</strong></span> <span class='ocrx_word' id='word_1_427' title='bbox 1358 4231 1447 4304; x_wconf 82' lang='lat' dir='ltr'><strong>striga</strong></span> 
     </span>
     <span class='ocr_line' id='line_1_43' title="bbox 112 4307 1447 4390; baseline -0.003 -16"><span class='ocrx_word' id='word_1_428' title='bbox 112 4317 152 4388; x_wconf 86' lang='grc' dir='ltr'><strong><em>Β)</em></strong></span> <span class='ocrx_word' id='word_1_429' title='bbox 176 4317 268 4390; x_wconf 80' lang='lat' dir='ltr'><strong>striga</strong></span> <span class='ocrx_word' id='word_1_430' title='bbox 289 4316 320 4374; x_wconf 87' lang='lat' dir='ltr'><strong>in</strong></span> <span class='ocrx_word' id='word_1_431' title='bbox 343 4318 439 4372; x_wconf 87' lang='lat' dir='ltr'><strong>turma</strong></span> <span class='ocrx_word' id='word_1_432' title='bbox 462 4313 595 4383; x_wconf 74' lang='lat' dir='ltr'><strong>(interme</strong></span> <span class='ocrx_word' id='word_1_433' title='bbox 616 4312 650 4384; x_wconf 79' lang='grc'><strong>0)</strong></span> <span class='ocrx_word' id='word_1_434' title='bbox 672 4312 724 4369; x_wconf 91' lang='lat' dir='ltr'><strong>ubi</strong></span> <span class='ocrx_word' id='word_1_435' title='bbox 746 4315 813 4384; x_wconf 88' lang='lat' dir='ltr'><strong>eqni</strong></span> <span class='ocrx_word' id='word_1_436' title='bbox 838 4313 1049 4386; x_wconf 82' lang='lat' dir='ltr'><strong>distringantur</strong></span> <span class='ocrx_word' id='word_1_437' title='bbox 1071 4312 1136 4382; x_wconf 81' lang='lat' dir='ltr'><strong>BG,</strong></span> <span class='ocrx_word' id='word_1_438' title='bbox 1161 4313 1244 4369; x_wconf 83' lang='lat' dir='ltr'><strong>Strex</strong></span> <span class='ocrx_word' id='word_1_439' title='bbox 1267 4314 1296 4368; x_wconf 86' lang='lat' dir='ltr'><strong>et</strong></span> <span class='ocrx_word' id='word_1_440' title='bbox 1320 4307 1447 4386; x_wconf 80' lang='lat' dir='ltr'><strong>stringiis</strong></span> 
     </span>
     <span class='ocr_line' id='line_1_44' title="bbox 113 4393 1448 4472; baseline -0.003 -17"><span class='ocrx_word' id='word_1_441' title='bbox 113 4415 172 4455; x_wconf 92' lang='lat' dir='ltr'><strong>uon</strong></span> <span class='ocrx_word' id='word_1_442' title='bbox 191 4399 330 4472; x_wconf 73' lang='lat' dir='ltr'><strong>stringite</strong></span> <span class='ocrx_word' id='word_1_443' title='bbox 350 4398 447 4470; x_wconf 84' lang='lat' dir='ltr'><strong>Striga</strong></span> <span class='ocrx_word' id='word_1_444' title='bbox 469 4397 499 4453; x_wconf 94' lang='lat' dir='ltr'><strong>in</strong></span> <span class='ocrx_word' id='word_1_445' title='bbox 522 4399 619 4452; x_wconf 89' lang='lat' dir='ltr'><strong>turma</strong></span> <span class='ocrx_word' id='word_1_446' title='bbox 637 4394 687 4450; x_wconf 90' lang='lat' dir='ltr'><strong>nbi</strong></span> <span class='ocrx_word' id='word_1_447' title='bbox 710 4394 776 4464; x_wconf 91' lang='lat' dir='ltr'><strong>eqni</strong></span> <span class='ocrx_word' id='word_1_448' title='bbox 800 4393 1009 4469; x_wconf 82' lang='lat' dir='ltr'><strong>distringantur</strong></span> <span class='ocrx_word' id='word_1_449' title='bbox 1026 4399 1156 4466; x_wconf 67' lang='lat' dir='ltr'><strong>ncepta</strong></span> <span class='ocrx_word' id='word_1_450' title='bbox 1175 4393 1266 4450; x_wconf 71' lang='lat' dir='ltr'><strong>Most.</strong></span> <span class='ocrx_word' id='word_1_451' title='bbox 1287 4396 1396 4451; x_wconf 64' lang='lat' dir='ltr'><strong>currat</strong></span> <span class='ocrx_word' id='word_1_452' title='bbox 1414 4412 1448 4451; x_wconf 77' lang='lat' dir='ltr'><strong>ec</strong></span> 
     </span>
     <span class='ocr_line' id='line_1_45' title="bbox 115 4476 1448 4551; baseline -0.003 -15"><span class='ocrx_word' id='word_1_453' title='bbox 115 4479 246 4536; x_wconf 79' lang='lat' dir='ltr'><strong>Gburier&#39;o</strong></span> <span class='ocrx_word' id='word_1_454' title='bbox 260 4497 292 4551; x_wconf 84' lang='lat' dir='ltr'><strong>p.</strong></span> <span class='ocrx_word' id='word_1_455' title='bbox 311 4485 377 4549; x_wconf 80' lang='lat'><strong>109,</strong></span> <span class='ocrx_word' id='word_1_456' title='bbox 395 4483 432 4536; x_wconf 75' lang='lat'><strong>14</strong></span> <span class='ocrx_word' id='word_1_457' title='bbox 542 4481 575 4533; x_wconf 79' lang='grc'><strong>13</strong></span> <span class='ocrx_word' id='word_1_458' title='bbox 596 4478 713 4533; x_wconf 77' lang='grc'><strong><em>0101111</em></strong></span> <span class='ocrx_word' id='word_1_459' title='bbox 730 4491 788 4532; x_wconf 90' lang='lat' dir='ltr'><strong>non</strong></span> <span class='ocrx_word' id='word_1_460' title='bbox 806 4479 949 4534; x_wconf 84' lang='lat' dir='ltr'><strong>sternatat</strong></span> <span class='ocrx_word' id='word_1_461' title='bbox 967 4477 1007 4532; x_wconf 91' lang='lat' dir='ltr'><strong><em>M</em></strong></span> <span class='ocrx_word' id='word_1_462' title='bbox 1021 4477 1162 4532; x_wconf 82' lang='lat' dir='ltr'><strong>aternniat</strong></span> <span class='ocrx_word' id='word_1_463' title='bbox 1180 4493 1235 4532; x_wconf 91' lang='lat' dir='ltr'><strong>uon</strong></span> <span class='ocrx_word' id='word_1_464' title='bbox 1256 4477 1401 4532; x_wconf 85' lang='lat' dir='ltr'><strong>sturnntat</strong></span> <span class='ocrx_word' id='word_1_465' title='bbox 1419 4476 1448 4532; x_wconf 93' lang='grc' dir='ltr'><strong><em>Β</em></strong></span> 
     </span>
     <span class='ocr_line' id='line_1_46' title="bbox 114 4557 1448 4629; baseline -0.004 -11"><span class='ocrx_word' id='word_1_466' title='bbox 114 4563 243 4619; x_wconf 86' lang='lat' dir='ltr'><strong>sternuat</strong></span> <span class='ocrx_word' id='word_1_467' title='bbox 260 4577 318 4618; x_wconf 90' lang='lat' dir='ltr'><strong>non</strong></span> <span class='ocrx_word' id='word_1_468' title='bbox 336 4562 479 4618; x_wconf 84' lang='lat' dir='ltr'><strong>aternntat</strong></span> <span class='ocrx_word' id='word_1_469' title='bbox 499 4557 682 4616; x_wconf 81' lang='lat' dir='ltr'><strong>Osterautat</strong></span> <span class='ocrx_word' id='word_1_470' title='bbox 698 4576 756 4615; x_wconf 91' lang='lat' dir='ltr'><strong>uon</strong></span> <span class='ocrx_word' id='word_1_471' title='bbox 770 4561 900 4616; x_wconf 88' lang='lat' dir='ltr'><strong>sternuat</strong></span> <span class='ocrx_word' id='word_1_472' title='bbox 918 4575 945 4629; x_wconf 88' lang='grc'><strong>0,</strong></span> <span class='ocrx_word' id='word_1_473' title='bbox 965 4559 1069 4615; x_wconf 84' lang='lat' dir='ltr'><strong>stertat</strong></span> <span class='ocrx_word' id='word_1_474' title='bbox 1087 4573 1144 4614; x_wconf 91' lang='lat' dir='ltr'><strong>non</strong></span> <span class='ocrx_word' id='word_1_475' title='bbox 1158 4559 1302 4614; x_wconf 82' lang='lat' dir='ltr'><strong>sternutat</strong></span> <span class='ocrx_word' id='word_1_476' title='bbox 1319 4563 1448 4628; x_wconf 66' lang='lat' dir='ltr'><strong>exempta</strong></span> 
     </span>
     <span class='ocr_line' id='line_1_47' title="bbox 114 4637 1448 4714; baseline -0.001 -15"><span class='ocrx_word' id='word_1_477' title='bbox 114 4642 206 4702; x_wconf 81' lang='lat' dir='ltr'><strong>Mont.</strong></span> <span class='ocrx_word' id='word_1_478' title='bbox 280 4641 329 4699; x_wconf 87' lang='lat' dir='ltr'><strong>bic</strong></span> <span class='ocrx_word' id='word_1_479' title='bbox 344 4647 410 4714; x_wconf 86' lang='lat' dir='ltr'><strong>post</strong></span> <span class='ocrx_word' id='word_1_480' title='bbox 428 4641 560 4698; x_wconf 78' lang='lat' dir='ltr'><strong>atimnlm</strong></span> <span class='ocrx_word' id='word_1_481' title='bbox 577 4655 629 4698; x_wconf 84' lang='lat' dir='ltr'><strong>om.</strong></span> <span class='ocrx_word' id='word_1_482' title='bbox 650 4638 675 4694; x_wconf 86' lang='lat' dir='ltr'><strong><em>G</em></strong></span> <span class='ocrx_word' id='word_1_483' title='bbox 746 4637 873 4697; x_wconf 84' lang='lat' dir='ltr'><strong>Saccilus</strong></span> <span class='ocrx_word' id='word_1_484' title='bbox 892 4657 987 4698; x_wconf 86' lang='lat' dir='ltr'><strong>secam</strong></span> <span class='ocrx_word' id='word_1_485' title='bbox 1006 4639 1122 4712; x_wconf 82' lang='lat' dir='ltr'><strong>sanguia</strong></span> <span class='ocrx_word' id='word_1_486' title='bbox 1141 4639 1239 4697; x_wconf 88' lang='lat' dir='ltr'><strong>seoilio</strong></span> <span class='ocrx_word' id='word_1_487' title='bbox 1258 4639 1405 4696; x_wconf 80' lang='lat' dir='ltr'><strong>subfundit</strong></span> <span class='ocrx_word' id='word_1_488' title='bbox 1419 4641 1448 4698; x_wconf 91' lang='grc' dir='ltr'><strong><em>Β</em></strong></span> 
     </span>
    </p>
   </div>
   <div class='ocr_carea' id='block_1_5' title="bbox 115 4734 1447 4938">
    <p class='ocr_par' dir='ltr' id='par_1_5' title="bbox 115 4734 1447 4938">
     <span class='ocr_line' id='line_1_48' title="bbox 116 4734 1447 4858; baseline 0 -14"><span class='ocrx_word' id='word_1_489' title='bbox 116 4734 235 4844; x_wconf 65' lang='grc'><strong><em>81001111</em></strong></span> <span class='ocrx_word' id='word_1_490' title='bbox 252 4803 349 4844; x_wconf 84' lang='lat' dir='ltr'><strong>secam</strong></span> <span class='ocrx_word' id='word_1_491' title='bbox 368 4785 484 4858; x_wconf 85' lang='lat' dir='ltr'><strong>sanguis</strong></span> <span class='ocrx_word' id='word_1_492' title='bbox 504 4782 602 4841; x_wconf 82' lang='lat' dir='ltr'><strong>resilio</strong></span> <span class='ocrx_word' id='word_1_493' title='bbox 624 4781 762 4840; x_wconf 79' lang='lat' dir='ltr'><strong>euffrmdit</strong></span> <span class='ocrx_word' id='word_1_494' title='bbox 781 4783 806 4840; x_wconf 80' lang='lat' dir='ltr'><strong><em>G</em></strong></span> <span class='ocrx_word' id='word_1_495' title='bbox 826 4784 949 4842; x_wconf 89' lang='lat' dir='ltr'><strong>snccilua</strong></span> <span class='ocrx_word' id='word_1_496' title='bbox 972 4800 1053 4842; x_wconf 87' lang='lat' dir='ltr'><strong>aecus</strong></span> <span class='ocrx_word' id='word_1_497' title='bbox 1076 4782 1191 4857; x_wconf 85' lang='lat' dir='ltr'><strong>sanguis</strong></span> <span class='ocrx_word' id='word_1_498' title='bbox 1214 4783 1387 4842; x_wconf 84' lang='lat' dir='ltr'><strong>suffunditur</strong></span> <span class='ocrx_word' id='word_1_499' title='bbox 1405 4786 1447 4845; x_wconf 90' lang='lat' dir='ltr'><strong>M.</strong></span> 
     </span>
     <span class='ocr_line' id='line_1_49' title="bbox 115 4867 398 4938; baseline -0.014 -13"><span class='ocrx_word' id='word_1_500' title='bbox 115 4870 232 4938; x_wconf 70' lang='lat' dir='ltr'><strong>sanuses</strong></span> <span class='ocrx_word' id='word_1_501' title='bbox 250 4867 398 4926; x_wconf 76' lang='lat' dir='ltr'><strong>caecilium</strong></span> 
     </span>
    </p>
   </div>
   <div class='ocr_carea' id='block_1_6' title="bbox 0 0 1824 5482">
    <p class='ocr_par' dir='ltr' id='par_1_6' title="bbox 0 0 1824 5482">
     <span class='ocr_line' id='line_1_50' title="bbox 0 0 1824 5482; baseline 0 0"><span class='ocrx_word' id='word_1_502' title='bbox 0 0 1824 5482; x_wconf 95' lang='lat' dir='ltr'><strong> </strong></span> 
     </span>
    </p>
   </div>
  </div>
 </body>
</html>
