3604 5486
529 269 821 362 FRAGMENTA
848 269 1047 330 adamnati
1409 273 1476 342 543

142 385 167 425 μ
182 374 293 417 ιιι-ιιι
304 374 333 416 u.

143 459 278 525 volueris
301 460 402 523 iacere
425 461 642 524 nominativum
665 459 863 543 singularem,
886 461 946 524 erit
968 458 1019 524 bic
1043 459 1171 534 Quiritis
1191 464 1245 538 (it.
1263 463 1310 540 3).
1351 461 1396 526 tn
1419 461 1476 527 bac

144 551 234 616 lauru
258 569 319 614 non
342 549 486 632 dicimus,
509 551 562 614 sed
586 550 624 614 ab
647 551 703 614 hac
722 552 807 616 lauro
832 550 979 627 6619).
1018 549 1216 618 'tesserarum
1240 557 1313 636 aput
1335 555 1476 636 antiquos

143 652 234 706 erant
256 643 337 704 varia
359 643 495 723 nomina,
524 641 667 727 vulturis,
695 643 838 726 caniculi,
867 640 1007 726 Venena,
1038 643 1091 706 sed
1115 651 1216 708 tamen
1239 643 1366 708 Veneris
1389 656 1477 709 erant

142 735 276 816 optimae
299 734 353 806 (to.
377 732 445 808 25).
543 729 546 736 '

110 839 126 882 ι
235 821 400 886 Canusium
428 820 572 904 oppidum
600 830 648 886 est
675 823 799 907 Apuliae
827 825 909 899 (luo.
937 831 996 886 sot.
1021 821 1144 901 6466).
1189 823 1336 890 Berenice
1364 845 1475 891 nomen

143 915 261 978 sororis
289 923 337 976 est
366 911 545 995 Ptolemaei,
573 929 665 994 quam
693 917 802 978 amavit
833 924 865 978 et
893 912 976 978 dedit
999 915 1029 978 ei
1056 918 1203 998 optimum
1232 916 1376 980 annulum
1405 936 1474 982 cum

142 1023 261 1088 gemma
280 1006 428 1087 pretiosa:
451 1003 560 1066 exinde
579 1005 729 1085 pretiosae
749 1023 883 1088 gemmae
902 1005 1048 1068 Bernices
1067 1005 1294 1089 appellabantur
1313 1010 1367 1085 (ib.
1387 1010 1474 1083 165).

235 1093 295 1158 Cea
312 1093 411 1158 incida
430 1102 478 1158 est
497 1095 594 1178 patria
614 1093 791 1180 Slmonidis,
815 1098 869 1178 qui
888 1097 1046 1160 neniarum
1064 1104 1198 1161 metrum
1215 1100 1332 1179 primus
1351 1101 1475 1180 scripsit

142 1187 235 1262 (Hor.
257 1205 284 1250 c.
309 1184 465 1263 11138).
509 1185 648 1249 Perfidus
672 1196 720 1248 cst
742 1189 796 1268 qui
818 1185 908 1250 tidem
934 1187 1045 1270 irangit
1067 1185 1262 1272 aliquotiens,
1293 1188 1475 1272 perfidiosus

96 1293 126 1332 ιο
142 1280 196 1360 qui
220 1279 344 1341 omnino
367 1285 452 1341 caret
474 1275 542 1340 lide.
589 1276 675 1358 Apud
704 1279 845 1358 antiquos
873 1295 1020 1340 numerus
1049 1279 1126 1342 ritae
1150 1277 1269 1343 dierum
1292 1289 1323 1342 et
1346 1281 1474 1363 qualitas

142 1367 375 1452 numerabatur,
403 1377 434 1432 et
460 1365 533 1430 boni
556 1367 622 1430 dies
646 1365 721 1430 albis
745 1367 868 1431 calculis
897 1366 1108 1452 signabantur,
1134 1368 1205 1432 mall
1233 1371 1337 1452 nigris
1383 1374 1474 1436 etiam

143 1469 214 1542 post
233 1469 362 1523 mortem
365 1418 383 1544 Ι
398 1457 632 1541 proterebantur
652 1467 683 1520 ct
702 1457 954 1541 numerabantur,
978 1468 1009 1521 et
1032 1458 1070 1522 da
1092 1455 1183 1522 bonis
1206 1458 1363 1524 dicebatur
1387 1456 1474 1526 ‘vixit

142 1549 210 1614 dies
238 1545 304 1634 tot',
332 1549 369 1613 dc
399 1549 484 1613 malis
513 1545 644 1613 durarit
671 1549 737 1611 dies
765 1543 830 1612 tot'.
877 1547 951 1611 baec
979 1557 1045 1612 erat
1072 1550 1262 1614 consuetudo
1290 1552 1388 1626 (Hor.
1404 1571 1432 1618 o.
1456 1554 1477 1617 1

141 1641 267 1718 36,10).
315 1639 460 1716 Dedecet,
483 1639 633 1703 deiormat
657 1639 746 1715 (Hor.
771 1659 798 1703 c.
822 1639 906 1702 138
905 1640 964 1716 ,.7)

98 1746 127 1788 ιι
235 1729 384 1814 Gryphcs,
412 1729 550 1794 animalia
581 1730 764 1812 quaedam
755 1748 787 1792 ιιι
815 1728 1013 1814 hyperboreis
1042 1730 1197 1796 montibns
1223 1733 1313 1816 ,omni
1345 1751 1473 1816 corpore

141 1821 248 1886 leones
275 1830 396 1904 praeter
419 1839 468 1906 os,
491 1820 572 1903 quod
596 1819 710 1884 babent
736 1820 854 1903 aquilae
877 1823 941 1884 sive
970 1823 1136 1907 accipitris,
1165 1832 1196 1886 et
1223 1821 1304 1905 quod
1332 1825 1472 1906 pinnatae

142 1921 215 1976 sunt
239 1912 349 1991 (Ver-g.
373 1915 442 1976 buc.
464 1912 565 2020 827).

234 2001 353 2066 Cannae
373 2002 495 2086 Apuliae
516 2005 600 2065 ricus
619 2010 666 2088 est
685 2003 775 2077 (Luc.
796 2005 907 2066 Pinara
928 2003 968 2067 ΙΙ
978 2004 1048 2080 46).
1076 2002 1257 2069 Proiectum
1263 2006 1473 2091 ,merccdenn

142 2097 277 2159 iructum
299 2094 441 2158 Lucanus
465 2095 519 2170 (ib.
546 2095 607 2170 66)
632 2089 785 2175 dioit†
792 2101 918 2158 tanton
941 2089 1181 2178 provectum'.
1231 2095 1287 2159 Vix
1310 2099 1400 2182 tanti,
1423 2101 1473 2162 rix

97 2201 126 2240 ιιι
143 2184 232 2270 utile,
254 2184 395 2248 Lucanus
419 2187 473 2258 (ib.
499 2185 558 2259 62)
581 2185 663 2248 dicit

234 2274 344 2358 Cyrna,
373 2275 495 2340 Corsica
524 2275 635 2354 (Vero.
664 2278 732 2338 buc.
762 2275 862 2354 9,.30)
913 2276 1012 2339 Amor
1038 2285 1128 2359 poeta
1156 2277 1228 2360 luit,
1261 2279 1313 2359 qui
1341 2279 1472 2343 Antonio

141 2365 246 2431 laudes
270 2365 496 2441 scribebant.
515 2368 585 2444 36).
627 2360 806 2430 ‘studeam
825 2360 998 2430 scribsisse'
1022 2385 1110 2430 nemo
1129 2367 1217 2450 dicit,
1241 2367 1340 2432 sedsi
1359 2367 1471 2434 valeam

142 2456 293 2574 scribere,
320 2467 352 2522 et
378 2461 544 2523 meminere
573 2477 633 2521 non
663 2459 837 2522 meminisse
865 2460 919 2532 (ib.
943 2458 1010 2536 38).
1057 2457 1172 2543 insani,
1198 2462 1301 2542 magni
1323 2462 1378 2536 (ib.
1403 2462 1471 2540 43),
1528 2477 1531 2482 ·

141 2541 255 2614 siout
262 2551 424 2613 insanam
448 2544 580 2614 ratem'
605 2549 718 2628 (Vero.
742 2551 779 2612 Α.
803 2549 973 2625 111443).

98 2658 127 2700 ιι
233 2637 422 2723 Depositum,
455 2639 738 2704 conmendationem
765 2637 905 2703 Lucanus
933 2641 1060 2715 (Phora.
1088 2641 1129 2703 11
1155 2640 1214 2715 72)
1245 2636 1470 2723 depositum

142 2725 315 2794 iortuna’.
362 2729 522 2812 Legibus
545 2733 637 2814 aovi,
660 2731 743 2794 fatali
766 2733 883 2794 mtione
907 2729 1047 2794 Lucanus
1071 2732 1126 2807 (ib.
1148 2730 1216 2805 82).

231 2818 337 2885 Latine
366 2821 502 2900 Camilla,
529 2841 637 2904 graece
666 2817 855 2905 σύμμυστις
882 2822 994 2900 (Verg.
1022 2823 1090 2886 boc.
1117 2822 1222 2900 8,77).
1273 2823 1472 2890 Αιιιιιιιιιιιιι

140 2911 265 2994 pluralis
283 2914 315 2975 ιιι
335 2931 368 2975 ns
386 2915 490 2977 exiens
509 2931 630 2996 semper
648 2911 757 2995 longus
776 2919 837 2975 est:
854 2911 1015 2994 verbenas,
1034 2929 1135 2976 rorem
1153 2915 1305 2977 marinum
1325 2917 1379 2990 (ab.
1401 2917 1469 2993 66).

141 3001 280 3087 Pelloxit,
304 3005 445 3067 evocarit
491 3003 576 3067 Inter
598 3003 723 3068 undum
746 3011 780 3066 et
801 3002 937 3066 umidum
962 3003 1019 3066 hoc
1042 3005 1185 3068 interest:
1214 3005 1323 3068 uvidus
1345 3016 1393 3070 est
1416 3011 1470 3090 qrri

98 3111 126 3154 ao
140 3051 325 3158 intrinseltus
348 3093 439 3159 babet
462 3114 599 3179 umores,
621 3095 744 3171 umidus
767 3095 821 3176 qui
843 3111 861 3156 a
885 3095 973 3176 ioris,
1005 3093 1085 3156 unde
1119 3096 1208 3158 etiam
1237 3113 1295 3158 ura
1324 3097 1403 3161 dicta
1432 3098 1469 3162 ab

141 3202 191 3268 eo,
219 3184 300 3267 quod
329 3187 514 3250 intrinsecus
541 3185 651 3249 babeat
673 3202 811 3249 umorem
835 3186 927 3250 musti
950 3185 1063 3262 (Vero.
1087 3187 1155 3249 buc
1180 3186 1303 3262 1020).
1349 3186 1469 3274 Bianor,

140 3292 231 3358 quem
255 3275 329 3340 dicit
351 3273 533 3359 Vergilius'
525 3296 556 3341 ιιι
580 3276 727 3340 bucolicis
750 3275 794 3352 (9
798 3276 873 3352 66)
898 3270 1050 3357 incipit
1071 3293 1248 3358 apparere
1272 3275 1470 3363 Bianorls',

140 3364 244 3429 Ocnus
267 3365 438 3431 dicebatur.
465 3367 515 3430 bic
539 3370 619 3430 enim
643 3376 691 3430 est
718 3369 771 3448 qui
798 3365 934 3429 condidit
955 3365 1115 3430 Mantuam.
1163 3366 1266 3430 Gallus
1293 3378 1383 3451 poeta
1411 3371 1470 3435 iuit

140 3459 286 3539 optimus.
317 3458 368 3521 ltin
400 3461 575 3541 imperatori
605 3477 706 3522 comes
739 3459 797 3520 luit
823 3457 964 3540 Aegypti,
996 3465 1100 3538 postea
1133 3461 1242 3521 amavit
1274 3463 1468 3525 meretricem

97 3565 126 3607 aa
140 3547 289 3629 quandam
313 3550 435 3613 nomine
459 3549 666 3632 Cytheridem,
695 3566 785 3630 quam
805 3543 958 3629 Vergilius
981 3545 1128 3630 Lycorida
1155 3546 1243 3613 dicit:
1270 3548 1348 3614 itanc
1376 3554 1467 3616 etiam

140 3638 214 3702 dicit
236 3637 387 3703 Volumnii
410 3639 567 3704 ctdusdam
591 3638 729 3703 libertam
754 3639 864 3717 (Verg.
889 3641 957 3701 too.
981 3640 1049 3713 16).
1074 3631 1079 3722 Ι

230 3727 337 3794 Omnia
360 3741 482 3814 parent,
504 3733 536 3794 in
560 3729 700 3794 omnibus
724 3731 820 3810 ligura
843 3738 949 3792 tumet.
992 3728 1128 3793 incultus
1151 3718 1352 3808 ιἰιιολιτικός.
1394 3731 1467 3796 Pro·

139 3821 232 3903 lecto,
256 3823 322 3883 sine
346 3820 446 3884 dubio.
493 3821 654 3885 Aemilium
677 3820 796 3902 ludum,
820 3819 919 3883 locum
943 3821 1017 3883 dicit
1041 3821 1131 3894 (Hor.
1155 3840 1184 3884 o.
1204 3841 1237 3900 p.
1255 3821 1322 3897 32).
1370 3821 1467 3908 Hune,

140 3910 210 3974 buic
238 3911 366 3975 similem
391 3915 445 3987 (ib.
469 3914 536 3988 35).
583 3912 698 3994 Ventis,
727 3919 868 3974 uenustas
898 3913 952 3985 (ib.
979 3912 1045 3986 42).
1093 3910 1257 3995 Cinctutis,
1284 3913 1467 3978 militaribus

97 4019 125 4062 ιι
139 4003 193 4077 (ab.
216 4001 287 4079 36).

228 4261 393 4318 tiuoltures
416 4277 487 4317 corr.
510 4259 632 4318 uulturio
650 4261 679 4316 Β
761 4257 943 4333 tBerenioo]
967 4276 1125 4331 uenenyoes
1143 4261 1171 4316 Β
1254 4259 1420 4332 tbernytis
1438 4261 1467 4318 Β

194 4343 356 4400 timelio
380 4341 472 4399 malm
493 4341 522 4398 Β
606 4349 639 4398 13
659 4343 833 4399 consuetodo
856 4359 872 4400 o
898 4345 1032 4399 consueto
1050 4341 1079 4398 Β
1167 4351 1201 4400 tt
1220 4342 1396 4400 deformato
1419 4343 1466 4402 de-

137 4426 242 4485 formet
259 4426 287 4481 Β
363 4431 395 4480 tt
415 4442 517 4496 grypes
535 4425 563 4480 Β
637 4431 670 4482 13
689 4425 837 4496 pinnatam
856 4441 926 4482 corr.
946 4423 1087 4496 primaten
1104 4424 1134 4481 Β
1209 4423 1375 4498 litlanton]
1395 4423 1466 4482 Iaso.

139 4507 243 4566 Pbon.
262 4507 307 4562 II
323 4511 361 4564 60
379 4508 498 4563 uonna
520 4522 657 4562 novorum
676 4506 819 4563 Proventu
842 4506 980 4563 scelernm
1000 4508 1155 4576 quaerunt,
1179 4508 1245 4562 nter
1262 4505 1385 4576 imperet
1402 4505 1465 4563 urbi

210 4595 246 4646 33
265 4587 309 4662 as]
328 4588 382 4644 has
400 4586 429 4642 Β
512 4604 650 4644 uerneons
669 4588 697 4642 Β
769 4593 804 4644 29
824 4586 954 4661 pellexit]
974 4585 1050 4642 Sero.
1070 4587 1102 4641 in
1127 4584 1207 4656 Verg.
1226 4585 1286 4643 baec.
1306 4591 1372 4654 839
1391 4587 1466 4645 unde

138 4669 226 4726 estin
239 4669 292 4726 XII
305 4668 413 4726 tabulis
429 4669 513 4725 ‘neve
532 4669 654 4726 alienam
674 4671 801 4741 segetem
818 4669 982 4741 pellexeris'
1057 4667 1190 4724 enecabit
1207 4665 1237 4722 Β
1310 4674 1345 4724 30
1359 4665 1466 4727 intren-

138 4755 357 4828 omoeoque
375 4749 434 4807 loco
452 4749 480 4804 Β
556 4748 667 4807 olores
685 4749 714 4805 Β
792 4758 825 4808 31
846 4751 992 4808 ιιιιιιιοιΒ
1066 4755 1100 4806 at
1120 4747 1230 4806 ιιιιιιιοιι
1248 4747 1277 4803 Β
1363 4755 1400 4806 tt
1418 4749 1465 4806 hio

137 4830 302 4904 imperatori
320 4849 337 4888 o
355 4831 400 4890 bis
417 4831 588 4904 imperatore
606 4830 635 4886 Β
709 4835 744 4887 36
757 4831 909 4910 ,ογιιιειιιιι
926 4831 956 4888 Β
1028 4837 1063 4890 33
1083 4831 1192 4889 uolnmi
1210 4831 1239 4888 Β
