3604 5486
355 321 422 390 522
804 321 992 398 [coritium
1020 321 1248 397 PRONTONIS]

354 437 378 477 e.
392 427 455 468 rrae
470 427 526 468 arsa
537 425 563 468 a.

446 511 531 576 Persi
555 520 586 575 et
608 513 741 594 peperci.
788 516 871 596 parsi
893 511 1002 596 semel,
1025 513 1150 596 peperci
1173 513 1302 594 saepius.

446 621 553 686 Dicere
573 630 604 684 et
623 620 706 702 loqrrl
725 631 756 684 et
775 639 907 686 narrare.
951 619 1081 684 dicimus
1101 620 1181 703 quod
1202 620 1354 705 velumus,
1377 620 1530 704 loquimur
1549 623 1688 703 invicem,

356 747 515 794 narramus
539 729 621 812 qrred
644 731 810 812 ignoratur.

445 837 553 904 Vultus
576 849 607 902 et
629 857 673 902 es.
720 838 821 904 vultus
845 841 967 922 proprie
992 838 1137 921 heminis,
1160 857 1196 902 es
1219 837 1390 922 emulum!

445 949 625 1013 Memoriose
640 957 671 1012 et
685 951 870 1013 memoriter.
908 949 1109 1012 memoriosus
1128 947 1220 1012 habet
1239 947 1275 1011 ad
1294 957 1476 1012 vetustatem
1496 947 1686 1010 referendam
1714 963 1726 1003 ι

354 1061 545 1142 memoriam,
568 1076 686 1122 memor
708 1057 849 1122 benellcli
873 1059 1049 1122 memoriam
1073 1057 1120 1120 vel
1142 1059 1271 1121 iniuriae
1295 1059 1400 1120 reiert.
1446 1059 1487 1120 ita
1506 1061 1686 1120 memetipse

355 1171 407 1250 qui
441 1168 525 1251 lacit,
558 1167 692 1230 ostendit
723 1169 755 1230 lu
785 1169 867 1231 omni
896 1185 930 1228 re
959 1175 1084 1230 naturae
1119 1164 1247 1250 benum,
1279 1167 1456 1230 memoriter
1488 1175 1609 1248 gratum
1641 1165 1687 1227 rei

355 1277 464 1340 iortem
493 1295 530 1338 ex
559 1295 595 1338 eo
623 1275 770 1359 ostendit,
799 1275 880 1358 quod
908 1285 961 1339 aut
989 1274 1133 1338 retribuit
1156 1275 1337 1340 beneficium
1361 1284 1446 1357 prae
1469 1285 1522 1339 aut
1545 1277 1686 1339 iniuriam

355 1385 487 1448 vindicat
509 1385 639 1449 lertiter.

445 1492 595 1560 Ordinare
620 1504 651 1558 et
673 1493 844 1576 disponere.
892 1493 1042 1557 ordinatio
1066 1493 1193 1576 simplex
1218 1503 1278 1576 est,
1301 1493 1460 1576 dispositio
1484 1511 1565 1575 vaga.
1701 1509 1725 1549 re

447 1603 675 1668 consideratius
699 1613 729 1665 et
754 1602 1006 1667 considerantius.
1045 1602 1266 1666 consideratius
1289 1601 1501 1683 praeverbium
1520 1621 1557 1664 ex
1576 1621 1686 1683 cogne-

355 1715 453 1798 mine,
476 1712 718 1802 considerantius
742 1731 779 1774 ex
802 1713 970 1795 participio.

419 1806 421 1810 ¹
445 1821 621 1886 Dedicatum
646 1828 677 1884 et
700 1829 919 1884 consecratum.
956 1819 1115 1884 dedicatur
1133 1819 1204 1902 dee,
1227 1829 1425 1883 consecratur
1444 1822 1531 1902 quasi
1549 1829 1688 1882 sanctum

355 1933 564 2015 constituitur,
587 1929 645 1993 hee
669 1939 717 1994 est
739 1929 896 1993 dedicatur
920 1929 991 2012 deo,
1015 1940 1212 1994 censematur
1235 1929 1316 2012 quod
1339 1929 1501 2012 preianum
1524 1930 1572 1992 sit

446 2040 602 2115 Quatenus
625 2047 657 2102 et
681 2041 832 2121 quatinus
878 2049 1029 2121 quatenus
1054 2056 1113 2121 qua
1136 2039 1194 2101 line
1200 2086 1210 2122 ,
1234 2041 1376 2120 quatinus
1400 2041 1550 2121 queniam.
1703 2053 1727 2093 1⁵

446 2147 636 2212 Voluntatem
655 2157 686 2210 et
704 2147 897 2229 voluptatem.
943 2145 1082 2211 voluntas
1106 2147 1185 2211 iacto
1203 2146 1327 2231 gaudet,
1350 2148 1488 2230 voluptas
1508 2149 1573 2211 lieri
1594 2151 1687 2229 cupit.

445 2257 648 2320 [levissimum
672 2265 704 2320 et
728 2254 875 2318 ultimum.
922 2257 1120 2319 novissimum
1144 2255 1273 2340 ordinis,
1298 2255 1439 2320 ultimum
1463 2256 1555 2322 orbis.
1738 2241 1740 2246 ¹

445 2364 564 2429 Furtim
587 2375 618 2428 et
641 2365 786 2428 iuraelter
816 2375 847 2426 et
876 2364 995 2427 furtive.
1043 2365 1147 2428 lurtim
1176 2382 1247 2428 aum
1274 2365 1394 2448 incipit,
1427 2365 1574 2430 feraciter
1601 2368 1687 2447 quasi

354 2476 515 2539 artificiose
545 2494 562 2538 a
590 2473 810 2537 cousuetudine
838 2471 1003 2550 incolendi,
1037 2473 1146 2537 iurtire
1173 2470 1198 2552 †
1227 2476 1287 2536 iam
1315 2474 1395 2556 qued
1426 2473 1567 2536 ablatum.
1615 2493 1686 2554 erge

355 2585 461 2648 furtim
485 2585 630 2648 luraeiter
654 2583 741 2646 lurar
765 2580 875 2642 iurtlve
899 2579 985 2643 loces
1009 2581 1089 2644 ia'eit.
1700 2596 1727 2636 ae

446 2693 542 2758 imum
575 2703 606 2755 et
638 2691 782 2755 intimum.
835 2691 929 2752 imum
963 2707 1081 2754 summe
1114 2690 1292 2774 respondet,
1324 2692 1461 2754 infimum
1494 2690 1576 2754 velut
1610 2690 1685 2754 inlra

355 2804 490 2867 humum.

446 2910 643 2974 Commodare
668 2918 699 2973 et
721 2907 958 2993 accommodare.
1006 2907 1176 2970 commodat
1205 2916 1340 2970 mutuam
1367 2909 1541 2991 pecuniam,
1570 2926 1698 2970 aecem.

356 3019 456 3083 medat
479 3029 569 3103 aptat.

446 3127 646 3210 Splenderem
670 3137 700 3189 et
724 3125 881 3208 fulgerem.
929 3125 1024 3207 fulget
1047 3135 1168 3209 natura,
1197 3135 1232 3188 ut
1255 3127 1334 3206 ignis
1356 3125 1416 3208 sol,
1444 3124 1584 3206 splendet
1608 3135 1684 3202 erte,
1698 3139 1726 3180 aa

355 3246 390 3300 ut
412 3255 521 3300 aureum
544 3245 711 3318 argentum.

445 3345 556 3408 llereri
584 3355 615 3408 et
644 3361 771 3407 merere.
818 3352 915 3405 rueret
947 3344 1094 3425 pretium,
1127 3353 1263 3406 meretur
1294 3345 1430 3424 gratiam.
1477 3344 1578 3424 ltaque
1613 3340 1685 3406 illud

356 3453 515 3536 vectigale,
538 3453 596 3517 hec
620 3453 816 3516 honorarium
841 3460 896 3514 est.

447 3561 555 3624 Pedaia
579 3571 610 3624 et
633 3559 751 3643 pedale.
797 3558 903 3640 pedale
928 3577 1070 3621 mensura
1094 3568 1142 3622 est
1165 3559 1264 3642 pedis,
1292 3559 1401 3642 padule
1425 3578 1497 3622 rere
1521 3558 1578 3622 sub
1603 3560 1684 3642 pedi·

356 3670 412 3733 bus
437 3677 569 3752 praestat
593 3668 761 3732 utilitatem.
1698 3681 1725 3722 se

445 3783 596 3841 Araneum
621 3787 652 3840 et
675 3793 822 3840 araneam.
865 3793 1009 3837 araneum
1033 3775 1113 3856 quod
1140 3784 1254 3838 tentum
1279 3785 1340 3859 est,
1368 3795 1476 3841 aranea
1500 3796 1577 3859 quae
1602 3781 1684 3840 texit.

445 3887 624 3970 Opinionem
650 3896 681 3950 et
704 3906 858 3951 rumorem
883 3897 914 3949 et
938 3888 1054 3948 laruam.
1101 3889 1203 3968 opinio
1228 3886 1381 3950 hominem
1405 3898 1581 3970 suspectum
1605 3889 1704 3970 iacit.

369 4185 405 4239 ad
434 4107 472 4238 ὲ
481 4099 559 4155 inter
577 4098 654 4171 parsi
683 4103 711 4156 et
739 4099 854 4172 peperci
879 4141 885 4154 .
908 4096 986 4169 persi
1005 4096 1107 4166 semel,
1135 4098 1250 4170 peperci
1269 4101 1328 4156 iam
1353 4100 1442 4156 semel
1466 4116 1552 4171 quam
1571 4100 1683 4174 saepius

354 4199 369 4239 c
406 4227 412 4240 .
471 4187 528 4239 ont.

430 4402 442 4448 1
463 4389 543 4448 Persi
563 4393 592 4448 ei
610 4391 724 4461 peponi
741 4389 819 4462 parsi
838 4388 926 4444 semel
944 4389 1058 4458 peperci
1077 4389 1190 4458 saepius
1209 4390 1243 4445 N
1259 4413 1265 4446 ε
1285 4390 1401 4462 peperci
1418 4395 1536 4461 meque
1554 4389 1612 4446 loce
1630 4405 1648 4449 s·

354 4480 371 4530 i
391 4473 428 4530 ad
446 4475 620 4531 vetustatem
638 4470 828 4542 referendam]
849 4470 885 4526 ad
905 4469 984 4526 dieta
1001 4469 1135 4542 laetaque
1153 4471 1336 4533 Merendae
1408 4478 1425 4528 a
1446 4472 1522 4544 qued
1541 4473 1588 4529 uel
1602 4471 1681 4528 retri-

354 4556 418 4613 bair
437 4572 454 4615 ς
472 4599 480 4613 .
499 4557 532 4611 ta
549 4555 641 4611 codice
659 4561 755 4610 ιιιιιιιιι
773 4561 792 4610 a
809 4570 849 4610 aa
866 4557 886 4606 ir
904 4553 1039 4622 mptum
1057 4556 1124 4608 eard
1141 4569 1200 4610 aaa
1217 4559 1289 4611 certo
1308 4553 1463 4625 apparebat
1543 4559 1576 4609 10
1595 4553 1681 4625 vaga]

354 4637 434 4693 varia
452 4636 569 4694 meets
582 4636 776 4694 Battnanaus
850 4641 885 4690 tl
903 4634 1021 4702 formae
1039 4634 1188 4692 dedicatur
1202 4634 1256 4691 deo
1271 4634 1400 4692 debilem
1472 4635 1682 4706 prophanums

354 4718 474 4790 profane
492 4717 526 4774 N
606 4723 639 4774 15
659 4718 727 4790 line]
746 4717 809 4773 linis
827 4715 861 4772 N
877 4716 963 4775 linis
1048 4724 1080 4774 19
1099 4716 1177 4789 qnod
1195 4717 1254 4773 ἰιιιιι
1273 4715 1401 4772 abietum
1421 4713 1574 4773 Fabricius

354 4803 387 4852 21
409 4798 498 4870 velut]
517 4801 586 4859 uis
666 4805 701 4855 ie
720 4799 852 4870 splendet
870 4796 991 4854 artifieio
1010 4797 1166 4855 Fabries'rte
1244 4801 1306 4855 arie
1324 4814 1375 4854 ons.
1394 4795 1428 4852 N
1444 4813 1462 4856 s
1539 4802 1574 4853 28
1594 4797 1680 4855 hene·

353 4882 461 4938 urium
480 4881 649 4950 Fabricius,
667 4882 839 4938 honoratum
858 4879 891 4935 N
961 4884 997 4935 ia
1016 4879 1120 4951 padule
1140 4897 1207 4936 uero
1226 4879 1279 4935 sub
1298 4877 1475 4950 spadulae
1493 4877 1547 4935 sub
1564 4879 1600 4936 N
