3590 5486
334 364 398 432 196
881 359 1114 420 cessionotttt

326 477 341 518 p
364 467 419 510 sana
434 467 460 507 r.

327 554 397 634 qrria
421 568 451 613 m
474 549 576 614 littera
599 553 770 632 praeposita
794 553 977 634 scripturam
1001 552 1140 613 mumvit:
1164 548 1266 612 lerveo
1290 553 1395 634 etiam,
1424 552 1450 613 si
1474 552 1505 613 in
1529 557 1664 631 praeter·

327 661 370 722 ito
398 659 535 742 perlecto
565 661 639 722 iervi
667 660 752 741 iecit,
775 678 830 742 per
853 679 885 743 r,
913 662 963 722 oui
986 661 1077 722 etiarn
1101 677 1157 740 ego
1183 660 1276 740 magis
1300 658 1468 739 adsentior,
1496 660 1523 720 si
1555 655 1666 738 ferbui,

325 787 382 851 per
402 768 421 831 b
439 779 554 834 mutarn
574 768 739 832 scribetur:
759 770 799 832 ita
820 777 929 850 tamen,
948 769 974 831 si
993 770 1108 850 primae
1124 768 1345 849 coniugationis
1363 785 1398 829 ac
1418 767 1667 850 primaespeeiei

326 876 418 940 rerba
447 895 508 940 uon
538 877 659 941 luerint.
698 877 747 940 iila
775 879 855 942 onim
884 876 983 959 perh
1012 885 1127 941 mutem
1155 867 1351 958 scribentum·
1376 884 1409 938 nt
1432 873 1528 938 libero
1551 873 1666 936 liberas

327 985 465 1068 liberavi,
493 984 632 1068 guberno
656 985 808 1067 gubernas
832 983 1012 1068 gubernari,
1041 982 1174 1047 exubero
1198 983 1348 1048 exuberas
1371 982 1548 1064 exuberavi,
1576 981 1692 1045 sibilos

327 1093 430 1158 sibilas
460 1073 594 1178 sibilavi,
626 1091 732 1157 dubito
760 1093 880 1157 dubitas
909 1092 1056 1174 dubitavi,
1090 1091 1199 1155 hebeto
1227 1091 1353 1154 hebetas
1381 1090 1533 1174 hebetavi,
1566 1089 1666 1154 titubo

327 1201 441 1266 titubas
465 1202 605 1285 titubavi,
628 1201 730 1266 babilo
755 1200 872 1264 habitas
895 1199 1035 1263 habitavi
1072 1203 1266 1282 excipiuntur
1286 1202 1381 1263 invito
1400 1209 1431 1262 et
1454 1198 1558 1262 derivo
1582 1202 1665 1262 iuxta

320 1314 476 1376 rationem
496 1330 589 1394 quam
606 1313 749 1394 superius
765 1309 905 1390 diximus,
919 1326 1041 1371 omnam
1059 1309 1189 1390 primam
1204 1307 1366 1371 verborum
1382 1306 1524 1389 syllabam
1543 1319 1666 1390 praeter

228 1413 234 1422 ’
327 1419 402 1482 baec
426 1439 503 1502 qnae
527 1419 617 1502 paulo
641 1427 711 1482 ante
735 1419 961 1481 numeravimus
984 1435 1041 1499 per
1064 1435 1082 1478 v
1106 1415 1212 1497 scribi,
1242 1417 1384 1497 quoniam
1409 1418 1438 1479 in
1464 1426 1494 1479 et
1518 1415 1555 1478 de
1579 1434 1665 1498 prae·
1756 1497 1760 1500 -

328 1531 495 1612 positiones
519 1547 586 1592 esse
611 1546 700 1590 nemo
724 1526 850 1590 dubitat.
890 1528 996 1608 navigo
1016 1527 1097 1588 enim
1117 1533 1147 1586 et
1169 1531 1276 1586 acervo
1300 1517 1354 1587 tut
1377 1520 1440 1587 τοῦ
1465 1515 1607 1606 coeperim
1631 1542 1665 1586 ac
1682 1537 1706 1576 1⁰

329 1636 397 1700 talia
421 1639 451 1700 in
477 1639 599 1699 nomine
618 1635 697 1698 datis
721 1633 917 1697 subserviunt
940 1632 1062 1715 regulis.
1100 1641 1132 1696 et
1156 1632 1231 1696 baec
1250 1650 1372 1714 quoque
1392 1634 1510 1714 species
1534 1633 1565 1693 in
1589 1631 1666 1694 duas

327 1755 430 1828 partes
457 1745 609 1808 dividitur.
652 1763 721 1806 nsrn
750 1745 776 1806 si
804 1741 948 1824 disyllaba
976 1742 1104 1823 luerint,
1131 1742 1313 1822 scripturam
1338 1739 1512 1822 mutabunt,
1543 1749 1577 1803 ut
1601 1739 1666 1802 levo

327 1853 408 1918 levas
427 1853 535 1938 levavi,
558 1871 646 1914 servo
666 1871 768 1915 servas
787 1853 919 1933 serrari,
942 1869 1034 1913 curro
1055 1867 1163 1912 curvas
1182 1852 1318 1933 curvavi,
1342 1868 1419 1912 noro
1440 1867 1532 1911 noras
1552 1852 1666 1932 nor-ari,

328 1982 384 2025 ovo
408 1981 479 2026 oras
503 1963 601 2046 oravi,
625 1970 752 2045 excepto
776 1959 861 2024 orbo.
900 1977 968 2022 nsm
997 1957 1088 2021 turbo
1112 1976 1129 2020 a
1152 1957 1241 2020 turba
1266 1960 1387 2022 nomine
1411 1957 1600 2022 descendens
1629 1958 1666 2020 ba

421 2162 435 2211 t
455 2173 542 2228 quem
561 2155 689 2211 litter-sm
707 2152 873 2226 praeposita
890 2151 1031 2223 scriptura
1049 2147 1174 2206 mutam
1192 2146 1284 2206 ABG
1337 2149 1424 2206 etiam
1444 2150 1480 2224 si]
1502 2149 1556 2207 etsi
1575 2150 1670 2207 ABG

366 2243 382 2294 2
402 2238 448 2294 cui
468 2241 544 2294 esset
562 2254 631 2295 corr.
647 2237 697 2292 cui
708 2235 796 2293 etism
810 2232 838 2288 B
858 2233 938 2290 ouius
952 2231 1011 2288 AO
1065 2231 1089 2286 si
1102 2230 1196 2288 ferbui
1209 2230 1238 2286 B
1257 2230 1318 2288 lieri
1337 2230 1429 2288 ierbui
1444 2232 1471 2287 A
1491 2231 1583 2289 ferbui
1603 2233 1666 2302 (om.

329 2317 365 2390 si)
386 2318 410 2374 0
431 2318 522 2376 ferbui
545 2320 643 2375 minen
663 2315 763 2372 Carrio
837 2319 854 2368 9
878 2313 1090 2370 numerauimus
1110 2315 1172 2372 AB
1193 2313 1412 2371 memorabimus
1432 2313 1457 2369 C
1529 2320 1563 2370 to
1581 2331 1667 2370 nemo

329 2400 445 2457 dubitet
457 2401 484 2456 B
499 2417 556 2456 non
571 2395 772 2455 dubitantAG
825 2394 1088 2452 ΕΠΠΟΤΙωΡΕΥω
1098 2393 1127 2450 Β
1142 2413 1188 2452 em
1196 2396 1391 2454 torinneio)
1400 2397 1437 2462 A,
1448 2411 1500 2450 orn.
1511 2393 1540 2464 0,
1556 2391 1666 2450 inaniri

329 2475 446 2550 σωοεόω
461 2480 577 2536 editores
635 2485 669 2532 14
683 2477 721 2534 bs
734 2474 865 2548 sylleboe
880 2473 989 2546 Carrio,
1009 2476 1047 2532 bit
1061 2476 1172 2547 syllabis
1186 2479 1213 2532 A
1233 2477 1270 2532 ba
1286 2476 1398 2548 syllebo
1412 2474 1441 2530 B
1460 2475 1498 2530 bs
1518 2475 1670 2546 syllabae

793 2781 981 2840 Minuisti
1000 2783 1050 2841 DE
1069 2785 1092 2840 Β
1111 2784 1159 2841 ΕΤ
1179 2785 1205 2839 V

331 2959 430 3020 servio
450 2955 573 3036 servivi,
597 2954 731 3034 exeeptis
755 2950 854 3014 lambo
878 2952 999 3015 lambivi
1019 2973 1053 3015 ac
1078 2953 1201 3035 talibus,
1226 2955 1295 3035 qnia
1321 2971 1349 3015 ιιι
1371 2953 1470 3015 littera
1496 2955 1667 3034 praeposita

206 3079 208 3082 ·
257 3113 260 3118 .
331 3066 513 3147 scripturam
534 3063 672 3125 mutavit:
697 3061 798 3123 lerveo
818 3064 924 3143 etiam,
944 3061 1112 3142 perlectum
1134 3065 1159 3124 si
1180 3062 1255 3124 ferri
1276 3061 1356 3143 lacit,
1374 3079 1430 3142 per
1450 3080 1466 3120 v
1486 3060 1668 3144 digammon,

330 3175 380 3236 cui
406 3175 495 3236 etiam
520 3190 576 3252 ego
601 3171 695 3251 magis
719 3167 869 3252 adsentio,
894 3172 920 3230 si
944 3168 1044 3232 ferbui
1067 3169 1152 3252 lacit,
1176 3187 1231 3251 per
1255 3168 1274 3230 b
1298 3177 1411 3231 mutarn
1436 3167 1602 3231 scribetur:
1626 3173 1666 3231 ita

331 3291 446 3363 tamen,
470 3283 496 3342 si
520 3282 633 3362 primae
658 3279 880 3359 coniugationis
904 3295 938 3338 ae
968 3279 1082 3357 primae
1111 3279 1224 3358 speciei
1251 3277 1342 3340 rerba
1367 3295 1426 3338 non
1457 3276 1579 3340 luerint.
1617 3277 1667 3339 illa

330 3392 410 3452 enirn
435 3407 490 3469 per
513 3386 532 3449 b
557 3395 670 3449 mutarn
695 3383 886 3467 scribentur,
909 3393 943 3448 ut
971 3383 1068 3446 libero
1092 3383 1202 3448 liberas
1226 3385 1363 3466 liberavi,
1391 3385 1528 3467 guberno
1557 3384 1697 3466 guber-⁵

331 3513 385 3558 nas
405 3492 586 3577 gubernavi,
604 3493 692 3556 sibilo
712 3492 814 3555 sibilas
834 3493 964 3575 sibilavi,
982 3492 1087 3555 dubito
1106 3492 1227 3556 dubitas
1246 3492 1393 3575 dubitari,
1412 3493 1522 3556 hebeto
1541 3493 1667 3556 hebetas
1715 3526 1721 3537 ·

332 3601 486 3686 hebetari,
510 3602 608 3664 titubo
633 3601 745 3665 titubas
765 3600 904 3683 titubavi,
928 3599 1031 3663 habito
1049 3599 1165 3662 habitas
1185 3599 1323 3664 habitari.
1361 3603 1554 3683 excipiuntur
1573 3605 1668 3665 invito

333 3719 364 3771 et
383 3709 488 3772 derivo
506 3711 589 3772 iuxta
612 3711 759 3772 rationem
780 3726 870 3790 quam
889 3711 1031 3790 superius
1050 3708 1194 3792 diximus,
1217 3727 1337 3772 omnem
1356 3712 1484 3790 primam
1504 3709 1667 3774 rerborunr

331 3817 472 3905 syllabam
500 3827 622 3899 praeter
658 3817 732 3879 baec
762 3834 839 3898 quae
873 3816 963 3898 paulo
992 3825 1061 3878 ante
1090 3820 1333 3880 enumeravimus
1362 3835 1417 3899 per
1445 3837 1462 3877 v
1496 3817 1667 3900 digammon

209 3957 218 3983 ι
331 3925 437 4010 scribi,
466 3928 607 4008 quoniam
631 3928 662 3987 in
687 3933 717 3986 et
748 3925 785 3988 de
814 3927 1055 4006 praepositiones
1079 3943 1145 3986 esse
1171 3944 1187 3986 a
1211 3927 1331 3988 nemine
1356 3925 1522 3989 dubitatur.
1561 3930 1668 4008 navigo
1685 3941 1712 3980 ιο

331 4037 412 4098 enim
442 4044 473 4098 et
501 4052 608 4096 acervo
638 4027 691 4096 ἐπὶ
719 4029 783 4094 τοῦ
811 4023 952 4112 coeperim
982 4051 1017 4093 ac
1048 4032 1116 4094 talia
1148 4035 1179 4095 in
1211 4036 1332 4096 nornine
1364 4033 1441 4096 datis
1473 4033 1670 4097 subserviunt

330 4141 453 4224 regulis.
485 4152 516 4205 et
540 4141 614 4204 baec
634 4159 755 4222 qnoque
776 4141 893 4221 species
917 4139 1042 4202 induas
1066 4149 1168 4220 partes
1193 4139 1344 4204 dividitur.
1383 4161 1450 4203 narn
1475 4145 1500 4204 si
1524 4141 1668 4224 disyllaba

331 4251 459 4334 luerint,
491 4253 674 4332 scripturam
702 4246 876 4328 mutabunt,
904 4257 939 4308 ut
966 4247 1032 4309 lero
1061 4247 1141 4311 levas
1171 4248 1277 4332 levavi,
1305 4268 1393 4312 servo
1418 4269 1519 4312 servas
1543 4253 1668 4332 serrari,

331 4377 424 4422 curvo
454 4378 562 4423 errrvas
590 4359 726 4440 curvari,
755 4374 833 4418 novo
857 4373 949 4418 novas
973 4359 1092 4436 novari,
1121 4376 1176 4419 oro
1201 4377 1271 4420 ovas
1299 4359 1397 4439 orari,
1425 4367 1552 4439 excepto
1582 4357 1669 4420 orbo.

332 4487 400 4530 narn
433 4468 522 4532 turbo
550 4488 568 4529 a
596 4465 685 4530 turba
716 4467 837 4527 nomine
866 4463 1055 4527 descendens
1088 4465 1125 4527 ba
1153 4465 1283 4548 syllabae
1316 4467 1503 4547 posteritatis
1536 4465 1668 4529 detinuit
1684 4483 1711 4522 1⁵

423 4658 437 4707 t
459 4649 583 4722 exceptis
602 4649 698 4706 lambo
712 4647 803 4704 lambi
821 4647 855 4702 N
869 4647 983 4704 lambeo
1002 4648 1110 4706 lambri
1125 4649 1251 4721 exceptis
1271 4647 1299 4702 P
1349 4647 1418 4720 quia
1431 4664 1484 4705 om.
1498 4647 1538 4717 N,
1557 4649 1623 4706 odd.
1643 4649 1673 4704 P

385 4729 497 4786 itloeit
515 4737 580 4801 post
605 4731 699 4788 ferbui
720 4747 771 4786 om.
792 4728 821 4784 P
908 4729 1070 4800 ogubemo
1090 4749 1121 4787 os
1141 4733 1187 4788 eri
1208 4732 1330 4788 exubero
1349 4747 1380 4785 ss
1399 4728 1447 4785 eri
1465 4729 1549 4786 sibilo
1569 4728 1598 4784 P

332 4817 348 4868 8
367 4811 486 4880 sonasse
504 4811 594 4868 inrito
614 4812 760 4870 siderite
847 4815 863 4866 9
883 4812 1113 4869 enumeravimus
1133 4813 1161 4868 P
1176 4811 1385 4870 numeravimus
1405 4810 1438 4864 N
1525 4817 1558 4866 10
1582 4827 1667 4869 ene·

332 4891 421 4966 mino]
441 4891 549 4948 nemini
569 4891 597 4948 P
669 4899 702 4950 13
722 4891 830 4950 luerint
849 4890 878 4947 P
894 4890 980 4946 luerit
998 4891 1031 4945 N
