3616 5482
258 346 260 350 ’
358 343 403 410 94
966 346 1077 406 GAPRI

355 459 377 498 p.
392 448 445 490 aare
460 447 485 488 P.
1426 487 1439 510 ‚

447 531 601 596 Eveniura
633 533 706 596 mibi
739 551 884 615 praesago
915 537 1069 616 praesagis
1098 537 1263 619 praesagit,
1296 554 1351 598 nos
1381 538 1606 620 praesagimus,
1639 556 1696 599 ros

354 643 545 725 praesagitls,
567 641 611 705 iili
634 650 826 724 praesagant.

445 748 501 812 llic
528 759 654 833 pecten,
681 749 730 814 hic
761 749 835 831 ileu,
864 750 913 814 hic
943 755 1025 835 rien,
1054 753 1097 815 sic
1121 750 1234 815 tibicen
1259 751 1368 816 ildicen
1392 752 1495 816 liiiccn
1519 752 1695 816 dicendum.

355 876 478 939 praeses
503 859 651 940 praesidis
674 858 754 922 lacit
1620 933 1622 940 ¹

348 1012 357 1021 .
445 965 556 1028 Ambos
581 977 612 1030 ct
634 966 712 1028 duos
735 970 907 1030 accusativo
930 969 1076 1052 dicimus,
1099 967 1189 1032 ambo
1212 979 1244 1032 et
1269 968 1329 1032 duo
1354 971 1547 1033 nominativo.
1711 945 1727 986 ⁵

445 1076 524 1136 Acer
546 1076 685 1137 inermus
708 1075 846 1137 inilrmus
870 1074 985 1138 iaciunt
1008 1077 1166 1158 pluraliter
1189 1080 1252 1140 acri
1276 1079 1386 1140 inermi
1404 1077 1524 1140 iniirmi.
1563 1080 1694 1141 alacris

356 1185 480 1246 inermis
509 1184 637 1246 inllrmis
665 1186 698 1246 in
729 1182 837 1266 plurali
873 1203 1000 1247 numero
1032 1185 1147 1249 iaciunt
1177 1203 1264 1248 acres
1295 1188 1428 1248 inermes
1458 1185 1601 1248 iuiirmes.
1644 1189 1693 1248 sic

243 1320 245 1326 .
356 1289 471 1355 biiarus
493 1291 581 1356 hilari
605 1292 690 1373 iacit,
713 1290 817 1354 hilaris
841 1291 961 1356 hilares.

445 1399 549 1464 Nostri
574 1409 749 1464 nostrorum
773 1411 912 1465 nostrum
937 1405 1019 1465 venii
1043 1421 1059 1465 a
1085 1422 1156 1466 uos:
1181 1406 1224 1467 sic
1249 1405 1341 1466 vestri
1362 1413 1532 1466 vestrorum
1552 1413 1690 1466 vestrum

356 1511 438 1571 venit
461 1527 477 1571 a
503 1527 563 1571 ros.

446 1615 503 1678 llai
528 1621 604 1680 rasis
629 1619 700 1682 lacit
729 1622 869 1701 genetivo
893 1619 1052 1702 singulari3
1082 1633 1112 1684 ei
1141 1621 1240 1684 daiiro
1268 1619 1377 1702 plurali
1407 1622 1485 1682 rasis
1513 1621 1598 1702 iacit,
1628 1639 1691 1682 uon

358 1725 488 1810 vasibus,
512 1735 543 1790 et
566 1730 705 1809 genetivo
729 1746 884 1810 rasorum,
908 1746 968 1790 non
992 1746 1127 1792 casuum.

446 1833 528 1898 Odea
553 1854 656 1899 musea
681 1853 805 1916 serapea
828 1837 891 1896 isca
916 1835 1066 1898 mausolea
1091 1835 1222 1900 cadurca
1246 1837 1418 1900 dicendum.

446 1942 514 2005 Non
537 1955 585 2006 eat
608 1942 713 2019 sorbo,
738 1942 790 2005 sed
815 1941 940 2028 sorbeo,
964 1962 1020 2006 uec
1045 1942 1158 2026 sorbsi,
1182 1945 1234 2007 sed
1259 1943 1372 2008 sorbul.
1411 1947 1455 2006 sic
1479 1953 1509 2007 ei
1533 1944 1688 2028 absorbui,

1710 1488 1742 1527 10

239 2087 242 2092 -
357 2069 418 2113 non
443 2049 598 2134 absorbsi,
622 2063 656 2114 ut
679 2049 828 2114 Lucanus.
1713 2063 1742 2102 1⁵

446 2158 585 2242 Coactus,
605 2178 665 2222 non
685 2166 790 2222 corius
809 2157 980 2224 dicendum.
1018 2159 1172 2242 abscondi,
1192 2179 1252 2223 uon
1272 2159 1420 2224 absconsi.
1455 2163 1498 2223 sic
1518 2171 1549 2223 ei
1563 2159 1692 2224 abscon-

356 2268 451 2349 ditus,
475 2287 537 2330 non
559 2266 725 2330 absconsus
750 2268 926 2351 dicendum,
950 2277 980 2330 et
1003 2267 1147 2350 lassatus,
1171 2288 1232 2332 non
1257 2270 1362 2333 lassus.

399 2437 402 2444 ,
445 2375 529 2438 Alter
552 2394 569 2438 e
593 2374 726 2457 duobus,
751 2395 830 2439 unus
854 2395 870 2438 e
896 2375 993 2439 tribus
1018 2377 1064 2438 rel
1087 2377 1234 2459 pluribus.

446 2481 594 2547 Descendi
618 2487 649 2547 iu
673 2483 783 2548 solium
807 2487 917 2566 maius,
941 2503 1003 2547 uon
1027 2486 1180 2548 maiorem.

445 2589 520 2655 Bina
542 2611 581 2653 ac
601 2593 680 2653 trina
699 2589 826 2653 dicenda
846 2602 918 2654 suut
936 2611 1014 2673 quac
1034 2601 1106 2655 sunt
1125 2612 1247 2675 semper
1266 2593 1400 2677 pluralia,
1424 2603 1459 2657 ut
1477 2589 1582 2656 ‘binos
1601 2592 1691 2656 ludos
1710 2601 1742 2644 ²⁰

354 2698 534 2781 plerumque
558 2701 760 2782 spectavimus
785 2718 846 2762 uno
870 2695 949 2782 die’3
974 2701 1018 2761 sic
1042 2703 1139 2763 trinos
1163 2705 1325 2765 circenses.

445 2807 573 2871 Fruiius
594 2826 661 2871 sum
684 2807 734 2871 illa
759 2827 807 2894 re:
831 2817 949 2870 veteres
973 2807 1117 2872 dixerunt
1140 2804 1268 2874 ‘fruitus
1292 2814 1340 2874 rix
1364 2811 1445 2874 illam
1469 2805 1562 2874 rem’.

448 3016 462 3065 1
487 3025 626 3081 praesago
656 3041 687 3051 -
713 3009 898 3082 praesagant]
922 3012 1005 3067 immo
1028 3009 1179 3083 praesagio
1202 3041 1235 3052 -
1260 3009 1459 3084 praesagium:
1488 3013 1524 3080 cs.
1549 3011 1692 3068 Riecico

354 3091 373 3148 l.
399 3090 489 3146 VIII
506 3109 537 3162 p.
557 3095 622 3161 397,
646 3096 664 3147 3
687 3090 837 3162 praesagio
861 3093 891 3146 et
914 3092 1092 3162 praesagior,
1116 3091 1197 3147 Beda
1216 3109 1246 3162 p.
1267 3097 1345 3150 2795
1368 3093 1519 3165 praesagio
1543 3091 1693 3164 praesagia

354 3171 541 3244 praesagiunt
614 3177 631 3226 a
650 3170 720 3226 iacii
738 3187 789 3226 om.
803 3169 864 3225 Bc
935 3178 950 3228 5
969 3171 1077 3228 Ambos
1097 3173 1127 3226 ei
1146 3171 1217 3228 dnoa
1236 3173 1276 3241 (in
1292 3174 1357 3230 cdd.
1372 3176 1397 3244 c)
1417 3175 1583 3231 accusativo
1597 3173 1693 3230 Ambo

355 3256 385 3310 ei
404 3253 459 3308 dno
478 3253 521 3322 (in
539 3253 604 3308 cdd.
624 3253 649 3320 c)
669 3251 845 3308 nominatino
865 3251 890 3308 0
906 3253 999 3309 Ambo
1018 3255 1047 3308 ei
1073 3252 1129 3308 duo
1147 3251 1179 3307 in
1197 3252 1373 3310 nominatiuc
1392 3255 1493 3311 ambos
1511 3255 1542 3310 ei
1565 3252 1637 3310 duos
1660 3252 1694 3308 in

355 3333 519 3391 accusatiuo
537 3332 566 3388 B
640 3339 657 3388 6
676 3333 750 3390 Acer
768 3327 885 3390 inermis
903 3333 1031 3389 infirmus
1050 3332 1121 3389 iacit
1145 3336 1225 3404 (corr.
1245 3332 1365 3404 faciani)
1389 3335 1540 3407 pluraliter
1559 3334 1694 3392 acerrimi

353 3413 460 3471 infirmi
482 3415 514 3470 ab
537 3413 610 3470 acris
633 3413 750 3470 inermis
773 3413 892 3470 infirmis
915 3413 1055 3485 pluralem
1080 3414 1161 3482 (corr.
1181 3413 1245 3479 -lesi
1268 3413 1378 3471 faciunt
1399 3433 1479 3473 acres
1502 3417 1626 3474 inermes
1649 3413 1693 3472 in-

355 3495 449 3552 firm0a
472 3495 512 3551 sic
535 3495 644 3552 hilarus
667 3494 753 3551 hilari
777 3492 848 3550 iacit
871 3493 969 3550 hilaris
989 3498 1019 3549 ei
1037 3493 1143 3572 hilares
1164 3493 1278 3550 OAcer
1295 3493 1411 3552 inermia
1430 3495 1558 3552 infirmus
1582 3495 1695 3554 iaciunt

355 3591 434 3634 acres
458 3576 579 3633 inermes
603 3576 728 3633 infirmes
752 3575 793 3634 sic
817 3577 925 3633 hilarus
950 3571 1036 3630 hilari
1060 3573 1129 3629 facio
1155 3571 1253 3629 hilaris
1278 3581 1308 3630 et
1331 3575 1437 3633 hilares
1455 3578 1484 3633 Β
1565 3583 1592 3632 -9
1617 3577 1695 3634 aioni

356 3655 445 3712 nestri
462 3655 490 3712 B
565 3663 598 3712 11
618 3657 676 3714 Uas
696 3655 773 3714 uasis
792 3657 864 3714 larii
882 3674 938 3713 non
958 3655 1074 3712 ansibus
1094 3657 1274 3710 eremorum
1294 3658 1370 3714 uasis
1395 3658 1528 3730 genetiuo
1553 3657 1694 3728 singulari

356 3736 492 3794 Odea'M
518 3738 575 3795 Uas
592 3781 620 3795 ..
641 3746 702 3808 (aaa
723 3782 728 3794 .
750 3782 756 3796 .
777 3783 783 3795 .
803 3756 873 3795 corr.
894 3755 963 3794 uasa
983 3737 1016 3807 0)
1036 3735 1113 3792 uasis
1132 3734 1204 3790 iacib
1222 3751 1279 3792 non
1298 3738 1413 3795 nasibus
1434 3743 1463 3796 ei
1482 3755 1616 3795 nasorum
1634 3756 1694 3795 non

356 3835 476 3875 uacuum
494 3818 570 3875 uasis
590 3819 660 3876 iacit
678 3819 839 3891 genitinum
854 3819 1027 3891 singularem
1047 3819 1077 3874 ei
1095 3817 1194 3874 daliuo
1213 3817 1319 3888 plurali
1339 3821 1415 3877 uasis
1434 3819 1594 3891 genificum
1608 3837 1693 3876 uaso-

356 3917 419 3956 rum
434 3899 513 3957 Odea
527 3899 593 3956 Bc.
623 3917 755 3970 vacuam,
775 3901 848 3971 quod
866 3917 900 3956 ec
915 3899 972 3957 BG
988 3901 1091 3972 recepi,
1110 3901 1210 3968 lepilar
1225 3902 1257 3954 ira
1271 3901 1363 3958 codice
1378 3901 1503 3958 Oborieii
1520 3918 1547 3972 p.
1562 3907 1627 3969 146,
1642 3907 1693 3959 21.

356 3999 395 4037 aaa
418 3985 536 4038 1111111
624 3986 658 4060 13
683 3980 796 4052 serapia
819 3980 878 4036 BG
949 3981 1024 4036 isaea
1047 3981 1189 4036 manaolia
1214 3980 1239 4037 G
1309 3983 1453 4038 cauducea
1477 3982 1516 4037 M
1588 3989 1620 4038 io
1645 3985 1691 4056 ul]

355 4065 385 4119 ei
403 4061 432 4117 B
438 4061 463 4118 0
514 4061 659 4134 Lucanas]
680 4060 809 4116 anracl.
826 4060 911 4115 IIII
929 4067 985 4116 100
1003 4060 1148 4132 absorpsit
1165 4063 1279 4134 penitus
1299 4081 1392 4135 rupes,
1411 4080 1465 4134 quo
1483 4064 1604 4134 eceorplo
1623 4081 1693 4120 111111

355 4148 394 4199 eei
414 4141 583 4199 Priscianus
602 4143 619 4198 l.
640 4143 694 4199 IX
708 4161 739 4213 p.
759 4147 823 4208 191,
840 4147 876 4196 11
952 4147 985 4196 16
1004 4143 1149 4199 Abscondi
1169 4160 1225 4200 uon
1245 4144 1412 4200 abscondidi
1430 4143 1614 4201 absconditas
1634 4161 1693 4200 non

355 4225 510 4282 absconsus
524 4229 653 4295 accerpic
669 4223 925 4293 Montepeseolncc.
940 4222 1108 4280 abscondidi
1122 4224 1276 4292 defenduat
1287 4223 1452 4282 Priscianus
1465 4225 1483 4280 l.
1496 4223 1528 4278 Χ
1537 4241 1566 4294 p.
1578 4229 1645 4292 516,
1654 4232 1691 4283 11

355 4312 380 4361 ei
398 4305 512 4363 Nonius
530 4323 558 4378 p.
574 4311 619 4372 75,
634 4311 681 4374 21,
701 4303 861 4360 abscondor
879 4301 1031 4360 absconsus
1050 4309 1079 4362 ei
1097 4306 1281 4364 absconditus
1295 4307 1441 4363 Diomedes
1455 4323 1487 4376 p.
1502 4309 1568 4372 375,
1582 4311 1620 4362 25

356 4389 397 4444 sic
411 4405 463 4444 om.
477 4387 537 4444 BG
601 4393 633 4442 17
654 4385 806 4442 dicendum
821 4387 850 4439 et
868 4383 990 4440 lassatus
1004 4403 1061 4443 non
1076 4387 1168 4445 lassae
1183 4401 1234 4445 om.
1249 4389 1365 4460 Βθςρ,
1382 4389 1446 4444 adi.
1462 4386 1502 4441 M
1565 4391 1597 4441 18
1617 4385 1694 4443 alter

356 4469 391 4526 de
411 4470 521 4527 duobus
540 4485 612 4524 nnus
632 4467 814 4540 expluribus
835 4467 882 4522 nel
900 4465 1024 4525 tribues
1085 4469 1212 4527 ebribns
1230 4470 1277 4526 rel
1296 4467 1436 4541 pluribus]
1457 4484 1473 4523 e
1492 4467 1621 4538 pluribus
1641 4471 1691 4527 nel

356 4550 448 4605 iribua
467 4550 534 4606 MR
540 4549 565 4606 0
634 4553 667 4604 19
686 4548 717 4603 in
736 4547 839 4604 solium
858 4547 986 4604 discendi
1006 4549 1087 4616 (corr.
1108 4549 1252 4620 descendi)
1272 4549 1364 4606 maius
1384 4547 1413 4604 0.
1437 4549 1555 4616 sonasse
1574 4551 1691 4606 arcendi

355 4631 385 4686 in
405 4631 506 4686 solium
526 4631 617 4687 mains
719 4649 775 4686 non
793 4631 822 4685 in
843 4629 980 4685 maiorem
1001 4629 1038 4684 M
1142 4637 1177 4686 10
1196 4630 1268 4687 Bina
1287 4661 1320 4671 —
1341 4630 1481 4686 circenses
1505 4626 1691 4700 11113011,

356 4709 422 4766 cdd.
442 4709 480 4764 M
531 4717 564 4767 21
586 4713 799 4783 expectauimns
819 4710 857 4765 M
913 4715 947 4766 ii
966 4708 1071 4766 imitus
1090 4729 1153 4767 sum
1172 4711 1223 4766 illa
1241 4727 1271 4766 re
1291 4712 1402 4766 ueteres
1422 4707 1567 4776 dixerunt,
1587 4705 1691 4767 fruitus

355 4807 406 4848 noe
424 4791 506 4848 illam
524 4808 585 4848 rem
604 4807 621 4850 ς
639 4793 743 4848 fruitus
764 4810 826 4847 sum
846 4789 926 4845 iiiam
941 4809 1000 4846 rem
1016 4793 1128 4846 ueteres
1148 4791 1280 4848 dixeram
1298 4807 1354 4846 non
1375 4789 1478 4846 fruitus
1497 4789 1551 4846 illa
1565 4803 1596 4844 re
1610 4807 1633 4860 p

355 4871 459 4928 fruitus
478 4873 525 4928 uix
545 4873 625 4929 illem
644 4890 704 4930 rem
724 4873 761 4928 M
777 4873 879 4928 1111111
895 4889 948 4927 uex
966 4871 1047 4928 illem
1061 4891 1122 4929 rem
1138 4872 1162 4929 G
1178 4889 1235 4929 non
1254 4871 1358 4928 fruitus
1378 4869 1539 4932 camillam
1559 4885 1619 4925 rem
1640 4872 1691 4935 Bc
