3564 5482
542 287 720 346 exituris
740 285 1013 348 ELOCVTIONVM
1374 281 1443 350 465

106 392 292 445 ummn

201 479 296 542 Decet
320 485 365 560 te,
389 475 452 540 Cic.
474 476 582 560 Philip.
606 476 633 540 11
657 477 763 556 (820)
787 495 892 560 quam
915 476 950 538 id
975 485 1024 559 te,
1047 474 1100 538 dii
1121 474 1222 559 huni,
1245 493 1315 538 non
1339 472 1444 536 dece·

107 589 170 652 hat
204 637 211 650 .
246 586 335 650 decet
368 585 436 664 tihi,
471 584 529 648 Sal
562 585 632 648 hist.
665 584 678 647 1
710 586 828 650 locum
862 585 1059 650 editiorem
1097 603 1200 666 qusm
1237 583 1445 648 victoribus

108 696 268 761 decebat
290 697 404 778 capit,
426 693 496 756 Ter.
520 693 616 756 ridell.
640 695 690 770 (V
707 695 776 774 8,5)
799 697 850 759 ita
873 693 979 757 uehis
1003 692 1120 757 decet.

202 803 334 868 Dimidio
358 803 470 887 pluris,
493 803 524 864 id
548 811 596 864 est
619 802 725 888 duplo,
749 804 810 868 Cic.
835 804 977 866 trument.
1002 805 1050 877 (in
1076 803 1163 866 i'err.
1179 804 1238 866 111
1252 803 1445 880 azioma)

70 927 82 966 ⁵
109 916 148 978 de
172 914 312 977 decumis
335 911 563 975 Herbitensium
587 930 643 993 per
667 914 848 998 triennium,
877 930 948 976 cum
974 913 1073 994 primo
1101 929 1180 974 suno
1203 911 1342 974 venditas
1365 909 1447 973 dieat

109 1024 206 1086 tritici
228 1021 339 1085 modiis
362 1019 457 1082 xvlfl
489 1019 625 1103 milibus,
653 1021 787 1085 secundo
819 1022 913 1084 tritici
941 1019 1051 1082 modiis
1083 1017 1162 1081 XXV
1189 1020 1311 1084 milibus
1339 1019 1446 1105 DCCC,

108 1149 190 1194 anuo
238 1133 330 1194 tertio
381 1132 602 1212 sopraiecieute
648 1130 834 1193 Aeschrione
880 1129 1017 1194 venditas
1063 1127 1137 1192 dicit
1178 1129 1339 1193 medimnis
1380 1127 1448 1191 Vlll

108 1237 234 1302 milibus
268 1246 406 1322 centum,
439 1239 470 1300 id
500 1246 546 1300 est
574 1235 684 1299 modiis
710 1235 831 1299 XLVIII
858 1235 981 1300 milibus
1012 1235 1075 1319 DC,
1107 1234 1197 1317 duple
1231 1255 1348 1300 summa
1375 1239 1447 1300 anni

108 1351 258 1432 proximi,
305 1347 494 1412 addicitur
540 1347 732 1410 medimnis
778 1343 858 1407 Vlll
904 1342 1053 1408 milibus
1100 1344 1123 1407 C
1170 1344 1322 1408 dimidio
1368 1347 1445 1408 lere

71 1471 95 1511 1⁰
108 1457 230 1542 pluris
263 1473 367 1539 quam
402 1458 598 1539 superiore
632 1472 723 1516 enno
752 1475 760 1516 ι
788 1454 869 1518 idem
899 1472 955 1537 pro
988 1451 1095 1516 Flacco
1124 1452 1257 1530 (2047)
1290 1453 1447 1518 hahebat

109 1567 207 1629 enim
231 1564 360 1628 rhetor
384 1567 454 1629 lste
483 1561 703 1646 discipulus,
732 1581 821 1644 quos
851 1560 1004 1625 dimidio
1032 1562 1208 1626 redderet
1235 1562 1446 1640 stultiores,

109 1692 217 1757 quam
248 1683 457 1758 acceperet;
485 1675 665 1736 neminem
695 1679 814 1734 tamen
847 1669 936 1734 adeo
964 1669 1150 1734 infatuare
1178 1673 1313 1755 potnit,
1347 1681 1385 1734 ut
1413 1672 1447 1734 el

109 1801 295 1846 nummum
319 1782 565 1847 concrederet
588 1830 595 1844 .

203 1890 287 1955 Dedo
307 1891 350 1954 illi
369 1893 428 1968 rei,
453 1891 513 1954 Cic.
528 1910 584 1974 pro
600 1888 698 1952 Caelio
715 1890 843 1968 (1047)
862 1890 921 1952 hic
945 1891 976 1952 si
998 1908 1036 1954 se
1060 1891 1124 1954 isti
1148 1892 1243 1952 ritae
1267 1889 1447 1975 dedisset,

72 1997 479 2083 uvirg.georg.1111(90)
504 1999 594 2063 dede
618 2001 700 2062 neci
716 2047 722 2060 .
738 1998 815 2062 dedo
838 2000 869 2062 in
893 1998 973 2063 illam
997 2019 1078 2084 rem,
1100 1999 1169 2062 Ter.
1185 1999 1297 2062 Andria
1312 2001 1348 2073 (I
1358 1999 1447 2078 228)

111 2126 263 2173 caesum
292 2117 328 2172 te
356 2111 392 2171 iu
421 2111 634 2191 pristinum,
663 2107 770 2190 liare,
797 2106 923 2171 dedam
948 2106 1162 2190 [persillum]
1188 2155 1194 2168 .
1218 2107 1296 2170 dedo
1320 2107 1356 2168 ed
1381 2106 1448 2188 hoc,

113 2213 117 2306 Ι
144 2217 207 2282 Cic.
236 2236 293 2300 pro
322 2217 390 2280 Cor.
414 2217 442 2280 ss
471 2217 511 2280 sd
539 2218 787 2281 miserrimum
817 2215 1191 2298 crudelissimumque
1219 2216 1447 2280 dominatum

205 2429 300 2488 Codes>
318 2430 469 2487 Parrhasii
505 2435 523 2486 t
547 2428 693 2502 imment]
718 2426 876 2485 Comment.
950 2435 966 2484 6
981 2427 1074 2484 xvm
1092 2428 1221 2504 mihhus]
1240 2427 1348 2486 XLIIII
1365 2432 1412 2496 ὦ

111 2520 239 2586 τιοριι
255 2512 369 2570 iacente
394 2511 542 2570 eschricne
566 2509 697 2566 venditae
721 2509 820 2566 dicunt
842 2509 993 2567 medimnis
1013 2509 1067 2567 1111
1086 2511 1153 2568 mib'
1173 2509 1324 2568 centuni
1343 2509 1448 2567 modiis

110 2593 219 2652 XLVII
238 2593 354 2650 milibus
372 2591 461 2650 dctis:
480 2591 570 2664 dnpls
643 2597 659 2646 e
679 2591 759 2664 snni]
779 2607 843 2648 cum
926 2597 960 2647 10
985 2590 1086 2648 dimidi
1107 2591 1168 2649 fere
1252 2597 1285 2648 12
1304 2589 1448 2648 nemmem

155 2681 192 2732 14
209 2674 260 2732 isti
277 2675 368 2750 ritae]
387 2675 471 2732 istius
489 2673 555 2730 vice
629 2677 663 2730 ld
682 2671 805 2745 pistrinis
824 2689 894 2731 corr.
912 2673 1037 2746 pristini
1055 2673 1149 2732 eadere
1167 2691 1268 2744 ncne,
1286 2679 1320 2730 ut
1337 2674 1448 2730 riddsr

207 2877 345 2951 tDecet]
366 2875 442 2933 Sec.
462 2876 494 2930 in
518 2874 598 2947 Vera.
617 2875 688 2932 Aen
714 2873 804 2930 VIII
820 2878 878 2931 107
960 2873 1054 2930 scie
1078 2873 1109 2930 in
1126 2873 1327 2932 immentsris
1346 2874 1449 2930 Maius

111 2963 145 3017 in
165 2960 287 3016 editione
307 2957 517 3015 Mediolanensi
536 3001 542 3015 .
564 2957 638 3013 ‘tres⁸
653 2957 731 3012 codd.
751 2957 901 3013 comment
919 2973 972 3028 pro
991 2954 1189 3012 frumentoris’
1210 2957 1357 3012 adnotavit
1375 2957 1448 3012 idern

111 3043 144 3098 in
167 3041 289 3098 editione
307 3037 439 3096 Romana
462 3079 468 3092 .
494 3037 653 3095 ‘Corneliae
676 3037 787 3094 Fronto
810 3037 1018 3093 &marica
1041 3039 1074 3092 in
1097 3037 1229 3108 eennplis
1252 3037 1447 3112 docelinum,
1497 3091 1499 3096 .

111 3125 232 3180 adducit
250 3123 282 3177 in
300 3119 522 3188 reanimato,
549 3121 690 3179 Ciceronis
712 3121 809 3187 endo,
837 3136 871 3176 ea
894 3119 980 3188 lidro,
1003 3135 1082 3191 qsnn
1103 3119 1172 3174 Tiro
1195 3119 1228 3176 in
1246 3119 1333 3176 lucen
1351 3121 1447 3187 edidit,

111 3209 145 3260 st
173 3204 272 3262 emhit
303 3201 515 3274 quinctilianus
534 3203 581 3262 let.
610 3204 643 3260 X
668 3202 836 3272 inscriptam
855 3199 1066 3258 Commentario
1093 3217 1256 3268 musarum
1285 3219 1319 3257 ea
1347 3203 1449 3272 sudus

111 3295 188 3346 ntus
206 3286 252 3341 hic
270 3285 304 3340 de
327 3282 538 3339 Herbitensisrn
565 3286 686 3341 &cumis
713 3285 789 3340 locres
817 3283 921 3355 terrici
947 3287 1043 3353 potest.
1082 3287 1150 3338 sunt
1174 3287 1267 3338 autern
1294 3283 1360 3340 haec
1378 3304 1387 3337 .·
1405 3283 1448 3340 De

112 3367 243 3426 decumis
270 3364 484 3423 lierbitensinm
512 3382 563 3435 per
591 3365 745 3422 trienninm
774 3381 838 3422 cam
871 3364 963 3437 primo
992 3380 1066 3420 anno
1094 3362 1225 3420 vendites
1253 3364 1331 3422 dicct
1358 3365 1449 3423 tritici

112 3450 241 3509 modium
259 3445 374 3506 xtuli.
395 3445 525 3503 Secundo
544 3448 635 3505 tritici
653 3447 779 3503 modium
798 3445 884 3502 XXV.
899 3445 1015 3502 milibus
1028 3441 1130 3501 DCCC.
1150 3461 1226 3502 anno
1244 3447 1331 3503 tertio
1350 3465 1449 3520 suprs-

112 3531 236 3590 iaciente
250 3527 425 3586 Aeschrione
439 3528 571 3586 vendites
586 3530 685 3586 dicunt
702 3527 876 3584 medimnum
891 3527 965 3584 v111.
981 3526 1052 3582 mill.
1067 3529 1199 3596 centum,
1217 3527 1248 3584 id
1262 3531 1307 3584 est
1320 3529 1448 3587 modium

111 3612 239 3671 xnvrn.
251 3610 352 3670 millib.
364 3609 419 3667 DC.
435 3611 524 3682 duple
537 3628 648 3667 summe
663 3607 730 3665 anni
744 3607 1034 3680 maximinianum
1047 3608 1223 3664 medimnum
1233 3607 1308 3668 VlIl.
1319 3611 1447 3668 millibus

113 3695 143 3752 C.
165 3693 285 3750 dimidio
304 3692 364 3749 iere
383 3691 472 3764 pluris
491 3708 578 3763 quem
602 3690 747 3762 superiore
776 3689 861 3745 snuo’
889 3687 925 3744 F.
952 3687 1071 3744 Vrsinus
1094 3690 1127 3744 in
1147 3689 1203 3746 Cic.
1223 3692 1256 3746 in
1280 3690 1357 3749 Verr.
1378 3694 1396 3747 l.
1415 3711 1449 3763 c,

112 3791 170 3843 not.
191 3787 225 3839 in
243 3783 368 3841 Ciceros.
386 3784 427 3840 ed.
447 3783 581 3854 Antron.
606 3800 632 3838 a.
652 3785 726 3839 1581
742 3797 772 3852 p.
792 3784 848 3836 177
940 3785 956 3835 6
975 3777 1065 3835 tritici
1088 3779 1216 3836 modium
1229 3769 1340 3837 x—viff
1353 3785 1447 3854 prino

112 3870 173 3925 loco
191 3867 271 3937 opud
290 3863 447 3922 Ciceronem
464 3865 587 3921 restituit
607 3863 756 3934 Zumptiue
835 3867 850 3916 7
865 3877 951 3934 enprc
969 3860 1122 3918 reficiente
1142 3862 1202 3918 coli.
1217 3862 1274 3919 Cic.
1290 3864 1307 3921 l.
1323 3881 1345 3920 e.
1360 3871 1448 3933 3277

113 3965 202 4020 supro
220 3946 327 4003 adiecit
340 3944 477 4003 Aeschrio
492 3948 606 4002 coniecit
621 3945 848 4010 Lindensannus,
867 3942 1021 4000 ccidente
1038 3943 1080 4000 eet
1097 3942 1203 4000 licente
1216 3944 1353 4002 Baiternss
1367 3947 1446 4018 apud

114 4029 254 4087 Creilirsns
281 4043 388 4084 meurs.
407 4029 441 4082 in
461 4024 517 4082 Cic.
537 4028 568 4081 in
593 4024 670 4082 Verr.
686 4024 752 4081 ΙΙΙ
768 4029 806 4081 30
820 4042 851 4097 p.
866 4029 926 4081 320
944 4025 986 4081 ed.
1000 4042 1050 4082 sec.
1139 4023 1209 4081 dicit
1233 4025 1448 4084 lamminae

153 4118 188 4168 10
208 4109 335 4166 hsbebst
362 4107 439 4164 enim
466 4107 563 4163 rhetor
590 4107 644 4163 iste
673 4105 870 4163 adnlementes
889 4106 1025 4178 quosdam
1045 4105 1216 4178 locupletes,
1236 4125 1307 4178 quos
1326 4107 1447 4167 dimidio

112 4193 249 4252 redderet
271 4190 417 4248 stultiores
442 4187 551 4256 Cicero,
578 4189 629 4244 udi
652 4187 777 4244 hsbebst
804 4187 879 4244 enim
903 4187 1056 4260 discipulos
1085 4187 1280 4246 adolescentes
1308 4191 1448 4262 quosdam

112 4273 275 4347 locupletes
298 4271 416 4328 coniecit
432 4269 547 4326 Rosius
570 4287 629 4327 oar.
650 4271 707 4326 lect.
727 4270 765 4324 cd
785 4268 841 4326 Cic.
861 4276 931 4325 oret.
950 4287 976 4325 a.
996 4270 1040 4326 II
1052 4287 1083 4342 p.
1102 4275 1158 4328 145
1246 4277 1280 4328 13
1300 4288 1448 4328 nummum

113 4353 286 4413 concederet
315 4352 361 4420 Μ,
387 4367 535 4406 nummum
562 4350 653 4407 ullum
682 4349 810 4406 crederet
836 4349 931 4408 Cicero
1024 4357 1058 4407 14
1081 4368 1133 4423 pro
1152 4351 1260 4424 Coelio]
1284 4369 1337 4424 pro
1357 4349 1447 4409 Cethe

116 4439 222 4495 diciret
240 4436 273 4491 in
290 4439 409 4505 stram
432 4433 577 4488 editione.
601 4432 655 4486 ‘ita
678 4437 734 4488 trec
757 4432 835 4488 codd.
854 4431 934 4488 Edit.
956 4433 987 4488 L.
1007 4432 1133 4502 Othone,
1157 4451 1228 4505 quae
1249 4435 1360 4490 ciddur
1381 4451 1448 4490 vera

47 4575 51 4585 ,
115 4518 197 4574 lectio
217 4561 224 4577 .
244 4515 338 4573 Codex
356 4529 431 4570 unsa
450 4511 558 4570 Coelio’
583 4514 731 4569 adnotavit
754 4514 826 4569 idern
848 4516 882 4569 in
904 4515 1023 4571 editione
1041 4513 1201 4571 Romano.
1292 4515 1340 4572 hic
1367 4515 1391 4572 si
1418 4535 1447 4574 se

116 4599 169 4670 (cel
193 4599 266 4669 sese)
293 4595 344 4653 isti
365 4594 444 4652 vitoe
468 4592 592 4650 dedisset
615 4595 720 4651 codices
744 4595 885 4652 Ciceronis
909 4639 915 4651 .
940 4595 1098 4652 dedidisset
1121 4597 1216 4669 lecticae
1238 4597 1349 4654 ridetur
1371 4599 1448 4654 Ara·

116 4678 217 4734 donus
235 4721 242 4735 .
262 4677 309 4734 hic
330 4677 355 4734 ei
373 4695 402 4735 re
420 4676 504 4732 istius
523 4675 588 4732 riae
607 4676 734 4734 dedisset
754 4695 807 4750 pro
832 4679 988 4750 fraomento
1010 4679 1147 4734 orationis
1161 4695 1217 4750 pro
1236 4679 1270 4734 L.
1292 4679 1396 4736 Otiose
1414 4699 1449 4737 en

118 4759 264 4816 Frontone
286 4762 421 4830 pumat
446 4755 581 4827 eremius
674 4767 707 4815 lt
736 4759 899 4817 verberibus
924 4775 1038 4816 caesum
1061 4762 1090 4815 te
1114 4759 1144 4816 in
1167 4759 1332 4832 pistrinum,
1358 4759 1448 4832 Deve,

118 4840 221 4897 dedam
241 4857 331 4912 usque
349 4840 385 4896 sd
404 4855 503 4895 necem
524 4837 669 4895 Terentius
