3590 5486
604 345 963 407 oamruuursroa
1380 349 1448 420 259

114 463 136 502 p.
149 447 259 491 ”bb-82
273 446 300 493 P.

116 535 254 618 vulgares
276 545 384 617 poetae
408 554 534 600 necesso
560 545 607 602 est
629 541 759 624 rustice,
783 537 864 602 docti
887 537 999 602 iaciant
1025 537 1123 617 docte.
1161 557 1222 620 quo
1245 539 1336 602 modo
1361 548 1392 603 et
1416 539 1452 601 ad

115 646 209 740 instar
217 633 360 712 ¹'iambici
378 647 468 709 metri
491 635 696 737 pulcherrime
720 649 818 713 iactus
842 656 890 712 est
912 645 1043 729 hymnus
1066 646 1116 710 ille
1140 648 1329 734 praeclarus,

495 774 560 820 rex
583 765 733 820 aeterne
757 757 920 840 domine,

488 883 620 930 rerum
644 876 798 930 creator
819 868 995 948 omnium,
1074 843 1082 860 ”

89 995 102 1037 s
496 977 559 1056 qui
581 993 663 1039 eras
687 984 773 1038 ante
797 973 949 1038 saecula

495 1101 635 1167 semper
658 1101 738 1148 cum
762 1093 867 1166 patre
892 1085 1013 1167 lilius,

115 1199 145 1251 et
172 1189 223 1253 alii
255 1188 447 1254 Ambrosiani
477 1209 539 1256 nou
569 1195 668 1276 pauci.
712 1194 785 1256 item
816 1191 853 1259 ad
885 1192 1013 1256 iormam
1042 1193 1132 1256 metri
1163 1191 1309 1256 trochaici
1341 1204 1455 1258 canunt

117 1297 262 1378 hymnum
286 1299 324 1362 de
348 1298 397 1362 die
421 1299 527 1364 iudicii
550 1319 606 1385 per
629 1293 853 1385 alphabetum,l
1043 1287 1053 1302 ’

496 1407 692 1492 apparebit
715 1409 917 1492 repentina

79 1539 103 1578 ao
496 1517 576 1582 dies
599 1535 727 1608 magna
751 1518 904 1602 domiui,

499 1627 558 1690 iur
581 1626 865 1715 obscuraovelut
888 1634 995 1690 nocte

496 1735 720 1818 improvisos
744 1752 939 1840 occupans.

300 1970 305 1978 .
359 1897 481 1998 QVOD
506 1911 615 1980 unta
639 1909 742 1979 SINT
767 1909 955 1980 GENLRA
976 1907 1215 1978 POEMATOS

208 2059 288 2123 Sane
308 2063 379 2142 quia
399 2059 493 2124 multa
512 2061 733 2144 disputavimus
753 2058 790 2123 de
811 2057 1002 2142 poematibus
1022 2069 1053 2124 et
1071 2063 1192 2144 metris,
1216 2080 1454 2127 commemoran-

80 2167 189 2232 udnm
213 2171 245 2231 in
270 2169 354 2241 calce
378 2171 448 2252 quia
471 2179 629 2252 poematos
652 2187 764 2251 genera
785 2177 858 2231 sunt
881 2169 948 2230 tria.
985 2178 1038 2231 aut
1061 2171 1142 2232 euim
1168 2171 1300 2241 activum
1318 2169 1365 2232 uel
1390 2173 1455 2235 imi-

117 2279 244 2341 tatirum
269 2286 332 2362 est,
356 2277 438 2360 quod
458 2277 566 2342 Graeci
590 2272 777 2341 dramaticon
801 2275 849 2338 vel
871 2277 1046 2338 mimeticon
1070 2277 1235 2362 appellant3
1258 2288 1311 2342 aut
1334 2299 1454 2366 enarra·

116 2378 322 2470 tirum,'quod
337 2383 445 2449 Graeci
463 2387 691 2467 exegematicon
711 2383 758 2449 vel
785 2383 993 2466 apangelticon
1014 2394 1203 2470 nuncupant,
1223 2396 1276 2451 aut
1295 2406 1455 2453 commuue

115 2493 162 2556 rel
193 2496 337 2578 mixtum,
365 2493 447 2576 quod
471 2493 579 2557 Graeci
603 2511 720 2557 coenon
748 2491 795 2582 rel
825 2479 943 2554 micton'
967 2503 1082 2556 vocant
1119 2495 1306 2560 dramaticon
1335 2505 1382 2560 cst
1409 2497 1455 2560 rel

115 2603 258 2686 activum,
273 2603 305 2665 in
325 2621 385 2684 quo
405 2621 554 2684 personae
568 2603 729 2684 loquentes
748 2597 987 2663 introducuntur
1001 2601 1066 2662 siue
1085 2610 1192 2683 poetae
1210 2602 1455 2691 interlocutione,

76 2731 101 2774 so
116 2721 150 2773 ut
168 2728 203 2772 sc
222 2709 336 2774 babent
358 2711 531 2793 tragoediae
556 2719 589 2774 et
611 2709 743 2775 iabulae:
767 2709 871 2772 drama
895 2709 975 2770 euim
999 2706 1091 2772 latine
1117 2709 1216 2774 tabula
1240 2710 1368 2776 dicitur:
1391 2731 1453 2796 quo
1521 2749 1528 2759 .
1654 2729 1660 2736 ·

114 2836 230 2900 genere
254 2820 369 2901 scripta
394 2827 441 2882 est

280 2945 353 3010 quo
377 2925 420 2989 de
443 2927 557 2992 bloeri
580 2923 715 3010 pedes?
738 2944 781 2989 an
805 2943 874 3007 quo
899 2926 954 2988 via
978 2925 1093 3009 ducit,
1116 2928 1152 2990 in
1173 2926 1322 2993 urbem?

115 3055 176 3118 quo
205 3036 285 3119 apud
315 3055 370 3098 nos
398 3054 512 3117 genere
543 3038 660 3099 cantica
684 3035 872 3098 contimtum
897 3037 1010 3116 scripta
1033 3042 1119 3118 sunt,
1142 3034 1196 3098 ubi
1219 3055 1276 3099 vox
1300 3037 1452 3103 alternans

115 3143 231 3208 Christi
245 3153 275 3207 et
290 3143 435 3208 eeclesiae
447 3146 567 3208 tametsi
582 3162 642 3207 uon
658 3140 745 3223 [boc]
761 3140 987 3223 interloquente
998 3143 1147 3224 scriptore
1162 3147 1323 3210 manifeste
1340 3150 1453 3230 reperi·

75 3273 101 3316 rs
116 3262 175 3317 tur.
219 3255 445 3335 exegematicon
468 3262 516 3317 est
543 3252 589 3316 vel
618 3253 838 3333 enarrativum,
867 3252 898 3312 in
928 3268 988 3331 quo
1017 3261 1106 3332 poeta
1134 3253 1199 3334 ipse
1227 3253 1363 3336 loquitur
1387 3259 1452 3320 sinc

116 3360 208 3425 ullius
227 3363 459 3445 interpositione
477 3379 636 3446 personae,
655 3368 689 3423 ut
709 3377 743 3421 se
761 3357 875 3421 babent
896 3365 958 3420 tres
977 3357 1048 3422 libri
1066 3363 1200 3443 georgici
1220 3365 1276 3425 toti
1291 3372 1322 3427 et
1340 3357 1451 3449 prima!

114 3489 187 3554 pars
211 3471 326 3553 quarti,
353 3471 427 3534 item
450 3469 586 3564 Lucretii
613 3471 747 3534 carmina
771 3478 802 3531 et
829 3466 878 3530 bis
908 3467 1024 3532 similia.
1062 3487 1122 3550 quo
1151 3487 1264 3551 genere
1288 3471 1367 3554 apud
1396 3491 1452 3536 nos

115 3581 249 3662 scriptae
268 3586 341 3641 sunt
363 3577 521 3661 parabolae
542 3577 712 3642 Salomonis
731 3585 763 3639 et
780 3575 987 3661 ecclesiastes,
1011 3594 1089 3657 quae
1108 3579 1140 3639 in
1159 3595 1214 3639 sua
1233 3577 1349 3664 lingua,
1373 3583 1453 3644 sicut

30 3741 38 3758 ,
116 3696 147 3749 et
174 3686 369 3770 psalterium,
391 3696 489 3750 metro
514 3695 633 3750 constat
656 3705 724 3750 esse
749 3686 929 3766 conscripta.
972 3702 1090 3747 coenon
1113 3694 1162 3749 est
1188 3686 1236 3750 rel
1264 3689 1391 3773 micton,
1420 3691 1450 3752 in

78 3814 103 3856 ao
117 3813 177 3876 quo
191 3803 283 3877 poeta
301 3797 367 3878 ipse
387 3794 521 3876 loquitur
537 3806 568 3858 et
586 3812 735 3877 personae
755 3791 916 3872 loquentes
935 3791 1182 3878 introducuntur,
1195 3803 1231 3857 ut
1249 3803 1322 3858 suut
1340 3798 1452 3878 scripta

117 3903 185 3966 llias
204 3911 236 3966 et
255 3901 390 3984 Odyssea
407 3901 533 3966 Homeri
551 3911 583 3966 et
601 3901 751 3965 Aeneidos
770 3897 887 3980 Virgilii
906 3905 936 3961 et
958 3900 1037 3980 apud
1056 3919 1113 3963 nos
1135 3901 1262 3966 historia
1286 3902 1366 3966 beati
1390 3903 1452 3988 lob,

210 4083 244 4135 ts
264 4074 367 4146 QVOD
387 4075 476 4134 'PRIA
496 4072 756 4133 statuariunt
777 4059 1235 4148 coenomanensem

209 4247 224 4298 1
239 4240 319 4298 docti
337 4237 447 4297 foetent
464 4239 549 4296 docte
568 4237 655 4300 «ΒΡ
672 4237 756 4293 docte
775 4235 886 4292 iaciunt
905 4235 983 4294 docti
1001 4236 1033 4293 F
1111 4241 1256 4311 quomodo
1275 4243 1305 4298 ei
1322 4241 1359 4297 sd
1379 4239 1411 4296 F
1426 4247 1451 4298 et

115 4327 255 4396 wpm
274 4323 306 4379 et
323 4321 351 4377 L
371 4320 514 4391 quomodo
533 4319 571 4376 ad
590 4318 643 4378 «Ρ
703 4324 720 4376 8
739 4317 828 4374 iudici
848 4315 879 4373 F
940 4315 1098 4374 alfabeium
1116 4317 1145 4376 L
1163 4321 1331 4378 albabetum
1348 4322 1412 4378 FP

118 4411 150 4462 ta
169 4401 374 4462 POEMATOS
394 4399 427 4458 F
446 4399 661 4459 Pouuuuvtt
679 4399 706 4456 L
799 4405 834 4454 14
857 4396 937 4472 quis]
962 4397 1031 4470 quid
1050 4397 1083 4454 F
1171 4405 1206 4457 tt
1224 4403 1373 4472 poematos
1393 4400 1455 4458 FP

115 4489 284 4558 poemstum
298 4484 326 4540 L
381 4489 416 4540 to
435 4482 595 4540 mimiticon
610 4496 628 4541 ς
646 4482 800 4553 mpoiyoon
814 4480 847 4536 F
861 4478 998 4536 micticon
1012 4479 1039 4534 L
1057 4479 1196 4552 mioiigou
1213 4481 1243 4537 P
1298 4488 1329 4538 li
1350 4499 1450 4555 exege-

117 4569 246 4626 maticon
269 4563 302 4622 F
387 4573 422 4624 18
445 4583 555 4638 coenon
578 4562 693 4634 (coinon
715 4579 787 4622 corr.
810 4580 901 4620 ceron
924 4559 1035 4640 L),uel
1057 4561 1166 4618 moion
1188 4561 1252 4618 LP
1279 4563 1380 4620 coinon
1404 4566 1452 4621 uel

117 4649 227 4706 mikion
241 4645 273 4702 F
320 4639 361 4704 'it
381 4665 438 4720 qno
455 4649 498 4721 ie]
520 4645 599 4715 tera.
615 4644 702 4701 bucol.
717 4649 776 4714 9‚1
831 4649 866 4699 23
885 4642 962 4715 quod
981 4641 1058 4714 apud
1071 4640 1104 4699 F
1156 4647 1192 4698 24
1211 4659 1268 4700 noa
1281 4643 1312 4700 in
1330 4645 1385 4702 boc
1400 4647 1453 4706 sP

155 4727 309 4787 munidato
329 4728 356 4785 L
374 4729 529 4786 manifeste
547 4725 628 4784 PFs
696 4731 732 4781 25
751 4725 984 4798 exhegemeiicon
1003 4724 1035 4780 F
1102 4729 1137 4780 26
1155 4723 1254 4798 ullius]
1274 4725 1353 4783 illius
1371 4727 1403 4782 F

119 4817 152 4868 29
172 4810 307 4870 comum
324 4810 352 4867 L
408 4817 443 4867 30
461 4813 495 4867 ut
513 4811 580 4866 snut
598 4807 705 4880 scripta
722 4807 755 4863 F
770 4811 909 4878 utsupra
926 4806 1033 4878 scripta
1052 4805 1137 4866 sLP
1209 4812 1242 4861 31
1262 4807 1365 4864 iliades
1384 4823 1401 4866 s

120 4891 255 4950 aeneidos
275 4890 337 4947 LP
350 4892 468 4950 aneidos
488 4890 520 4964 F
648 4903 652 4913 ·
1450 4919 1452 4924 ·
