3604 5486
322 253 390 321 542
759 253 992 314 emersura
1020 253 1219 314 eosrousrs
1300 237 1302 240 ’

322 368 345 409 p.
360 357 471 400 itt-tut
485 356 513 398 v.

324 443 451 526 dIcitur,
474 441 528 506 sed
547 441 655 506 meiius
674 446 902 527 patronymicus
925 453 961 507 ut
984 444 1032 507 sit
1078 442 1180 528 Legit,
1203 454 1328 509 secutus
1351 454 1398 510 est
1417 445 1528 524 (Vero.
1549 447 1586 508 Α.
1618 441 1695 508 IX

324 533 414 610 393).
470 531 526 596 Ille
560 541 591 596 et
622 531 696 598 boec
730 536 919 617 cognominis
948 533 1039 598 buius
1067 537 1255 616 cognominIs
1283 529 1395 616 (ἣν).
1424 539 1460 600 Α.
1496 537 1541 600 VI
1567 536 1689 610 383).

325 622 469 707 Piabuut,
500 622 662 706 placabunt
695 626 750 700 (ab.
778 626 871 702 370).
922 625 992 688 illre
1025 623 1105 690 dicta
1138 628 1224 710 quasi
1251 626 1379 692 deorum
1406 629 1534 708 115111.
1561 627 1689 690 373).

325 716 406 779 llaec
430 717 507 778 tiara
530 715 644 778 dIcitur
666 734 778 798 genere
803 716 948 780 feminino
972 715 1083 795 (Verp.
1108 718 1142 780 1
1174 717 1238 782 VII
1256 717 1350 794 247).

416 806 497 890 Aput
524 809 664 888 antiquos
692 824 754 870 uon
781 805 892 870 licebat
919 807 1082 870 sacriticari
1116 809 1182 872 siue
1210 807 1282 873 Iano
1311 818 1342 873 et
1369 806 1459 872 Vesta
1486 809 1568 883 (lue.
1598 814 1724 872 sams

328 896 451 975 0380).
498 895 560 960 Coo
588 896 785 961 derivativum
814 907 874 980 est,
908 905 1044 961 ceterum
1072 899 1238 983 principale
1262 908 1309 962 est
1332 897 1391 963 Cos
1422 899 1514 975 (Hor.
1535 908 1595 962 sot.
1633 899 1694 962 ΙΙ

327 987 428 1072 429).
466 984 618 1069 Cyllenes,
637 985 728 1050 buius
748 985 898 1070 Cyllenes,
921 991 1079 1069 genetivus
1099 989 1260 1072 singularis
1280 989 1391 1068 (Verg.
1410 991 1445 1052 Α.
1472 990 1554 1053 VIII
1566 989 1687 1066 139).

327 1080 362 1143 lu
385 1078 536 1161 Teucros,
557 1094 614 1160 pro
633 1076 775 1161 Teucris,
798 1089 829 1142 et
851 1081 882 1142 iu
906 1077 964 1142 boc
986 1078 1053 1142 loco
1073 1079 1171 1144 solum
1190 1083 1221 1143 in
1242 1075 1302 1144 non
1320 1087 1381 1163 pro¹
1397 1089 1504 1144 contre
1522 1082 1687 1162 positum

327 1177 390 1252 est,
418 1166 471 1232 sed
500 1185 556 1250 pro
585 1185 641 1250 pro
668 1168 717 1231 rel
745 1171 825 1232 circu
853 1169 964 1248 (Vere.
993 1172 1029 1233 A.
1058 1172 1081 1233 1
1104 1171 1200 1244 304).
1251 1169 1316 1234 lloe
1344 1169 1444 1234 locum
1473 1169 1585 1234 lectum
1614 1180 1686 1234 est

276 1341 279 1348 Ι
329 1270 402 1344 aput
429 1257 575 1342 Erulum,
607 1257 660 1322 sed
694 1277 783 1322 nemo
815 1258 889 1322 dicit
920 1259 1009 1323 bodie
1042 1263 1097 1336 (id.
1129 1263 1225 1340 300).
1246 1255 1252 1344 Ι
1272 1260 1454 1324 Miscellauia
1482 1259 1589 1343 patella
1624 1261 1683 1324 de
1707 1282 1739 1321 ιο

329 1349 421 1414 rebus
446 1351 535 1412 voriis
558 1348 671 1413 dicitur
693 1351 774 1425 (Iuv.
798 1358 855 1414 sar.
879 1351 997 1428 1120).

420 1441 538 1504 Nomen
570 1458 627 1522 pro
659 1438 816 1524 advertus,
847 1450 1005 1504 aeternum
1037 1460 1092 1524 pro
1126 1450 1249 1505 aeterne
1282 1443 1393 1520 (Verg.
1421 1444 1457 1505 Α.
1494 1442 1539 1505 VI
1566 1442 1681 1516 401).

330 1536 428 1617 Caput
454 1533 566 1614 aperit,
594 1529 687 1595 nudat
714 1533 768 1606 (ib.
797 1532 894 1609 400).
940 1531 1066 1596 Inlorml
1093 1531 1178 1608 bmo,
1206 1550 1313 1614 magno
1341 1534 1460 1595 infinito
1488 1532 1681 1611 (11.416).

330 1626 492 1706 Personat,
515 1630 568 1686 aut
590 1639 755 1704 personare
779 1623 850 1686 lacit
872 1631 924 1685 aut
947 1641 1003 1704 per
1026 1641 1119 1705 regua
1142 1633 1242 1706 sonat,
1266 1623 1303 1686 de
1323 1621 1465 1686 Cerbero.
1505 1621 1681 1686 Cerberus

331 1716 431 1779 dietus
455 1714 542 1796 quasi
563 1705 749 1796 κρεοβόρος
771 1715 826 1788 (id.
850 1713 937 1788 418).
983 1712 1022 1776 Et
1045 1713 1101 1776 bos
1124 1711 1266 1776 colubros
1290 1721 1321 1776 et
1343 1712 1398 1775 has
1420 1711 1562 1776 colubras
1585 1713 1677 1795 legi·
1701 1736 1735 1777 rs

332 1825 399 1872 mus
419 1807 474 1880 (it.
493 1803 582 1882 419).
624 1801 768 1885 Sepultus
786 1800 963 1886 immobilis,
987 1806 1072 1886 quasi
1096 1807 1161 1866 sine
1185 1803 1272 1886 pultu
1295 1807 1350 1879 (ib.
1370 1804 1462 1879 424).
1503 1803 1678 1886 Εκεοηοε,

332 1901 470 1980 ignaros,
493 1913 553 1958 una
575 1913 646 1976 pers
664 1896 823 1976 orationis,
846 1896 926 1957 sicut
943 1913 1052 1976 exspes
1072 1897 1126 1968 (ib.
1146 1895 1235 1971 428).
1277 1894 1317 1958 Et
1335 1895 1463 1958 lortuitu
1483 1903 1514 1958 et
1532 1895 1676 1957 lortuito

332 1989 453 2052 dicitnr.
499 1986 632 2050 Perosus
655 2003 723 2047 sum
747 1983 826 2048 illem
851 2003 915 2048 rem
939 1986 994 2060 (td.
1019 1986 1108 2061 435).
1155 1984 1213 2048 Fas
1241 1983 1385 2049 naturalis
1412 1984 1461 2048 lex
1490 1986 1544 2060 (rb.
1569 1985 1675 2060 438).

283 2074 296 2091 ”
334 2077 518 2161 Inamabilis,
541 2077 671 2159 pessima
695 2077 765 2151 (lb.)
812 2075 908 2138 Suare
933 2083 964 2138 et
987 2076 1093 2139 suadet
1116 2075 1259 2159 disyllaba
1277 2085 1363 2158 suut,
1387 2095 1461 2158 uon,
1485 2085 1519 2139 ut
1537 2074 1674 2157 quidam

333 2171 467 2254 imperiti
489 2177 610 2250 putant,
633 2163 785 2248 trisyllaba
808 2167 919 2243 (Vere.
943 2169 979 2230 ,1.
1004 2168 1136 2245 1357).
1184 2165 1332 2250 Securus,
1360 2177 1558 2230 contemnens
1586 2165 1672 2228 Ver·
1695 2193 1728 2230 so

333 2260 424 2344 gilius
452 2261 502 2333 (Α.
531 2259 551 2320 I
576 2258 670 2330 350).
717 2250 863 2320 ‘Dilectus
891 2257 965 2319 mibi
992 2253 1050 2321 est'
1078 2258 1239 2340 ilguratum
1268 2266 1327 2338 est,
1356 2257 1445 2322 bodie
1473 2251 1614 2320 ‘dllectus
1650 2275 1673 2319 a

334 2369 382 2415 me
407 2344 466 2413 est’
490 2349 619 2411 dicimus
643 2349 697 2421 (ib.
720 2347 812 2422 344).
860 2345 993 2429 lletexit,
1017 2347 1159 2412 iudicarit
1181 2350 1235 2423 (ib.
1259 2349 1352 2423 356).

426 2441 521 2522 Opes,
543 2436 757 2522 possibilitates
777 2438 855 2512 (Sol.
879 2439 1059 2516 0111113).
1101 2436 1186 2520 Opus
1209 2447 1257 2501 est
1279 2437 1432 2520 consulto,
1455 2457 1533 2520 opus
1554 2445 1603 2500 est
1627 2447 1672 2501 ut

335 2530 488 2611 consulas,
518 2539 550 2592 et
573 2538 645 2592 sunt
667 2530 767 2592 omnia
790 2527 919 2611 gerundi
942 2528 1024 2591 modi
1052 2529 1141 2603 (Soti.
1169 2521 1357 2606 0011115).
1403 2527 1539 2611 Veniam,
1566 2527 1671 2590 bene-

335 2625 437 2687 ficium
461 2621 552 2695 (Hor.
575 2639 604 2683 o.
625 2639 657 2700 p.
680 2620 743 2695 11).
790 2618 1002 2702 Gemiuentur,
1025 2617 1207 2702 copulentur
1229 2621 1290 2695 (10.
1307 2620 1372 2696 13).
1413 2619 1521 2702 Exlex,
1543 2637 1675 2702 exspes,
1693 2645 1727 2684 es

336 2732 441 2778 exsors
465 2713 520 2788 (id.
543 2711 614 2783 20).
660 2710 723 2792 Age
746 2709 921 2774 adverbium
944 2718 1005 2793 est,
1027 2709 1206 2793 pierumque
1229 2710 1365 2775 verbum

321 2813 324 2822 ’
428 2801 565 2865 Struices
598 2803 831 2883 compositiones
863 2801 1008 2866 dicuutur
1039 2803 1224 2885 patinarum,
1257 2801 1337 2865 uude
1371 2803 1461 2864 etiam
1494 2806 1674 2863 structores

336 2895 481 2958 dicuutur
505 2893 585 2965 (Iuv.
609 2899 666 2955 sot.
690 2891 827 2968 11130).
873 2890 1041 2975 Pygargus,
1072 2910 1162 2973 caper
1186 2910 1256 2955 cum
1280 2891 1415 2956 candidis
1443 2889 1582 2955 clqubus
1606 2892 1673 2964 (ib.

336 2985 429 3062 138).·
452 2981 632 3065 birquitalli,
650 2973 844 3062 βούπαιδες.
886 2980 1044 3066 Gaditana,
1063 2981 1167 3064 Tyria,
1186 2982 1267 3063 quod
1287 2981 1384 3044 Gades
1402 2981 1482 3045 solas
1501 2979 1672 3063 Hispaniae

337 3076 420 3158 Tyrii
448 3081 614 3137 tenuerunt
644 3074 699 3146 (ib.
726 3072 818 3148 100).
869 3069 976 3134 Omnia
1006 3074 1128 3134 uomina
1160 3074 1207 3135 nis
1239 3071 1350 3154 syllaba
1383 3074 1542 3135 terminata
1570 3070 1674 3135 latine
1692 3101 1725 3140 so

338 3164 485 3248 simplicia
507 3162 629 3242 generis
651 3162 810 3226 masculini
834 3173 905 3226 sunt
928 3171 1055 3245 excepto
1078 3161 1196 3242 nullm!

428 3254 559 3318 Pharum
592 3271 704 3336 genere
738 3255 882 3316 leminluo
915 3253 1044 3316 dicimus
1077 3253 1167 3326 (Luc.
1193 3255 1308 3316 Pirors.
1345 3253 1428 3318 VIII
1451 3254 1540 3329 514).
1589 3252 1673 3333 Aple

339 3358 444 3412 taurus
467 3345 580 3408 dicitur
603 3343 681 3426 apud
706 3344 879 3426 Aegyptios,
910 3347 962 3425 qui
989 3346 1021 3406 iu
1048 3353 1173 3427 pectore
1197 3343 1298 3406 Iouam
1327 3343 1423 3407 albam
1452 3341 1555 3426 babet,
1584 3361 1672 3424 quae

338 3437 483 3501 adversus
506 3434 607 3498 lunam
631 3444 663 3498 et
686 3436 797 3497 crescit
815 3445 845 3497 et
864 3433 1013 3497 decrescit
1032 3437 1086 3509 (id.
1106 3433 1200 3510 479).
1238 3433 1438 3516 Imperatores
1458 3435 1511 3515 qui
1529 3436 1673 3497 vicerunt

339 3528 464 3592 bonoris
482 3527 577 3608 gratia
596 3535 628 3588 et
646 3527 772 3607 praemii
791 3523 945 3587 tibicinem
961 3525 1162 3608 achpiebant,
1180 3523 1334 3588 candelam
1350 3532 1380 3587 et
1395 3522 1496 3587 sellam
1512 3522 1672 3608 curulem;
1691 3553 1724 3594 ³5

340 3617 450 3682 mliites
470 3614 506 3679 ad
526 3614 659 3678 colonias
676 3614 866 3678 ducebantur
884 3625 915 3679 et
933 3617 1085 3679 territoria
1105 3615 1300 3699 achpIebant
1338 3615 1500 3678 ldetatores
1519 3614 1673 3676 domuum

339 3711 496 3790 dicuutur,
520 3723 677 3769 mensores
702 3707 846 3769 irumenti
869 3715 900 3769 et
919 3705 1049 3788 frugum.
1091 3699 1172 3769 Ilaec
1191 3725 1341 3788 conpages
1360 3704 1486 3782 dicitur,
1509 3724 1571 3768 non
1590 3705 1672 3768 baec

339 3817 483 3881 conpago.

430 3889 554 3970 Antiqui
576 3885 767 3950 declinabant
789 3886 866 3950 vello
889 3887 981 3972 rrrlsi,
1004 3886 1092 3949 modo
1117 3905 1206 3950 usuro
1229 3886 1303 3951 dicit
1326 3887 1437 3965 (Vere.
1461 3891 1497 3949 Α.
1528 3885 1670 3961 7270).

341 3981 518 4044 Seminecus
536 3977 706 4041 declinatur
725 3987 756 4039 et
774 3977 811 4041 ab
835 3977 892 4040 boc
916 3981 1068 4040 seminece
1096 3976 1143 4040 hle
1163 3980 1323 4040 seminecis
1342 3980 1396 4052 (io.
1415 3978 1508 4052 275).
1550 3977 1670 4040 Sensus
1687 4007 1721 4047 ω

340 4088 465 4154 nomeu,
489 4086 576 4132 seusa
599 4066 841 4150 participialiter,
865 4071 943 4131 sicut
967 4067 1074 4147 sibilus
1097 4076 1127 4130 et
1151 4067 1238 4130 sibds
1266 4071 1320 4143 (ab.
1344 4069 1439 4144 277).
1486 4067 1669 4150 Deductum,

341 4171 432 4226 tenue
456 4169 529 4244 aput
551 4158 715 4241 Vergilium
738 4160 853 4234 (boeot.
880 4160 955 4234 0,5).
1001 4156 1130 4236 Vindex,
1153 4161 1197 4220 sic
1220 4161 1342 4220 nomine
1367 4158 1424 4222 luit
1442 4160 1496 4241 qcri
1513 4158 1668 4220 Neronem

341 4252 452 4316 occidit
475 4251 556 4326 (Iuv.
579 4257 636 4312 sat.
660 4249 779 4326 8222).
827 4247 928 4331 liapti,
952 4251 1064 4312 cursim
1089 4250 1168 4313 lacti
1216 4248 1367 4334 Deieudo,
1390 4251 1503 4312 murlo.

432 4339 766 4425 [ispem‘siugulariter
795 4358 854 4402 nou
884 4339 1026 4421 dicImus,
1054 4338 1105 4401 sed
1129 4337 1292 4421 pluraliter
1320 4349 1437 4403 tanturm
1466 4339 1555 4414 (Hor.
1579 4357 1606 4400 c.
1631 4339 1671 4402 II

344 4435 442 4512 717).
490 4433 640 4507 Quiritem
668 4449 728 4494 nou
757 4431 900 4514 dicimus,
932 4431 985 4493 sed
1015 4447 1142 4492 numero
1174 4429 1283 4512 plurali
1311 4437 1443 4515 tantum3
1475 4437 1611 4492 ceterum
1640 4430 1716 4500 sim

341 4577 557 4590 —-—=—

433 4652 467 4702 15
485 4643 623 4718 legImus]
643 4643 699 4716 leg.
717 4642 745 4698 Β
764 4603 905 4713 legitote
978 4645 1013 4696 21
1032 4640 1173 4714 cumules]
1187 4641 1323 4701 ,consoles
1340 4642 1369 4697 Β
1441 4645 1476 4697 23
1499 4638 1667 4696 susubium

341 4731 385 4784 est
407 4731 452 4784 est
475 4727 644 4800 plerumque
667 4725 835 4797 plerumque
859 4723 977 4778 uerbum
995 4723 1024 4778 Β
1106 4729 1141 4781 27
1160 4725 1335 4799 patinarum]
1355 4721 1523 4794 potirentur
1545 4720 1574 4777 Β
1591 4723 1668 4795 peti·

342 4809 473 4866 nsriseu
532 4815 581 4865 ’36
602 4807 781 4881 aceIpiebsut
799 4825 815 4862 u
834 4805 926 4878 accipi
943 4807 971 4862 Β
990 4811 1106 4879 utropsu
1124 4807 1183 4863 loco
1256 4812 1289 4862 41
1310 4803 1424 4879 sibilus]
1443 4803 1522 4861 sibus
1537 4802 1567 4859 Β
