3602 5482
678 316 877 375 nxcsnubn
1379 316 1444 385 331

108 419 265 470 omum

109 505 300 570 descendens
323 505 365 567 ito
388 519 404 586 t
425 553 430 565 .
456 504 685 569 circumflexum
709 514 811 572 autem
830 515 1003 569 transversa
1022 502 1046 562 V
1063 503 1165 568 littera
1183 515 1323 570 nummus
1344 507 1385 568 lta
1398 499 1447 589 st,

108 613 235 678 brevem
250 613 393 697 syllabam
408 612 431 675 G
446 631 568 677 sursum
584 623 739 697 spectante
755 618 796 678 ita
809 653 846 700 o,
861 614 981 696 longam
995 613 1008 676 l
1022 613 1189 696 aequaliter
1202 617 1320 678 iacente
1334 616 1375 678 ita
1395 647 1443 680 -.

108 724 164 787 sed
188 725 221 786 in
245 721 433 806 missenus,
457 725 487 786 iu
512 723 560 786 his
578 732 715 806 tempora
740 725 979 806 cognoscimus.
1004 740 1074 786 nam
1093 722 1175 786 dasis
1194 733 1225 787 et
1243 725 1319 807 psile
1339 723 1466 816 Gracci⁴

108 841 254 914 utuntur,
285 849 340 894 nos
369 849 420 894 eas
448 833 733 916 praetermittimus,
766 833 910 913 quonism
942 833 1157 913 aspirationem
1190 832 1279 896 nobis
1311 833 1448 916 adposita

70 955 83 998 r
109 939 213 1004 littera
236 937 277 1022 H,
301 959 379 1022 quae
403 941 435 1004 in
459 939 534 1004 duas
558 950 661 1023 partes
685 939 842 1022 dividitur,
867 947 1088 1024 repraesentat,
1116 950 1148 1003 et
1176 942 1203 1004 sl
1226 941 1361 1023 adposita
1386 960 1447 1004 non

109 1050 169 1111 erit
194 1095 201 1110 .
225 1047 346 1132 hyphen
370 1050 529 1115 rerossduo
552 1048 642 1112 rerba
664 1051 751 1131 quasi
773 1053 919 1114 inunum
944 1051 1190 1131 pronuntiatione
1210 1048 1394 1135 colligimus,
1417 1059 1448 1114 et

109 1156 239 1220 formam
263 1159 330 1222 eius
354 1162 397 1222 sic
423 1159 538 1222 iaciunt
555 1199 601 1228 ψ
620 1207 627 1222 .
646 1160 808 1240 utriusque
828 1160 909 1222 enim
929 1157 1013 1221 verbi
1033 1161 1185 1242 proximas
1204 1159 1320 1224 litteras
1339 1161 1448 1224 inflexa

109 1263 218 1328 subter
232 1265 350 1347 virgula
363 1267 503 1350 iungunt,
522 1267 609 1349 quale
624 1277 672 1330 est
691 1261 854 1330 ‘Turnus
874 1275 913 1330 ut
931 1262 1213 1350 antevrolans'.
1242 1268 1447 1352 apostrophon

110 1367 235 1456 quoque
258 1376 302 1438 sic
324 1368 328 1460 l
349 1385 456 1440 notant
470 1396 479 1439 ε
493 1376 531 1438 ad
554 1385 646 1459 capnt
670 1377 736 1439 eius
760 1377 968 1459 consonantis,
997 1376 1046 1438 cui
1070 1375 1181 1440 uocalis
1209 1376 1364 1442 subtracta
1393 1388 1448 1455 est,

72 1503 96 1544 ro
109 1483 253 1546 inflexam
285 1484 433 1567 virgulam
468 1503 545 1566 quae
580 1484 616 1547 ad
654 1503 721 1548 cam
759 1493 877 1568 spectet
914 1485 1084 1568 adpouuut‚
1122 1495 1158 1548 nt
1194 1479 1357 1550 ‘tanton'
1395 1506 1448 1550 mc

109 1573 267 1656 crimine
292 1591 440 1675 dignum
464 1588 629 1658 duxisti’.

660 1843 721 1912 bn
745 1842 898 1912 METRO

201 2009 333 2073 licinum
353 2006 515 2092 quidest?
537 2009 593 2072 liei
613 2012 762 2092 cuiusque
781 2028 924 2072 mensura
941 2059 947 2072 .
963 2007 1093 2074 blctrum
1112 2013 1267 2094 poeticum
1286 2013 1359 2093 quid
1378 2011 1448 2077 est?
1469 2024 1532 2075 tots

110 2117 308 2182 Versiilcandi
335 2119 493 2203 disciplina
523 2129 606 2182 certa
635 2117 816 2202 syllabarum
846 2137 880 2182 ac
910 2126 1082 2201 temporum
1110 2121 1227 2182 ratione
1257 2122 1287 2182 in
1319 2121 1448 2204 pedibus

73 2226 272 2290 inobservata
308 2277 316 2292 .
353 2227 484 2292 bletrum
521 2228 603 2292 unde
641 2224 779 2291 dictum?
830 2226 916 2301 Orrod
955 2226 1048 2290 veluti
1086 2246 1260 2302 mensuram
1297 2229 1448 2312 quandam

40 2375 48 2387 ·
109 2338 306 2421 praestituat,
339 2355 356 2398 a
385 2355 443 2420 qna
474 2337 575 2420 siquid
602 2336 672 2418 plus
699 2339 838 2399 minusve
868 2344 929 2418 cst,
963 2354 1070 2399 versus
1102 2339 1226 2401 minime
1261 2339 1413 2404 constabit
1441 2389 1448 2404 .

109 2445 210 2509 bletro
243 2445 315 2528 quid
350 2445 470 2510 ridetur
504 2464 570 2509 esse
605 2441 785 2509 consimile?
832 2443 1003 2527 lihytbmus
1036 2493 1042 2506 .
1077 2444 1156 2519 Quid
1188 2456 1235 2510 est
1266 2445 1449 2530 rhythmus?

112 2553 283 2618 Verborum
315 2554 467 2618 modulata
500 2556 694 2637 compositio,
732 2572 793 2616 non
828 2553 953 2616 metrica
986 2555 1120 2638 ratione,
1157 2555 1211 2618 scd
1249 2573 1377 2620 numero
1411 2557 1447 2621 ad

110 2662 260 2727 indicium
275 2666 591 2748 aurium'cxamiuata,
611 2671 732 2746 utputa
748 2661 840 2725 veluti
855 2671 927 2724 sunt
947 2664 1063 2725 cantica
1082 2663 1251 2746 vulgarium
1265 2675 1446 2748 poetarum.

71 2771 284 2855 sollbytbmus
312 2790 386 2853 ergo
415 2775 446 2834 in
475 2781 573 2836 metro
605 2791 665 2836 nou
695 2779 796 2855 potest
829 2766 956 2835 inesse?
1002 2770 1099 2835 Distat
1131 2762 1253 2853 quidem
1286 2792 1303 2836 a
1335 2784 1449 2860 metro;

111 2899 219 2944 verum
252 2887 353 2944 tamen
386 2880 547 2964 rhythmus
578 2899 635 2962 per
667 2899 700 2942 se
735 2881 800 2942 sine
835 2888 933 2943 metro
966 2898 1034 2942 esse
1067 2889 1184 2966 potest,
1218 2890 1349 2947 metrum
1383 2887 1448 2948 sine

186 3172 222 3223 12
240 3165 291 3222 DE
315 3164 445 3222 METEO
471 3165 609 3222 lotiones
632 3164 665 3220 de
688 3164 797 3220 reticete
820 3168 969 3221 memorum
987 3181 1019 3236 p.
1043 3169 1080 3221 te
1103 3180 1159 3238 sqq.
1187 3165 1228 3222 cd.
1251 3165 1332 3224 Rom
1416 3176 1448 3226 1⁵1

111 3247 275 3320 Rhytbmus
293 3247 375 3304 Beda
392 3247 426 3304 dc
445 3252 506 3304 arte
523 3248 638 3304 audrico
657 3251 725 3316 258,
740 3250 780 3304 24

187 3527 202 3578 1
227 3521 271 3578 its
288 3525 355 3593 post
378 3521 512 3576 notumne
536 3535 588 3576 om.
613 3519 650 3588 B,
674 3517 766 3590 iicet
789 3521 883 3572 uotum
906 3516 1079 3587 eircarmtteoi
1102 3521 1230 3574 masdrae
1253 3533 1304 3576 orn.
1329 3517 1361 3574 F
1431 3527 1448 3576 2

112 3604 230 3677 longam
249 3603 263 3659 1
280 3601 440 3676 seqnnliter
462 3602 574 3658 incente
597 3601 639 3658 ite
663 3603 708 3656 est
728 3599 765 3654 M
783 3599 870 3670 longs
888 3598 901 3653 l
920 3598 1079 3669 scqusliter
1101 3598 1213 3657 incente
1233 3631 1267 3643 -
1286 3599 1314 3656 Β
1332 3599 1449 3674 longam

112 3711 275 3782 sequeliter
292 3711 404 3768 iacente
421 3738 441 3766 υ
456 3709 488 3765 F
541 3715 557 3766 8
578 3726 663 3766 sonus
684 3709 722 3765 Μ
776 3723 842 3764 nam
860 3706 942 3762 dasis
961 3708 991 3762 et
1009 3707 1082 3778 psile
1098 3708 1138 3763 M
1153 3727 1220 3766 nam
1239 3674 1320 3766 diesis
1339 3713 1369 3767 et
1381 3677 1449 3782 piiti

112 3792 145 3850 F
165 3791 194 3848 Η
216 3810 284 3850 nam
311 3792 393 3850 dmin
421 3795 451 3849 et
478 3791 551 3864 psile
578 3791 607 3846 Β
680 3788 777 3862 tans]
806 3806 842 3846 ee
859 3787 926 3844 BF
941 3790 985 3846 set
1002 3806 1021 3845 e
1041 3789 1080 3845 M
1151 3790 1299 3864 quonism]
1328 3808 1392 3849 cnm
1412 3792 1452 3849 M

149 3874 213 3932 tH
232 3893 283 3933 ont.
304 3873 336 3931 F
406 3875 524 3945 fortasse
552 3876 582 3929 et
609 3871 778 3940 siccitatem,
806 3870 832 3926 si
851 3867 983 3942 adposite
1001 3887 1058 3927 non
1078 3869 1133 3926 erit
1152 3893 1159 3926 ε
1179 3872 1213 3940 cf.
1233 3871 1345 3928 Dosith.
1360 3891 1393 3944 p.
1411 3879 1449 3931 10

111 3955 319 4029 aspirationem
333 3955 360 4012 H
374 3955 520 4028 adscripto
539 3952 712 4026 pmestubit3
732 3951 756 4008 si
775 3951 923 4023 adscripta
937 3969 993 4008 non
1008 3951 1072 4020 erit,
1086 3949 1247 4010 siccitatem
1302 3959 1318 4008 c
1333 3953 1450 4026 hyphen

113 4044 203 4094 -11
228 4036 335 4094 dumsti
361 4054 412 4094 om.
443 4033 475 4092 F
543 4035 574 4090 in
603 4051 654 4091 om.
681 4033 755 4088 ΒΜ
826 4032 959 4090 8snhter
988 4031 1015 4086 V
1036 4033 1089 4089 sub
1111 4032 1186 4088 ΒΜ
1257 4036 1302 4091 est
1324 4050 1375 4092 om.
1403 4034 1449 4102 M,

112 4121 178 4177 add
203 4117 232 4174 Β
305 4118 417 4176 Turnus
436 4119 553 4174 utente
572 4114 674 4172 uolens
696 4113 771 4170 ΒΜ
788 4135 796 4168 .·
820 4113 901 4186 Vcrp.
924 4115 996 4172 Aen.
1026 4114 1138 4171 VIIII
1158 4119 1196 4173 47
1269 4121 1285 4171 e
1309 4118 1393 4172 notet
1413 4117 1451 4173 M

168 4199 217 4258 cni
234 4197 383 4257 uocabulis
402 4198 549 4256 subtracta
575 4201 619 4254 est
642 4196 777 4253 inflexam
802 4193 913 4266 uirgam
938 4211 1012 4266 quae
1036 4195 1074 4251 sd
1093 4211 1156 4252 eam
1175 4197 1305 4267 aspectat
1322 4195 1351 4252 Β
1370 4198 1450 4254 cuius

114 4291 265 4350 uocatum
284 4291 433 4348 subtractis
447 4288 580 4347 inflexem
600 4274 743 4359 uirgilam
766 4286 878 4358 quoad
902 4302 967 4344 cnm
990 4287 1104 4358 impetet
1128 4284 1166 4340 M
1239 4292 1273 4342 10
1296 4290 1398 4345 tanton
1420 4287 1450 4344 B

113 4373 278 4432 uniunt:
302 4373 383 4446 Very.
403 4374 475 4428 Aeo
497 4369 529 4426 X
547 4373 606 4427 668
664 4367 815 4424 indixisti
836 4368 875 4423 M
929 4375 963 4425 13
983 4368 1060 4440 qnod
1080 4370 1125 4424 est
1137 4369 1292 4438 posteriore
1310 4370 1368 4427 loco
1382 4370 1452 4427 ΒΜ
1574 4430 1578 4440 ,

152 4461 187 4513 16
206 4452 378 4527 pmatitmt
396 4472 415 4510 n
433 4469 490 4525 qna
504 4449 529 4507 si
542 4450 607 4522 plus
617 4449 645 4505 B
663 4448 811 4520 prostituit
824 4466 842 4507 e
856 4467 914 4521 qun
928 4468 941 4508 s
956 4449 1026 4522 quid
1045 4449 1110 4521 plne
1126 4449 1165 4504 M
1220 4455 1252 4504 lt
1272 4452 1364 4507 metro
1379 4451 1450 4522 quid

112 4537 214 4594 uideat
246 4552 309 4593 esee
341 4533 434 4593 simile
464 4532 504 4589 M
586 4537 619 4588 18
653 4529 784 4604 numero]
818 4548 937 4588 numero
969 4530 1145 4602 syllabarum
1171 4529 1267 4598 Beda,
1300 4549 1452 4591 numerose

114 4617 262 4676 musione
276 4618 379 4689 scripsi
391 4616 472 4688 epod
491 4613 668 4670 Victorinum
741 4618 776 4668 20
790 4611 953 4683 Rbythmus
967 4627 1036 4682 ergo
1049 4611 1080 4667 in
1093 4613 1185 4668 metro
1199 4614 1332 4669 nonest?
1351 4613 1452 4674 Potest

115 4715 176 4757 ease
197 4740 205 4754 .
226 4697 300 4766 Quid
320 4715 388 4770 ergo
407 4696 498 4754 distat
517 4712 535 4753 e
552 4697 662 4750 metro?
683 4691 765 4758 Quod
782 4691 935 4762 rhythmus
954 4712 1005 4766 per
1023 4710 1053 4750 sa
1073 4693 1134 4750 sine
1152 4695 1245 4751 metro
1269 4711 1330 4752 essa
1353 4700 1452 4768 potest

113 4781 216 4852 eertpet
234 4780 313 4852 opud
336 4779 512 4837 Victoriacum
568 4775 658 4832 distat
671 4773 788 4846 quidem
802 4775 830 4831 B
849 4775 939 4832 distet
952 4791 1020 4848 argo
1034 4774 1149 4846 quidem
1165 4775 1204 4830 M
1257 4781 1291 4832 21
1312 4779 1449 4851 metrum]

113 4867 221 4919 metros
238 4862 267 4917 Β

1175 4949 1231 5004 22*
