3602 5482
349 315 418 385 298
951 321 1081 380 ALBINI

349 433 370 474 μ
385 421 447 466 atae.
461 421 488 465 ιι
502 422 528 463 ε.

441 505 465 568 Β
489 510 521 570 iu
545 527 560 570 s
584 517 720 572 mutatur
744 509 945 593 sequentibus
967 521 981 573 t
1004 521 1035 573 et
1058 530 1088 592 c,
1112 521 1146 572 ιιι
1169 511 1292 575 sustulit
1315 516 1458 596 suscepit.
1509 496 1687 576 Benedicho

346 625 378 679 ει
403 618 501 679 oratio
523 626 554 680 et
578 617 648 681 talia
673 628 684 681 t
708 617 820 682 debent
849 617 961 681 habore
986 621 1017 682 iu
1040 618 1225 702 paenultima
1249 619 1374 704 syllaba,
1402 641 1463 686 nnn
1488 641 1512 684 c.
1559 619 1611 684 Bis
1636 620 1686 684 ad·

349 723 486 788 verbium
510 744 566 810 per
590 726 623 810 h,
648 729 692 790 vis
717 745 826 790 nomen
851 747 908 810 ρει
931 747 948 786 ι
973 727 1127 792 scribitur.
1165 727 1243 813 lille,
1271 731 1298 792 si
1322 729 1363 794 iel
1385 731 1547 816 siguificat,
1574 751 1630 814 per
1652 730 1688 812 h;

348 835 374 895 sl
398 832 550 898 abiectum
574 835 701 918 aliquid,
724 836 806 917 quod
831 846 878 900 est
903 835 974 921 vile,
997 855 1053 920 per
1072 855 1089 896 ι
1111 836 1306 901 scribendum
1326 847 1381 901 est.
1419 837 1529 924 Berna,
1553 843 1580 902 si
1603 840 1688 902 domi

347 943 483 1023 genitum
503 943 664 1026 significat,
689 944 718 1007 id
744 955 790 1008 est
815 922 1006 1029 όίκορενής,
1029 964 1085 1028 ρει
1105 944 1123 1006 b
1147 943 1343 1008 scribendum
1362 954 1422 1029 est;
1445 947 1472 1008 si
1495 955 1634 1030 tempus,
1653 958 1688 1011 ut
1715 964 1728 1002 ι

347 1069 439 1114 uerna
463 1059 614 1136 tempora,
641 1072 697 1135 per
723 1073 738 1114 ι
763 1053 856 1116 scribi
880 1064 1022 1118 auctores
1046 1053 1216 1148 voluerunt.
1253 1052 1391 1117 Bechena
1415 1063 1544 1137 utraque
1574 1055 1687 1138 syllaba

347 1156 549 1243 abinoipiat.
588 1159 754 1244 belzebub,
774 1181 835 1226 non
855 1160 1011 1247 belzebul,
1030 1160 1136 1245 Belial,
1158 1181 1217 1224 non
1237 1161 1338 1225 beliar
1356 1161 1417 1226 dici
1437 1161 1536 1226 debet.
1569 1165 1685 1247 Baptis-

347 1285 415 1331 mus
436 1262 441 1350 Ι
462 1267 603 1351 baptismi
631 1289 742 1353 genere
773 1271 952 1354 masculino,
982 1283 1025 1334 ει-
1046 1271 1192 1353 baptisma
1226 1270 1414 1354 baptismatis
1442 1283 1473 1334 et
1503 1271 1686 1355 baptismum

347 1375 491 1459 baptismi
519 1380 681 1442 invenitur.
729 1378 877 1445 Blittera
900 1390 1007 1446 contra
1032 1381 1046 1443 i
1072 1399 1132 1442 non
1156 1391 1257 1462 sonat,
1287 1379 1341 1443 sed
1369 1383 1490 1442 ineam
1514 1385 1625 1444 transit
1654 1385 1687 1444 iu

347 1489 574 1570 conpositione,
595 1498 630 1550 ιιι
649 1489 724 1552 oliui
742 1508 804 1552 non
819 1489 917 1568 obini,
937 1491 1050 1552 strilero
1069 1507 1126 1570 pro
1146 1471 1279 1552 subierh.
1308 1487 1465 1571 hqnoque
1480 1492 1510 1552 in
1526 1508 1541 1552 s
1557 1493 1688 1554 transire
1703 1505 1729 1542 1⁰

348 1593 425 1656 solet
453 1593 556 1658 multis
588 1598 619 1658 in
651 1595 738 1680 locis,
769 1607 803 1660 nt
831 1597 940 1661 sustuli
973 1599 1107 1680 suscipio
1139 1600 1277 1661 sustineo
1311 1596 1463 1680 suspendo
1491 1617 1547 1681 pro
1572 1598 1688 1662 subtuli

348 1710 378 1764 et
407 1701 545 1785 subcipio
574 1714 605 1767 et
634 1705 783 1769 subteneo
811 1715 842 1770 et
875 1706 1042 1790 subpendo.
1093 1704 1151 1770 lies
1189 1709 1252 1770 sive
1285 1707 1388 1790 hesse,
1421 1707 1504 1789 quod
1538 1709 1688 1790 significat

347 1823 413 1873 v111
438 1813 544 1875 uncias
567 1813 661 1895 perh
685 1813 881 1878 scribendum
901 1825 956 1878 est
995 1813 1100 1878 Bimus
1120 1817 1205 1898 quasi
1229 1815 1383 1900 bihiemis,
1406 1824 1437 1878 et
1460 1816 1531 1879 inde
1555 1815 1687 1880 bimatus
1735 1805 1741 1816 '

348 1918 511 2004 derivatur,
540 1922 590 1984 ab
618 1925 738 2006 incipit,
767 1931 799 1985 et
826 1921 959 2006 biennis,
989 1925 1075 2005 quasi
1105 1923 1236 1987 duonum
1264 1942 1420 1986 antrorum.
1464 1923 1626 1988 benivolus
1655 1935 1688 1989 et

350 2026 513 2113 benificus,
542 2030 613 2094 licet
637 2051 652 2093 a
677 2030 755 2094 bene
779 2031 922 2095 adverbio
946 2035 985 2095 sit
1010 2035 1216 2117 conpositum,
1233 2025 1344 2096 'nmen
1368 2051 1425 2114 ρει·
1449 2035 1476 2115 i,
1504 2051 1564 2096 non
1589 2053 1645 2116 per
1667 2049 1729 2097 e¹⁵

350 2135 509 2221 scribitur;
538 2119 677 2203 similiter
701 2150 732 2203 et
761 2139 917 2205 malivolus
941 2151 971 2205 et
996 2141 1155 2225 malificus,
1179 2142 1260 2203 sicut
1282 2159 1297 2202 a
1323 2159 1395 2222 pace
1419 2142 1572 2223 pacificus.
1611 2141 1686 2205 Biho

349 2262 365 2305 a
394 2252 467 2327 potu
496 2265 551 2329 ρει
580 2248 640 2312 duo
670 2249 688 2311 b
720 2259 750 2312 et
779 2252 850 2314 iacit
880 2250 941 2314 bibi
970 2253 1182 2335 ymaetenitnm,
1211 2253 1277 2312 vieo
1304 2269 1320 2310 a
1349 2253 1408 2312 vita
1438 2270 1493 2332 ρει
1521 2251 1581 2313 diuo
1611 2273 1627 2312 ι
1656 2263 1687 2314 ει

350 2352 421 2415 iacit
448 2358 646 2436 praeteritum
672 2360 745 2440 vixi,
774 2368 804 2422 et
833 2359 920 2422 ambo
944 2369 1156 2422 consonantes.
1203 2359 1333 2442 Bivium,
1357 2362 1418 2422 iter
1441 2361 1565 2444 duplex,
1589 2363 1686 2444 prima

350 2449 461 2543 syllaba
480 2483 497 2525 a
517 2463 536 2526 h
556 2467 675 2548 incipit,
695 2469 828 2532 secunda
848 2468 884 2532 ab
905 2489 922 2530 v
941 2479 1135 2532 consonante.
1174 2468 1278 2531 Brevis
1298 2468 1429 2531 secunda
1449 2468 1560 2551 syllaba
1583 2487 1640 2550 per
1660 2488 1687 2548 v,

351 2570 421 2632 lude
442 2570 582 2636 breviter.
620 2574 771 2661 Baltenm,
791 2577 960 2661 cingulum,
982 2595 1036 2658 ρει
1056 2595 1072 2638 ε
1092 2575 1251 2638 scribatur.
1290 2576 1350 2638 Beo
1371 2575 1455 2657 beas,
1475 2576 1545 2639 inde
1564 2575 1687 2652 beatns;
1703 2589 1730 2628 ιι)

351 2679 431 2742 siout
455 2697 521 2742 men
546 2700 642 2768 meas,
666 2684 736 2747 inde
761 2696 891 2768 meatus;
915 2695 946 2749 et
970 2704 1041 2748 creo
1066 2703 1165 2768 creas,
1189 2683 1259 2747 inde
1283 2697 1414 2748 creatus.

446 2787 540 2852 Causa
566 2810 621 2872 ρει
645 2812 740 2856 unum
760 2813 774 2855 s
798 2793 959 2857 scribatur.
997 2795 1119 2858 Circum
1144 2795 1327 2886 praeppsitio
1351 2791 1532 2874 quibusdam
1557 2795 1588 2854 in
1612 2790 1687 2855 locis

353 2913 382 2957 m
402 2899 527 2982 amittit,
552 2912 586 2964 nt
605 2903 750 2986 circuice3
775 2907 805 2966 iu
826 2904 1007 2985 quibusdam
1028 2912 1141 2986 servat,
1164 2914 1198 2964 nt
1218 2903 1431 2984 circumvenity
1455 2903 1486 2963 in
1506 2898 1687 2982 quibusdam

351 3009 555 3091 postponitur,
580 3019 613 3072 ut
636 3009 786 3093 Vergilius
810 3005 901 3096 (Aen.
927 3007 1026 3097 132)
1050 3007 1178 3073 ‘maria
1202 3012 1321 3072 omnia
1345 3003 1510 3072 circnm’.
1554 3008 1687 3071 Caverna

354 3131 409 3194 ρει
433 3133 459 3198 v,
488 3115 611 3180 taberna
642 3119 740 3201 perh
770 3119 929 3184 scribatur.
969 3119 1061 3202 Cana,
1091 3123 1116 3180 si
1145 3116 1245 3181 locum
1270 3117 1431 3198 siguificat,
1455 3135 1511 3200 ρει
1535 3136 1629 3180 unum
1655 3137 1687 3199 ny
1702 3131 1725 3170 ιι

352 3224 378 3283 si
402 3240 545 3308 germen,
568 3245 623 3308 ρει
647 3228 721 3312 dno,
744 3229 775 3291 id
800 3239 847 3291 est
869 3247 973 3292 canna.
1016 3228 1173 3311 Cynomia,
1196 3228 1222 3288 si
1247 3244 1301 3306 ρει
1325 3245 1342 3306 y
1367 3224 1527 3306 scribatur,
1551 3228 1688 3288 caninam

355 3349 489 3394 muscam
510 3335 671 3419 significan
693 3356 785 3419 cynos
804 3356 911 3417 graece
932 3339 1015 3400 canis
1034 3337 1160 3400 dicitur:
1180 3337 1335 3396 coenomia
1354 3353 1409 3417 per
1428 3332 1637 3416 diphthongon
1653 3354 1687 3396 oe

353 3457 545 3506 routmunem
566 3463 714 3530 muscam,
738 3446 768 3509 id
793 3457 839 3508 est
859 3449 957 3508 omnis
980 3448 1102 3529 generis
1123 3463 1271 3528 muscam,
1294 3443 1457 3524 significat,
1481 3445 1550 3524 quia
1571 3462 1687 3507 coenon

353 3566 460 3631 graece
486 3569 646 3615 commune
675 3554 795 3637 dicitur,
824 3555 904 3617 unde
934 3553 1113 3617 coenobium
1138 3553 1307 3614 communis
1336 3551 1480 3614 habitatio
1510 3551 1687 3633 appellatur.

354 3655 607 3723 Carduns·trium
633 3660 812 3744 syllabarum
837 3672 898 3746 est,
927 3663 1006 3724 sicut
1035 3661 1149 3723 arduus
1173 3659 1274 3723 iatuus
1297 3667 1446 3722 mortuns.
1485 3657 1595 3741 Cuspis
1619 3680 1684 3723 cus·
1699 3670 1722 3710 ³⁰

220 3843 227 3855 Ι
257 3846 266 3872 e
355 3766 463 3850 spidis,
493 3787 551 3831 non
576 3789 694 3850 cuspes.
743 3769 974 3832 Commodanrus
1004 3787 1080 3850 quae
1104 3771 1282 3850 recipimus,
1312 3768 1450 3850 perduc
1475 3787 1504 3830 m
1529 3770 1687 3850 scribitur;

356 3885 542 3954 minuamus,
567 3878 639 3941 duim
663 3879 798 3960 aequalia
823 3881 996 3960 recipimus.
1036 3877 1169 3939 Collocat
1192 3896 1247 3960 per
1272 3878 1332 3940 duo
1357 3877 1365 3939 l
1389 3876 1543 3960 scribitur,
1567 3879 1687 3940 commi-

357 4002 414 4047 nus
438 4005 493 4067 per
517 3985 577 4048 duo
603 4007 647 4069 m,
670 3991 789 4050 eminus
813 4007 868 4069 ρει
893 4005 986 4049 unum
1011 4005 1049 4048 m.
1095 3987 1264 4048 comminus
1288 4005 1358 4048 cnm
1381 3983 1488 4066 gladiis
1511 4002 1688 4067 pugnamus,

356 4097 475 4158 eminus
494 4113 563 4157 curm
585 4095 711 4178 lanceis,
729 4098 798 4178 quia
819 4096 891 4158 illud
916 4113 1043 4158 amanu
1064 4114 1123 4158 non
1145 4095 1272 4180 recedit,
1296 4095 1354 4157 hoc
1379 4113 1395 4156 e
1415 4092 1554 4155 manibus
1578 4095 1686 4160 emitu-

356 4229 573 4239 -ι-ὴ--ῆ-..ι

448 4305 461 4354 1
484 4298 650 4357 Benedictio
668 4301 699 4356 ab
717 4297 808 4357 oratio
828 4301 840 4353 t
859 4297 965 4354 debent
988 4297 1092 4354 babere
1112 4298 1141 4354 in
1168 4297 1325 4368 penultima
1344 4296 1454 4368 syllaba
1473 4311 1530 4351 non
1550 4311 1565 4350 c
1584 4298 1614 4351 et
1632 4294 1689 4351 alis

357 4377 469 4435 similia.
499 4379 595 4437 Bina
613 4383 741 4437 mutatur
760 4377 943 4450 sequentibus
963 4381 976 4433 h
994 4381 1024 4433 ah
1043 4398 1058 4434 c
1078 4383 1110 4435 nt
1127 4378 1244 4434 sustulit
1262 4377 1391 4449 suscipit.
1418 4375 1565 4432 Beneficus
1584 4377 1621 4432 ab
1641 4375 1687 4430 ad·

356 4459 456 4517 uerbio
470 4462 541 4518 bene
556 4463 747 4536 compositum
762 4476 812 4532 ρει
826 4459 845 4515 b
860 4459 1008 4515 scribatur.
1029 4461 1077 4518 Bis
1091 4461 1258 4517 aduerbium
1277 4460 1312 4515 it
1367 4465 1383 4514 6
1399 4455 1497 4530 scribi]
1513 4456 1637 4514 sh'ibere
1654 4458 1690 4512 ht

356 4541 482 4598 berbena
496 4544 556 4614 Mp
575 4544 737 4602 berbeneS
793 4547 826 4598 li
846 4539 907 4596 sine
921 4540 1003 4598 bessa
1014 4561 1036 4613 p
1056 4543 1116 4598 sine
1135 4541 1210 4598 bisse
1229 4541 1295 4598 SM
1350 4545 1383 4595 ti
1403 4537 1485 4609 quasi
1504 4535 1638 4593 bihiemis
1654 4539 1688 4593 M

358 4622 440 4692 qnasi
459 4623 570 4682 biennis
590 4626 612 4682 S
631 4627 714 4699 panai
732 4625 870 4693 biamisp
945 4629 979 4679 ιιι
998 4623 1146 4696 benificus]
1165 4622 1305 4694 benignus
1326 4621 1364 4676 M
1426 4625 1461 4676 id
1481 4617 1505 4673 si
1524 4635 1641 4689 germen
1659 4619 1688 4674 id

359 4708 403 4760 eat
422 4721 513 4762 canna
531 4723 583 4778 per
601 4707 658 4764 dno
677 4707 818 4764 scribatur
838 4707 876 4763 M
948 4703 1085 4776 Oynomia
1102 4703 1128 4759 ai
1146 4720 1199 4774 per
1215 4721 1235 4774 y
1254 4701 1395 4758 scribatur
1414 4699 1544 4757 eminam
1563 4715 1689 4756 muscam

359 4785 501 4857 significat
526 4788 560 4842 M
591 4787 722 4859 cynomia
751 4806 844 4861 pery
872 4786 1053 4844 scribendum
1077 4788 1120 4840 est
1148 4783 1250 4841 carnium
1275 4799 1373 4840 musea
1396 4779 1620 4856 signifieahurS
1735 4800 1739 4810 ·

359 4874 398 4925 ιθ·
413 4868 582 4925 coenubium
601 4869 624 4928 S
630 4871 667 4926 Μ
747 4877 781 4927 32
802 4874 966 4926 mutuamus
985 4867 1023 4922 Μ
1038 4871 1176 4924 mutuam.
1196 4865 1219 4922 S
