3590 5486
148 385 152 398 ,
607 327 657 385 na
678 326 978 386 euroaustrum
1394 327 1457 395 itt

123 438 145 480 p.
159 427 213 471 titio
226 427 252 471 Β.

212 513 271 578 Bes
299 514 418 596 longam
447 514 587 578 similiter
613 533 725 580 nomen
748 515 988 598 monosyllabum
1017 517 1154 600 repperi,
1183 516 1333 598 significat
1360 523 1462 578 autem

123 627 226 689 uncus
245 631 325 708 octo,
344 623 425 705 quod
445 622 465 687 b
484 632 599 688 mutam
618 633 724 688 tencre
744 623 934 689 cousuetudo
954 623 1077 688 tradidit
1095 626 1126 686 in
1147 625 1306 706 scriptura.
1339 623 1462 688 brevem

123 733 257 796 invenire
280 749 341 794 non
366 734 461 815 potui.
499 751 569 796 uam
592 752 702 816 vesper
720 735 813 797 vestis
837 752 871 796 ac
896 732 1019 817 similia,
1042 731 1114 795 licet
1136 751 1193 814 per
1211 751 1229 792 u
1247 731 1381 797 vocalem
1404 750 1461 814 pro

122 848 306 904 consonante
337 839 524 926 scribantur,
552 849 653 904 tamen
683 843 766 906 iuxta
794 843 943 904 rationem
972 859 1064 923 supra
1093 840 1218 924 dictam,
1251 838 1304 904 ubi
1333 839 1462 902 fecimus
1575 849 1579 857 '

95 951 303 1040 mentionem
331 968 367 1011 re
395 958 568 1033 correptam
595 949 708 1014 debere
737 969 794 1034 per
818 969 835 1011 r
858 949 965 1033 scribi,
997 952 1140 1032 quoniam
1163 949 1297 1027 slittera
1321 950 1463 1031 sequenti

121 1055 250 1138 syllabae
270 1059 337 1120 sine
356 1057 448 1122 dubio
468 1060 613 1140 iungitur.
647 1037 715 1143 ros,
733 1060 760 1120 si
779 1070 948 1141 pronomen
967 1058 1075 1140 itterit,
1093 1059 1125 1120 in
1145 1054 1350 1139 monosyllabo
1369 1075 1425 1138 pcr
1444 1073 1463 1115 r

119 1165 251 1228 litteram
272 1165 439 1250 scribetur,
462 1185 532 1231 cum
552 1175 624 1230 rer'o
643 1165 823 1248 disyllabum
846 1166 956 1248 tuerit,
978 1165 1009 1228 id
1036 1173 1084 1228 est
1108 1163 1206 1250 vobis,
1229 1167 1327 1248 prima
1350 1161 1462 1246 syllaba

120 1293 175 1356 per
199 1294 231 1359 v,
254 1274 387 1338 secunda
411 1275 510 1358 perb
534 1273 696 1338 scribetur.
734 1273 855 1356 quando
879 1283 981 1336 autem
1005 1273 1134 1336 iumenti
1162 1290 1274 1336 nomeu
1297 1261 1462 1351 invenitur,

121 1392 154 1446 ut
177 1393 225 1446 est
249 1378 477 1465 ‘procumbit
500 1383 598 1448 humi
621 1377 713 1468 bos',
741 1382 760 1446 b
785 1390 899 1446 mutam
930 1379 1054 1445 habebit
1081 1384 1113 1444 in
1137 1379 1342 1462 monosyllabo
1365 1381 1461 1443 nomi-

83 1511 108 1551 1o
122 1493 214 1555 natim
247 1502 278 1554 ct
311 1495 437 1556 vocativi
471 1512 576 1592 casus,
614 1511 684 1555 cum
712 1510 785 1554 vero
816 1509 873 1574 per
908 1489 982 1553 alios
1015 1509 1104 1555 casus
1138 1491 1274 1574 coeperit
1306 1489 1463 1575 geminari,

214 1683 228 1733 1
248 1677 299 1734 bes
317 1675 451 1732 similiter
467 1676 583 1750 longam
604 1693 708 1734 nomen
726 1675 755 1730 Β
828 1681 845 1730 a
870 1674 891 1731 b
910 1674 1033 1749 mutarn]
1052 1674 1126 1732 bens
1145 1677 1256 1732 mutam
1273 1673 1303 1730 Β
1375 1671 1462 1728 tubi

122 1757 242 1815 lecimus
258 1758 310 1814 bes
329 1758 490 1828 correptam
509 1757 614 1815 debere
631 1777 684 1831 per
698 1758 825 1817 ascribi
844 1756 937 1815 ABG
953 1754 1002 1812 ubi
1021 1754 1142 1813 tammus
1163 1756 1211 1814 bes
1231 1754 1392 1825 correptam
1411 1767 1462 1822 per

122 1840 140 1910 b
158 1841 271 1896 mutam
290 1837 395 1895 debere
415 1837 516 1908 scribi,
535 1838 643 1897 debent
659 1857 712 1914 per
729 1859 749 1898 r
767 1838 854 1898 scribi
873 1838 976 1896 Carrio
1067 1845 1083 1893 e
1108 1837 1240 1910 sequenti
1263 1834 1391 1908 syllabae
1410 1835 1461 1893 sA

122 1918 268 1991 sequentis
282 1917 411 1991 syllabae
425 1918 485 1975 130
551 1925 568 1976 8
583 1921 709 1979 secunda
722 1939 774 1994 per
788 1923 806 1978 b
821 1921 961 1980 scribetur
975 1936 993 1980 s
1009 1919 1089 1990 Por,
1103 1915 1229 1977 secunda
1242 1917 1408 1990 (secuudum
1423 1917 1462 1985 A)

120 2019 169 2072 per
187 2000 208 2057 b
227 1999 363 2058 scribitur
381 1998 475 2055 Ano
545 2007 562 2056 9
582 2001 610 2057 id
630 2005 675 2059 est
693 2003 857 2074 procumbit
874 2001 955 2059 humi
984 2001 1036 2058 bos
1054 2001 1117 2057 AB
1135 2003 1169 2057 nt
1188 2004 1232 2058 est
1250 2001 1302 2058 bos
1323 1999 1357 2056 0:
1382 1999 1462 2072 Verp.

120 2085 190 2140 Aee.
216 2081 314 2140 Vost
388 2080 583 2139 nominatione
603 2084 801 2178 obcaecatione
819 2083 880 2141 Ao

517 2347 999 2444 ‘mercenniacus
1072 2373 1077 2381 ·

210 2524 269 2588 Bes
298 2525 416 2608 longam
445 2523 585 2587 similiter
613 2543 723 2589 nomen
755 2526 999 2608 monosyllabum
1018 2529 1153 2610 repperi,
1182 2527 1331 2610 significat
1360 2535 1461 2588 etimne
1523 2563 1531 2576 =

121 2636 226 2698 uncias
241 2644 334 2726 octo,
357 2633 439 2717 quod
464 2630 548 2716 [per]
573 2633 592 2696 b
617 2643 732 2697 mutam
756 2646 861 2699 tenere
886 2634 1076 2698 consuetudo
1099 2635 1223 2700 tradidit
1247 2637 1460 2717 inscriptura.

120 2741 245 2806 brevem
264 2761 324 2806 non
348 2744 484 2806 inuenire
508 2745 603 2825 potui.
636 2761 706 2805 nam
726 2761 835 2825 vesper
854 2745 947 2806 vestis
966 2761 1001 2807 ac
1020 2745 1138 2829 similia,
1160 2744 1235 2807 licet
1258 2761 1313 2826 per
1333 2762 1350 2803 s
1371 2760 1460 2805 roca·

121 2850 179 2914 lem
206 2839 270 2935 pro¹
289 2858 474 2914 consonante
499 2850 686 2936 scribantur,
714 2861 816 2914 minen
845 2855 928 2915 iuxta
957 2839 1105 2916 rationein
1135 2872 1226 2936 snpra
1253 2852 1379 2934 dictam,
1408 2849 1461 2914 ubi

122 2959 249 3022 lecimus
272 2961 457 3023 mentionem
482 2978 517 3022 ve
542 2947 714 3042 correptam
739 2959 850 3023 debere
874 2980 930 3042 per
948 2973 969 3022 v·
990 2963 1161 3043 digammon
1186 2959 1292 3036 scribi,
1317 2962 1460 3041 quoniam

95 3083 135 3129 ss
157 3067 259 3130 littera
290 3068 430 3150 sequenti
459 3065 588 3148 syllabae
617 3069 683 3130 sine
712 3047 804 3131 dubio
834 3069 979 3150 iungitur.
1017 3072 1062 3132 ris
1086 3089 1196 3132 nomen
1221 3066 1460 3149 monosyllabum

122 3193 248 3238 numero
276 3193 338 3238 non
366 3174 540 3256 subiacens,
570 3174 623 3236 sed
653 3175 734 3256 quod
765 3177 985 3258 interpretatur
1013 3177 1153 3240 violentia
1182 3178 1229 3241 vel
1265 3185 1414 3258 potestas,
1443 3195 1460 3236 r

120 3282 290 3365 digammon
319 3281 435 3346 tenebit
467 3284 498 3345 in
536 3284 696 3364 scriptura.
744 3301 813 3346 nant
842 3282 923 3365 quod
956 3285 1106 3365 significat
1138 3304 1299 3364 numerum
1334 3291 1460 3366 propter

110 3390 335 3458 „discretionem
368 3409 424 3474 per
452 3390 472 3452 b
506 3399 621 3454 mutam
649 3389 809 3474 scribitur,
843 3409 899 3454 cco
933 3393 1074 3473 superius
1109 3393 1236 3456 fecimus
1265 3393 1458 3454 mentionem.

121 3497 235 3562 bissum
260 3503 364 3584 etiam,
388 3499 468 3582 quod
493 3501 645 3580 integrum
669 3499 818 3580 significat
842 3489 1015 3581 ἀκέραιον,
1040 3519 1096 3583 per
1116 3498 1135 3562 b
1155 3510 1268 3564 mutam
1292 3503 1323 3563 in
1345 3499 1458 3581 glosse-

84 3606 253 3688 mmatibus
276 3610 406 3690 repperi.
451 3625 505 3668 vos
527 3607 629 3688 longa,
653 3608 679 3669 si
703 3624 871 3688 pronomen
896 3608 1001 3690 inerit,
1029 3627 1084 3690 per
1108 3629 1126 3669 r
1149 3608 1282 3672 vocalem
1306 3627 1362 3691 pro
1387 3627 1458 3671 con·

120 3725 245 3779 sonante
270 3719 412 3800 positam,
441 3717 616 3797 mnemon,
644 3733 701 3796 per
724 3713 743 3774 b
768 3723 882 3778 mutam
906 3715 1072 3800 scribetur,
1101 3713 1166 3779 aliis
1191 3717 1307 3779 scilicet
1337 3715 1458 3779 casibus

120 3823 302 3905 inutraque
321 3842 448 3887 numero
467 3823 545 3885 banc
569 3840 645 3903 quiae
671 3829 717 3883 est
743 3823 894 3904 inpriore
916 3823 1026 3904 syllaba
1046 3827 1228 3906 scripturam
1249 3825 1457 3906 sequentibus.

121 3930 171 3992 sed
197 3935 341 4012 quoniam
364 3934 395 3996 iu
420 3933 560 4013 genetivo
585 3937 616 3992 et
638 3931 670 3991 in
693 3926 760 3992 aliia
785 3930 904 3994 caethus
928 3943 1050 4014 praeter
1075 3935 1242 3996 vocativum
1265 3933 1323 3996 boc
1348 3952 1457 3996 nomen
1531 3983 1535 3994 .

120 4058 261 4104 crescere
285 4042 481 4122 cognorimus
497 4048 536 4114 ,et
559 4056 646 4121 perr
670 4037 801 4101 litteram
823 4044 1024 4122 posteriorem
1050 4061 1171 4124 quoque
1196 4041 1338 4123 syllabam
1362 4058 1458 4103 enun-

8 4151 11 4162 ’
84 4149 188 4210 retiari
205 4141 292 4232 (bos
322 4151 401 4212 enim
426 4147 526 4229 boris,
553 4144 626 4208 dcet
648 4135 777 4208 similem
801 4151 941 4228 genetivo
965 4152 1183 4213 nominativum
1207 4147 1328 4230 quidam
1353 4149 1456 4210 decer·

48 4282 53 4290 ¹
119 4263 206 4340 nant,
235 4263 266 4319 et
293 4255 363 4320 bori
391 4255 490 4319 dativo
515 4263 546 4316 et
569 4255 740 4316 accusativo
770 4253 878 4318 bovem
903 4252 1001 4344 iacit),
1030 4261 1130 4321 evcnit
1158 4259 1248 4320 etiam
1277 4255 1457 4337 quibusdum

120 4362 294 4428 nominibus
318 4367 349 4428 in
370 4384 441 4429 caso
462 4364 686 4457 nominativos
706 4361 838 4426 litteram
861 4367 983 4446 penitus
1006 4385 1065 4429 non
1090 4365 1217 4447 babere,
1239 4367 1271 4426 iu
1295 4363 1361 4426 aliis
1385 4383 1457 4428 vcro

210 4546 228 4597 i
248 4540 327 4616 qnod
344 4541 364 4598 b
383 4543 492 4598 mamm
512 4535 688 4596 cousuetudo
707 4537 829 4596 tradidit
841 4539 877 4596 'in
896 4540 1038 4612 scriptura
1057 4538 1086 4594 P
1162 4536 1317 4595 eiecimus
1336 4538 1457 4596 meudo-

120 4619 197 4696 nem]
218 4621 448 4680 meminimusP
509 4619 607 4679 deberi
623 4616 691 4673 NP
750 4623 766 4675 t
786 4621 931 4691 sequentis
951 4619 980 4676 P
1049 4626 1065 4676 9
1084 4619 1192 4677 bissum
1212 4619 1299 4676 etiam
1318 4637 1457 4688 esepesov

120 4717 170 4772 per
188 4702 207 4759 b
227 4704 338 4759 mutam
356 4701 386 4758 in
405 4700 625 4776 glossematibus
643 4701 737 4773 reperi
757 4701 786 4756 P
839 4695 991 4774 deiparae]
1012 4718 1154 4773 uouepeos
1172 4700 1207 4755 N
1264 4700 1457 4773 glosemmati·

120 4780 172 4838 bus
190 4783 226 4838 N
298 4790 329 4840 11
354 4784 480 4856 positam
499 4799 549 4838 oon
569 4780 609 4851 N,
629 4781 693 4838 odd.
714 4781 743 4837 P
814 4789 848 4839 14
871 4799 923 4854 par
940 4782 960 4837 b
979 4781 1106 4838 litteram
1126 4788 1152 4839 et
1169 4783 1269 4838 deiude
1286 4781 1369 4839 bobis
1389 4783 1457 4840 bebi

120 4861 224 4921 bobern
245 4863 275 4919 P
347 4871 380 4920 tt
400 4864 535 4922 decerunt
553 4863 587 4919 N
602 4861 781 4920 decreverint
799 4862 828 4918 P

175 4972 335 5006 susurret
350 4973 438 5008 nsum
452 4975 497 5008 err.
1205 4958 1238 5008 12
