3610 5482
333 405 378 474 48
670 404 677 416 ’
743 433 747 442 ·
804 397 839 476 ,’
879 405 981 463 VELII
1000 405 1116 464 LONGI

333 510 430 560 passa
446 510 511 553 mr.

339 594 460 678 quidam
474 602 591 679 putant,
615 592 786 658 Simonides
801 597 918 659 Invenit
934 596 1007 660 daras
1027 595 1153 680 vocales,
1177 615 1251 680 quas
1270 596 1345 661 dixit
1363 589 1465 682 φύσει
1485 588 1625 680 μακράς,
1647 615 1670 676 η

334 712 364 766 et
384 723 421 784 ω,
440 712 475 768 ut
494 711 597 768 essent
615 693 821 786 ἄντίστοιχοι
840 701 887 793 τῷ
908 699 997 770 ικαὶ
1016 701 1062 792 τῷ
1083 726 1112 786 o,
1131 715 1166 770 ut
1180 724 1240 788 quo
1256 703 1344 768 modo
1359 705 1415 769 bae
1429 705 1547 769 litterae
1562 704 1670 786 longae

333 811 518 898 dicerentur,
538 833 559 896 η
575 821 605 875 et
621 832 657 895 n,
675 813 716 874 ita
736 819 767 874 et
785 810 852 875 illae
873 822 979 878 natura
1002 813 1119 894 breves.
1149 815 1221 896 quin
1237 815 1326 876 etiam
1342 814 1509 878 secundum
1529 821 1669 876 naturam

334 923 429 1003 magis
456 921 535 1004 apud
565 939 620 984 nos
643 921 700 982 bos
724 921 859 1003 quinque
883 920 1000 984 litteras
1024 923 1126 986 cllerri
1155 939 1245 1004 quam
1276 921 1356 1004 apud
1380 919 1512 985 Graecos
1536 941 1597 985 non
1621 931 1671 984 est

333 1028 460 1093 dubium
487 1031 524 1090 iis
552 1029 605 1110 qui
633 1045 723 1092 aures
751 1027 871 1092 babent.
898 1029 1046 1107 ivocales
1075 1033 1156 1094 enim
1186 1030 1310 1093 eaedem
1342 1038 1413 1093 sunt
1442 1038 1472 1092 ct
1496 1027 1612 1092 litterae
1637 1035 1700 1090 eta

333 1135 473 1221 syllabae,
496 1155 557 1200 non
578 1137 668 1200 sicuti
687 1143 816 1200 ceterae.
855 1139 1025 1202 cumcuim
1045 1137 1173 1202 dicimus
1192 1129 1330 1222 ἄλφαι,
1354 1140 1507 1221 inpriore
1527 1136 1670 1218 litteram,

333 1247 365 1307 in
390 1254 535 1328 sequente
561 1243 703 1328 syllabam
728 1245 865 1310 dicimus.

423 1353 468 1416 Ex
495 1353 544 1417 bis
572 1353 724 1418 vocalibus
753 1374 829 1436 quae
854 1353 933 1437 apud
958 1373 1014 1417 nos
1037 1364 1109 1418 sunt
1133 1355 1208 1418 duae
1228 1351 1357 1418 'litterae
1382 1363 1413 1417 et
1436 1355 1585 1418 vocalium
1607 1356 1669 1415 rim

332 1470 364 1524 et
392 1464 621 1526 consonantium
650 1461 802 1546 obtinent,
831 1470 906 1524 net
930 1465 948 1524 i.
989 1481 1049 1544 quo
1078 1443 1169 1524 modo
1196 1471 1297 1526 antem
1326 1463 1459 1525 discerni
1488 1465 1604 1544 possint
1636 1464 1668 1522 in

334 1571 390 1634 bac
418 1559 533 1655 duplici
562 1579 729 1655 potestate,
760 1569 894 1633 breviter
922 1570 1145 1654 explicabimus.
1185 1566 1209 1650 †
1237 1579 1377 1635 constant
1405 1589 1510 1634 omnes
1539 1567 1669 1653 syllabae
1683 1586 1715 1663 ιο

333 1681 441 1762 spiritu
471 1682 665 1742 consonantis
695 1681 770 1741 item
798 1681 980 1742 accessionis
1008 1677 1075 1743 loco
1103 1699 1184 1764 esse,
1215 1691 1249 1743 nt
1278 1681 1445 1744 immutatis
1468 1678 1527 1742 illis
1551 1677 1669 1741 nihile

333 1796 441 1851 natura
464 1785 592 1870 syllabae
617 1795 761 1850 mutetur.
799 1789 879 1850 sicut
907 1787 983 1850 nibil
1006 1790 1134 1851 interest
1158 1796 1261 1851 utrum
1285 1807 1303 1850 a
1326 1788 1462 1851 dicamus
1485 1805 1523 1849 an
1547 1784 1598 1862 ba,
1623 1788 1668 1848 sic

302 1887 305 1893 “
334 1895 407 1958 nibil
436 1898 563 1961 interest
591 1913 629 1958 an
653 1885 684 1957 et
711 1897 740 1957 ia
763 1895 898 1958 dicamus
922 1904 954 1958 et
977 1913 1025 1959 ra:
1054 1914 1125 1959 cum
1153 1895 1230 1959 duae
1260 1895 1378 1960 vocales
1407 1895 1524 1958 scilicet
1547 1897 1669 1958 iunctae

334 2006 440 2087 utique
464 2003 583 2086 longam
608 2002 749 2086 syllabam
774 1985 893 2088 iaciant,
912 2003 1039 2068 decebat
1063 2013 1094 2066 et
1116 2004 1172 2067 bac
1196 2005 1296 2067 littera
1320 2004 1434 2068 adiecta
1459 2005 1525 2065 lieri
1548 2001 1670 2085 longam

334 2111 484 2194 syllabam.
527 2121 617 2194 atque
649 2111 723 2174 adeo
754 2130 924 2176 consonans
954 2119 1025 2190 est,¹
1047 2122 1081 2176 ut
1114 2115 1143 2176 in
1175 2123 1273 2176 metro
1304 2113 1384 2176 idem
1412 2119 1554 2194 praestet.
1598 2129 1670 2174 cum
1685 2113 1720 2166 ιδ’

334 2222 416 2284 enim
439 2218 506 2302 lego
583 2265 585 2268 -

499 2337 534 2392 et
557 2330 660 2412 iacit,
685 2337 855 2392 arrectae
880 2338 1021 2393 mentes
1045 2329 1330 2411 stupefactaque
1355 2328 1481 2411 corda,

333 2439 368 2500 iit
394 2439 512 2520 primus
538 2457 593 2520 pes
621 2435 772 2522 dactylus,
805 2433 852 2500 ‘et
884 2433 994 2522 iacit',
1016 2438 1143 2522 proinde
1175 2457 1210 2501 ac
1240 2440 1266 2500 si
1295 2441 1451 2502 immutata
1479 2436 1535 2500 bac
1552 2439 1630 2522 ¹ipsa
1658 2439 1668 2499 i

333 2548 492 2628 positaque
520 2563 575 2628 pro
605 2565 640 2608 ea
668 2545 723 2608 alia
752 2555 937 2610 consonante
967 2547 1101 2610 dicerem
1129 2542 1178 2610 ‘et
1200 2541 1297 2610 tacit'.
1336 2545 1409 2610 illud
1439 2564 1511 2609 sane
1535 2544 1667 2608 animad-

333 2654 521 2742 vertendum,
544 2653 621 2736 banc
646 2653 771 2716 candem
791 2652 922 2718 litteram
946 2673 1007 2716 non
1031 2673 1195 2736 numquam
1214 2673 1269 2737 pro
1290 2653 1408 2718 duabus
1427 2654 1665 2718 consonantibus
1681 2669 1713 2710 so

334 2781 452 2847 sonare,
476 2765 501 2825 si
525 2761 614 2825 modo
638 2771 784 2845 sequente
808 2759 903 2823 vocali
926 2764 1085 2825 interiecta
1109 2766 1157 2826 sit
1195 2765 1296 2844 itaque
1317 2781 1404 2826 nemo
1425 2761 1574 2826 dubitabit
1594 2765 1667 2843 quin

333 2880 365 2936 et
388 2872 437 2934 bic
461 2887 566 2934 versus
590 2869 688 2934 bouus
712 2873 765 2954 sit,
1205 2861 1210 2869 ¹

438 3027 443 3034 .
498 2981 567 3042 iam
591 2977 726 3042 vitulos
749 2979 902 3042 hortare
925 2982 1091 3061 viamque
1117 2981 1249 3041 insiste
1274 2980 1451 3042 domandi.

337 3107 406 3152 nam
429 3083 507 3163 ‘iam
524 3082 599 3150 ritu'
624 3086 760 3170 dactylus
791 3067 851 3172 esi,
882 3089 1024 3168 qnoniam
1051 3089 1147 3168 prima
1178 3086 1288 3169 syllaba
1317 3088 1404 3169 longa
1432 3097 1479 3150 est
1509 3091 1668 3169 positione.

268 3185 273 3192 ’
336 3205 521 3260 consonante
555 3197 634 3260 enim
667 3199 825 3260 terminata
860 3213 890 3257 m
919 3197 1070 3276 excipitur
1098 3215 1115 3255 r
1143 3193 1257 3281 littera,
1287 3214 1364 3278 qnae
1395 3214 1452 3277 pro
1482 3205 1667 3258 consonante
1684 3211 1713 3250 ιι

335 3339 552 3352 affl

428 3408 523 3466 omre
541 3408 692 3464 Parrbams'
731 3354 929 3480 ladymonidss
948 3405 983 3462 G:
1002 3405 1202 3478 inspersam
1288 3401 1494 3477 triniacum
1548 3405 1668 3461 -lhss

334 3545 387 3584 ost.
445 3527 540 3586 afferri
559 3511 609 3600 qni
624 3526 701 3599 apud
716 3541 833 3599 graacm
852 3488 879 3580 fl
897 3541 954 3580 non
968 3502 1144 3582 est'dubium
1164 3525 1203 3580 sis
1217 3524 1267 3595 qni
1281 3541 1364 3581 aures
1379 3524 1487 3581 babent
1501 3522 1535 3580 0:
1554 3522 1581 3578 N
1597 3523 1667 3579 titte-

335 3635 398 3674 rcm
416 3619 589 3688 mouente
657 3617 793 3674 tendam
857 3614 1026 3687 toptinent
1094 3634 1151 3686 quc
1170 3615 1267 3688 modo]
1287 3616 1400 3688 quando
1468 3619 1500 3669 12
1519 3617 1615 3670 utrum
1635 3631 1668 3668 sa

334 3700 428 3756 dicam
447 3699 492 3756 tia
509 3715 546 3755 an
564 3699 603 3755 ba
667 3706 700 3754 tt
720 3715 756 3756 an
776 3699 863 3756 etiarn
878 3697 973 3754 dicam
988 3699 1018 3753 st
1032 3713 1069 3754 ua
1123 3694 1244 3768 scilicet]
1264 3696 1321 3753 sint
1385 3703 1417 3753 17
1437 3699 1549 3751 auecta
1562 3694 1667 3750 mentis

320 3787 366 3837 ot
383 3781 494 3836 cidetsu
513 3779 544 3848 0,
562 3795 632 3836 corr.
653 3783 764 3838 maesia
781 3783 876 3837 mente
896 3797 912 3836 c
995 3783 1028 3833 ts
1048 3778 1102 3834 hac
1119 3777 1184 3858 ipsa
1201 3776 1391 3850 impositaque
1483 3784 1516 3833 21
1537 3777 1668 3849 sequenti

334 3861 429 3921 nocali
506 3859 652 3917 dubitauit
733 3867 768 3918 it
787 3861 862 3936 uita]
882 3861 957 3918 uitul
1039 3866 1074 3916 26
1093 3858 1261 3916 consonanti
1279 3860 1355 3917 enim
1428 3877 1480 3932 pro
1500 3857 1668 3916 consonanti
1778 3886 1789 3894 -

426 4046 628 4122 adorirentur
646 4049 675 4106 R
762 4059 780 4108 4
799 4053 876 4125 apud
895 4070 946 4109 nos
965 4053 1090 4123 quinquo
1109 4050 1220 4107 litteras
1239 4049 1268 4106 R
1354 4066 1412 4107 non
1431 4054 1475 4107 est
1492 4049 1624 4119 dubium,
1643 4049 1668 4105 si

336 4135 502 4209 quis-auras
520 4121 609 4190 habet
627 4129 655 4186 R
729 4133 889 4205 coeterae]
910 4149 1029 4205 graecas
1048 4132 1185 4187 Seralerses
1259 4139 1275 4188 'i
1298 4131 1466 4202 scnemata
1484 4134 1619 4202 sequente
1639 4133 1668 4186 st

336 4216 478 4288 syllabam
502 4213 630 4272 dicimus.
672 4233 740 4272 nom
764 4217 862 4271 laticis
885 4217 1023 4271 vocalium
1045 4215 1207 4270 nominibus
1229 4231 1287 4270 nors
1311 4215 1399 4270 scissos
1423 4215 1514 4283 ipsum
1538 4213 1668 4278 litteram,

335 4300 407 4356 sicut
425 4298 503 4368 opttd
522 4295 656 4364 Graecos,
678 4299 725 4353 sed
748 4299 831 4352 etium
852 4296 989 4368 syllabam
1008 4313 1041 4352 ea
1066 4298 1159 4352 littera
1177 4295 1282 4362 factam
1301 4296 1426 4350 indicari
1444 4295 1513 4348 dicto
1529 4309 1667 4362 prumano·

336 4381 408 4436 ticsss
481 4384 498 4434 2
517 4397 536 4434 ιι
555 4380 585 4435 st
602 4379 624 4452 i]
640 4385 777 4450 122220.
797 4384 890 4436 2222
955 4383 988 4432 10
1007 4378 1126 4444 sonasse
1144 4379 1257 4432 constat
1277 4375 1353 4432 omni
1371 4373 1497 4445 syllabae
1516 4389 1587 4442 opus
1606 4388 1666 4428 esse

306 4487 308 4492 ·
336 4459 444 4530 vocali,
463 4463 650 4517 consonantes
669 4459 739 4516 item
758 4457 928 4514 accessionis
947 4458 1011 4514 loco
1031 4473 1091 4513 esse
1173 4463 1205 4514 tn
1226 4461 1321 4514 utrum
1340 4473 1371 4512 sa
1389 4454 1483 4512 dicam
1502 4472 1546 4527 aa,
1565 4471 1602 4510 an
1620 4453 1667 4526 ba,

336 4539 380 4598 sic¹
395 4540 467 4596 nihil
491 4541 612 4598 interest
633 4557 670 4597 an
689 4541 777 4598 ctiam
802 4539 896 4595 dicam
915 4541 945 4594 et
962 4555 1007 4594 ra
1026 4555 1092 4594 cnm
1110 4537 1184 4594 duas
1204 4537 1317 4594 uocales
1336 4537 1394 4592 sint
1416 4535 1542 4602 iunctae,
1567 4533 1667 4606 utiquc

336 4621 424 4694 longa
442 4621 552 4691 syllaba
568 4625 655 4693 atque
674 4622 746 4678 adeo
765 4635 922 4678 consonans
942 4625 985 4674 est
1002 4618 1031 4674 R
1112 4627 1145 4676 tt
1165 4623 1196 4676 et
1212 4617 1293 4690 iacit]
1319 4617 1399 4694 γαρ.
1418 4619 1489 4672 Am.
1515 4615 1541 4670 V
1557 4622 1613 4672 643

336 4706 448 4760 arrecta
465 4705 594 4759 menum
611 4702 640 4758 R
714 4708 748 4759 18
767 4699 904 4773 bac-ipsa
921 4698 1112 4770 impositaque
1131 4701 1159 4756 1t
1260 4707 1294 4755 21
1313 4701 1448 4769 sequente
1467 4697 1561 4754 vocali
1580 4697 1667 4754 inter·

336 4783 423 4856 iacta]
442 4801 470 4854 p.
490 4789 573 4840 2220
592 4786 641 4840 sed
659 4785 805 4856 quotiens,
824 4785 962 4852 utsupra
980 4779 1114 4854 diximus,
1136 4782 1246 4839 duabus
1260 4779 1407 4836 vocalibus
1426 4776 1578 4835 interiecta
1596 4778 1667 4836 baec

335 4867 435 4923 littera
453 4869 508 4936 ost,
527 4865 647 4920 duarum
666 4863 882 4922 consonantium
901 4859 1013 4918 obtinet
1031 4859 1124 4918 ricem
1198 4865 1294 4933 itaque
1311 4893 1342 4903 -
1359 4861 1450 4918 bonus
1470 4861 1508 4917 sit
1526 4877 1577 4919 osa.
1597 4861 1626 4919 R

335 4947 406 5022 mm]
433 4945 512 5019 Vero.
529 4961 618 5019 prora
640 4947 704 5002 ΙΙΙ
722 4952 778 5003 1⁶4
