3564 5482
370 377 437 446 396
943 381 1121 441 DOSITHEI

368 491 391 531 p.
406 483 433 524 aa
447 481 477 524 aa.

368 567 493 652 Adellls,
517 571 598 634 ensis
622 569 756 634 ensiculo
779 579 810 635 et
834 571 1002 655 ensiculus,
1025 581 1060 636 ut
1078 571 1203 638 Plautus
1228 571 1272 654 [ln
1293 573 1409 658 singula
1430 573 1473 656 et]
1498 577 1530 639 lu
1549 573 1692 638 Rudente.

369 687 543 761 monoptota
566 697 638 742 vero
662 683 782 744 nomina
806 691 837 743 et
867 681 942 744 baec
966 699 1043 763 quae
1068 692 1173 746 natura
1202 681 1365 765 ,singularia
1389 694 1475 769 saint,
1503 683 1532 747 id
1563 694 1610 748 est
1638 685 1690 747 ele·

368 796 482 872 menn,
508 792 580 852 item
599 789 757 855 llnminum
782 801 813 855 et
835 794 983 856 montium
1007 793 1128 855 nomina
1152 795 1288 876 propria,
1317 795 1389 856 itenr
1418 792 1483 857 dies
1512 794 1598 877 testi,
1625 795 1691 856 item

367 895 537 961 litterarum
557 897 714 985 elementa,
733 903 805 964 item
825 903 954 984 numeri,
973 901 1213 986 diminutionem,
1237 901 1318 984 quod
1338 899 1445 964 Graeci
1464 891 1692 986 ῦποκορισμόν

367 1005 526 1089 appeliant,
551 1027 610 1072 non
634 1012 794 1094 recipiunt„
840 1021 912 1075 sum
939 1013 1033 1074 etiam
1056 1029 1137 1090 pune
1162 1013 1279 1076 Graeci
1305 1003 1472 1094 δημοτικά
1496 1015 1618 1090 dictent,
1641 1026 1724 1074 nost

367 1133 428 1178 non
461 1114 591 1180 absurde
623 1117 755 1183 verbalia
778 1119 963 1202 dixerimus,
980 1127 1015 1183 ut
1038 1129 1085 1183 est
1108 1140 1124 1183 a
1148 1119 1240 1183 aerbo
1263 1119 1330 1203 lego
1354 1119 1458 1202 lectio,
1486 1129 1517 1183 et
1540 1130 1692 1204 raptaret

366 1242 530 1306 percussor
553 1245 589 1288 er
613 1227 753 1309 eoquod
777 1237 823 1292 est
846 1230 929 1312 rapio
953 1237 983 1291 et
1006 1231 1154 1312 percutio.

457 1333 609 1408 Quaedam
642 1337 792 1418 generalia
825 1347 910 1421 suut,
947 1336 1059 1419 quibus
1096 1335 1189 1400 multa
1224 1339 1419 1402 eontinentur
1456 1335 1628 1420 dissimilia,
1662 1347 1692 1400 ut

366 1441 475 1505 animal
499 1443 597 1508 arbor.
645 1463 679 1508 ex
705 1443 752 1508 bis
776 1453 943 1509 nascuntur
967 1445 1122 1529 specialia,
1152 1465 1228 1529 quae
1257 1445 1434 1510 dividuntur
1462 1456 1493 1509 et
1516 1448 1691 1510 minuuntur

366 1551 534 1632 originibus
558 1555 621 1617 suis
644 1552 849 1638 generalibus,
878 1563 912 1617 nt
934 1553 1025 1616 homo
1049 1573 1147 1636 equuus
1171 1563 1277 1618 taurus
1301 1555 1404 1619 laurus
1431 1557 1522 1638 pinus
1551 1555 1690 1618 lraxinns
1704 1569 1724 1608 ιι

366 1660 513 1741 quaedem
539 1662 616 1726 laeta
639 1681 656 1724 a
680 1665 763 1726 sonis
778 1662 873 1756 ,vela
898 1661 1034 1748 roribus,
1064 1673 1098 1726 ut
1121 1663 1235 1727 stridor
1257 1663 1381 1747 clangor
1403 1667 1531 1728 tinnitus
1549 1663 1692 1744 ,hinnitus

365 1767 498 1833 ululatus
523 1771 661 1835 iremitus
685 1775 828 1854 mugitus.
867 1770 1013 1852 quaedam
1032 1771 1222 1850 descendunt
1241 1771 1277 1834 ab
1297 1752 1460 1858 adverbiis,
1485 1782 1518 1836 nt
1533 1773 1692 1836 hesternus

456 1982 549 2040 Gnaeo
567 1983 767 2055 nantonense.
815 1983 883 2038 lut
901 1987 966 2040 note
989 1981 1107 2038 Plantas
1126 1999 1177 2040 οιιι.
1260 1985 1291 2041 in
1314 1984 1461 2042 rodentem
1544 1985 1692 2041 anonim

365 2079 446 2202 ήοιθ.1ίί
464 2064 746 2203 ο..Ιήιιιιιι-δίοιιιιλ
763 2081 814 2120 ιιι.
889 2068 958 2120 tut
976 2081 994 2122 a
1012 2064 1101 2122 uerba
1119 2065 1261 2138 (eom-bo)
1280 2071 1325 2123 eat
1343 2067 1409 2140 lego
1482 2081 1634 2139 perentam

457 2325 471 2374 1
492 2318 522 2376 in
539 2320 660 2394 Adellis]
676 2321 698 2375 1
703 2318 729 2374 V
740 2323 808 2386 2,d5
882 2318 1000 2376 Plautus
1019 2319 1176 2376 amiculum
1195 2319 1224 2376 in
1240 2319 1369 2378 Rudente
1384 2321 1532 2377 ϋλοιίείιιε
1544 2337 1572 2391 p.
1584 2327 1691 2390 stult,

363 2397 482 2456 Plantas
501 2401 628 2458 snaienla
644 2400 674 2457 in
693 2400 826 2457 Rudente
844 2415 900 2456 ατο.
922 2402 1031 2458 Gloria.
1046 2419 1079 2472 p.
1098 2405 1203 2470 535,25
1218 2423 1227 2456 :
1243 2401 1339 2459 Ploat.
1359 2400 1435 2458 de.
1452 2400 1602 2468 IVdm
1621 2403 1691 2460 ensi·

363 2481 457 2538 onlnst
475 2482 606 2538 aureolus
680 2487 696 2537 2
716 2501 791 2554 μονα
811 2483 842 2536 δε
864 2501 991 2552 nesporo
1007 2485 1177 2553 monoptota
1191 2498 1259 2538 nero
1273 2482 1390 2538 nomina
1405 2483 1443 2538 M
1513 2481 1691 2540 staminum

364 2565 395 2618 et
421 2563 561 2619 montium
589 2563 705 2620 nomina
732 2565 762 2618 et
790 2563 915 2632 urbium,
948 2561 1018 2618 item
1051 2563 1168 2618 deornm
1197 2565 1227 2620 et
1258 2563 1406 2620 hominnm
1434 2563 1550 2621 nomina
1577 2566 1692 2636 propris

364 2642 510 2700 δ’λιατίείνε
524 2662 556 2716 p.
575 2649 677 2712 155,19
765 2644 890 2719 equod]
915 2651 1002 2715 quiem
1026 2661 1083 2700 exe.
1104 2643 1190 2701 caer.
1212 2662 1244 2715 p.
1264 2651 1384 2714 535,28,
1409 2645 1486 2718 quod
1510 2661 1582 2702 eom.
1607 2663 1692 2716 qnam

363 2725 448 2782 οοδοπ
467 2724 592 2782 Gdoriaia'
604 2745 636 2799 p.
656 2731 758 2794 15521
834 2732 851 2780 a
871 2729 938 2782 snnt
955 2726 1043 2783 etiam
1062 2742 1136 2797 quoa
1155 2725 1192 2782 ab
1211 2727 1256 2783 hia
1275 2721 1418 2798 δημοτικά
1433 2726 1566 2784 dicuntur
1582 2728 1691 2784 Ultoris.

358 2823 389 2877 μ.
410 2812 520 2875 Idm
593 2827 675 2880 ημεις
693 2808 727 2862 δε
746 2822 799 2863 nos
818 2824 886 2864 nero
911 2809 917 2877 Ι
942 2827 995 2864 ουκ
1014 2827 1150 2878 ornator
1168 2825 1225 2865 nnn
1243 2807 1366 2866 absurde
1386 2813 1392 2878 Ι
1413 2807 1543 2864 nerbalis
1570 2827 1691 2880 ερουμιι

363 2887 515 2946 dixerimus
536 2893 541 2960 Ι
562 2909 600 2953 ως
619 2907 696 2945 εστιν
714 2909 824 2946 aaaron
844 2895 877 2946 nt
895 2891 940 2946 est
958 2905 977 2944 a
997 2888 1001 2960 Ι
1022 2892 1094 2960 λέγω
1118 2909 1243 2961 poppaeae
1266 2890 1332 2962 lego
1350 2890 1438 2946 uerbo
1456 2888 1544 2946 lentio
1565 2889 1604 2946 M
1674 2897 1690 2946 8

361 2971 478 3025 rosade
497 2989 599 3040 pereso
618 2970 759 3043 quaedam
777 2975 874 3028 nutem
892 2970 1040 3042 generalis
1059 2975 1064 3038 Ι
1086 2989 1162 3028 εστιν
1187 2991 1231 3036 οις
1253 2976 1343 3029 πολλα
1367 2974 1434 3028 sant
1452 2971 1555 3042 quibua
1573 2972 1688 3044 multat

363 3056 549 3124 κιριεχθιται
568 3053 748 3110 confinentem
768 3053 806 3109 M
879 3060 910 3108 11
931 3055 1075 3125 quaedam
1098 3055 1195 3110 antem
1217 3053 1295 3110 foeta
1315 3054 1352 3109 Μ
1424 3072 1510 3126 angae
1532 3059 1691 3125 τουχαλιιυ

361 3133 482 3190 tinnitus
501 3133 574 3190 aeris
590 3137 595 3204 Ι
611 3153 795 3206 χρεμετισμος
814 3154 891 3190 ιππω
911 3134 1038 3213 binnitns
1059 3134 1123 3206 eqni
1144 3134 1183 3190 M

363 3374 532 3458 διαφωνεῖ
625 3373 768 3440 σεῦτλον
797 3374 970 3457 σευτλίον,
1003 3369 1135 3459 μαλάχη
1165 3367 1347 3459 μαλοίχιον,
1376 3367 1566 3456 ἀρτοκόπος
1593 3369 1690 3459 eipso

360 3479 494 3566 κόπιον,
518 3481 616 3566 ξίφος
665 3486 698 3563 ,Ι
719 3476 758 3548 τῦ
778 3478 977 3568 μονόπτωτα
1002 3479 1039 3548 δὲ
1064 3475 1215 3569 ὀνόματα
1233 3479 1289 3548 καλ
1309 3481 1414 3548 ταῦτα
1432 3473 1454 3547 ἃ
1473 3476 1575 3566 φύσει
1597 3477 1690 3548 ἑνικί

362 3591 446 3674 ἐστι,
468 3590 621 3658 τουτέστι
644 3585 685 3656 τὰ
708 3602 871 3676 στοιχεῖα,
900 3585 1025 3676 ὁμοίως
1051 3591 1121 3659 τῶν
1149 3590 1310 3677 ποταμῶν
1337 3588 1394 3656 καί
1423 3591 1492 3658 τῶν
1515 3585 1628 3676 ὀρέων
1651 3589 1689 3657 τῦ

363 3693 514 3786 ὀνόματα
532 3695 642 3784 κύρια,
666 3693 792 3785 ὁμοίως
810 3700 848 3766 αί
865 3697 990 3783 ἑορταί,
1012 3694 1139 3785 ὁμοίως
1156 3699 1225 3766 τῶν
1244 3694 1451 3785 γραμμάτων
1469 3694 1510 3765 τὰ
1530 3713 1690 3787 στοιχεῖα,

362 3802 488 3894 ὁμοίως
511 3808 547 3874 ol
573 3803 732 3894 ἀριθμοί,
764 3809 921 3894 μείωσιν,
956 3801 974 3874 δ
1004 3806 1039 3874 οί
1062 3801 1224 3892 Ἕλληνες
1250 3801 1485 3892 ῦποκορισμὸν
1512 3811 1724 3893 καλοῦσιν,ι

363 3909 655 4003 οῦκᾶυαδέχεται.
702 3918 786 3983 ἔστι
819 3915 884 3983 καὶ
917 3910 938 3982 b*
971 3917 1011 3984 οί
1033 3911 1224 4002 Ἕλληνες
1252 3911 1452 4002 ῥηματικὰ
1482 3915 1690 4002 λέγουσιν,

361 4019 456 4112 ἡμεῖς
479 4023 517 4093 δὲ
541 4019 604 4092 οῦκ
627 4020 782 4111 ἀνοήτως
873 4025 1029 4112 ἐροῦμεν,
1060 4019 1114 4104 ὦς,
1134 4027 1225 4091 ἔστιν
1255 4018 1321 4091 ἀπὸ
1345 4025 1409 4091 τοῦ
1431 4023 1518 4110 λέγω
1541 4023 1691 4114 ῥήματος

405 4133 462 4202 καὶ
485 4129 596 4218 ἅρπαξ
618 4131 675 4200 καὶ
697 4129 845 4220 πλήκτης
868 4133 904 4200 έκ
926 4134 1052 4201 τούτου
1076 4129 1096 4200 ὅ
1118 4158 1150 4199 τι
1174 4128 1308 4217 ἁρπάζοι
1332 4131 1388 4200 καί
1412 4131 1560 4220 πλήσσω.

438 4241 538 4322 ΙΤινῦ
564 4240 602 4310 δὲ
625 4239 742 4329 γενικά
763 4242 867 4326 ἐστιν,
891 4234 943 4321 οίς
960 4237 1069 4310 πολλὰ
1087 4240 1272 4328 περιέχεται
1292 4237 1455 4328 οἶνόμοια,
1479 4236 1524 4320 ὡς
1542 4239 1582 4311 τὸ
1604 4245 1689 4336 ζῷον

361 4352 518 4436 δένδρου.
564 4351 601 4420 ἐκ
623 4349 756 4419 τούτων
779 4348 817 4418 δὲ
840 4353 999 4436 γεννᾶται
1028 4352 1115 4434 ίδια,
1149 4343 1170 4416 ἃ
1199 4350 1378 4436 διαιρεῖται
1406 4349 1462 4418 καὶ
1490 4349 1689 4420 λεπτύνεται
1703 4378 1725 4416 ιι

361 4456 426 4528 ἀπὸ
453 4462 515 4548 τῆς
542 4463 632 4540 ίδίας
658 4457 764 4548 ἀρχῆς
792 4460 852 4545 τῆς
883 4461 1033 4546 γενικῆς,
1068 4454 1113 4538 ὡς
1143 4454 1181 4525 τὸ
1215 4453 1402 4546 ἅνθρωπος
1433 4459 1534 4538 ἵππος
1564 4461 1690 4546 ταῦρος

362 4567 477 4656 δάφνη
509 4572 607 4650 πίτυς
639 4566 726 4651 ὀξέα.
775 4563 854 4636 τινὰ
884 4565 922 4635 δὲ
950 4567 1159 4656 πεποιημένα
1187 4567 1222 4636 ἐκ
1249 4569 1331 4636 τῶν·
1352 4563 1445 4654 ήχων
1473 4561 1494 4653 ή
1523 4563 1591 4636 ἀπὸ
1621 4572 1688 4638 τῶν

360 4681 504 4764 φωυῶυ,
538 4673 584 4758 ὡς
613 4676 651 4746 τὸ
680 4675 835 4766 τρισμός,
863 4674 1010 4764 κραυγή,
1040 4673 1058 4744 ὁ
1086 4666 1168 4764 ήχος
1200 4679 1262 4744 τοῦ
1295 4677 1437 4762 χαλκοῦ,
1470 4675 1689 4767 χρεμετισμὸς

453 4865 610 4928 Ιαρτοκος
628 4877 802 4928 αρτοκοπιον
881 4850 1023 4929 δὸρέωυ]
1043 4877 1099 4926 opos
1173 4854 1414 4924 δέου-λέγουσιν
1433 4871 1484 4910 ονε.
1560 4855 1688 4932 idoare]

361 4957 408 4996 εστ
481 4935 652 5012 διλήκτρς]
673 4959 799 5010 onustae
871 4941 1000 4993 9παλλα
1019 4957 1196 5008 montazesum
1216 4957 1343 5008 ανομαια
