3590 5486
613 275 971 342 numennumen
1039 225 1047 238 ’
1397 275 1464 343 eea

138 410 144 422 .
213 379 262 422 ,ve
275 379 301 421 r.

123 378 213 548 ἓιιᾚ
225 483 285 548 quo
302 463 390 527 modo
406 463 615 528 scandendum
633 462 829 548 iudicaverit,
840 463 940 527 videat
959 465 1012 546 qui
1030 471 1145 547 potest,
1160 437 1264 527 utrum
1278 463 1460 528 ludaeorum

125 574 201 638 duos
225 572 376 668 spondeos
400 574 505 654 quinta
532 581 670 636 etsexta
694 575 819 655 regione
843 580 949 635 contra
973 589 1102 654 morem,
1136 590 1173 636 an
1198 571 1306 638 solutis
1329 571 1461 656 syllabis,

125 685 208 746 iuxta
232 681 314 763 quod
340 700 432 764 snpra
456 684 705 766 monstravimus,
728 678 881 763 dactylum
904 682 972 744 fleri
994 679 1125 744 voluerit
1148 689 1181 744 et
1203 682 1380 764 spondeum.

156 837 207 894 VT
226 835 349 895 Pmsci
368 835 517 894 Ponunn
537 836 723 905 QVAEDAM
742 835 883 894 aninmo
902 834 1011 904 QVAM
1029 833 1204 894 nonnum
1221 787 1443 895 Postumum.

101 967 114 1007 ⁵
182 1001 187 1012 ,
216 951 291 1016 Nam
320 961 352 1016 et
378 955 410 1017 in
441 953 587 1035 exemplis
615 954 810 1034 antiquorum
838 953 1037 1014 inveniuntur
1068 951 1236 1035 aliquoties
1252 954 1316 1033 duq
1337 953 1465 1037 spondei

126 1063 156 1123 in
180 1061 240 1124 line
264 1079 384 1146 versus,
407 1064 487 1142 sicut
510 1070 542 1124 et
564 1059 674 1144 dactyli
699 1078 760 1123 non
783 1079 965 1146 numquam,
990 1069 1023 1123 ut
1047 1071 1120 1125 sunt
1142 1060 1193 1124 illa
1216 1049 1367 1148 Maronis,

289 1179 325 1234 at
347 1169 432 1234 tuba
455 1165 666 1234 terribilem
690 1170 852 1232 sonitum
875 1165 1007 1251 procul
1031 1171 1169 1232 excitat
1191 1169 1340 1232 horride
1468 1179 1472 1186 '

129 1270 159 1324 et
290 1343 351 1398 aot
373 1334 473 1398 leves
497 1352 626 1397 ocreas
649 1332 750 1396 lento
774 1331 915 1397 ducunt
938 1340 1100 1414 argento.

88 1456 112 1497 ιο
126 1444 264 1523 quamvis
287 1442 344 1506 boc
368 1445 522 1506 rarissime
547 1444 727 1516 inveniatur,
752 1443 814 1532 nisi·
834 1442 875 1504 ita
903 1439 1089 1525 ordinatum,
1112 1449 1148 1504 ut
1171 1451 1202 1505 ct
1225 1441 1334 1525 dactyli
1358 1445 1411 1525 qui
1434 1445 1466 1506 in

125 1551 185 1614 line
209 1561 258 1614 est
286 1551 391 1614 ultima
419 1550 531 1634 syllaba
561 1569 617 1633 per
640 1547 826 1632 squalipham
850 1550 991 1631 sequenti
1015 1551 1118 1612 versui
1144 1550 1296 1635 iungatur,
1320 1559 1351 1615 et
1374 1571 1466 1634 spon·

95 1657 202 1723 ‚deus
235 1663 287 1742 qui
319 1661 350 1724 in
379 1663 485 1744 quinta
514 1661 637 1741 regione
666 1667 714 1722 est
745 1675 761 1720 r
789 1656 920 1721 litteram
955 1655 1064 1720 habeat
1091 1655 1178 1720 alteri
1210 1663 1389 1724 consonanti
1420 1658 1466 1722 vel

51 1830 55 1840 ,
124 1769 329 1850 praepositam
360 1769 407 1832 vel
438 1768 619 1850 subiectam,
650 1769 738 1830 cuius
769 1765 882 1828 duritia
912 1783 968 1848 per
997 1764 1144 1828 adiectam
1175 1767 1306 1831 vocalem
1339 1768 1467 1851 levigata

127 1875 264 1958 dactylus
287 1880 437 1941 sentiatur
459 1879 492 1940 in
516 1895 607 1960 sono,
631 1894 702 1939 cum
725 1885 830 1958 pareat
853 1873 1009 1957 spondeus
1026 1875 1059 1938 in
1079 1877 1203 1958 scripto.
1242 1877 1323 1958 quod
1348 1888 1466 1940 utrum·

89 1999 114 2040 n
128 2002 187 2065 que
211 1993 248 2047 ut
274 1985 339 2069 fiat,
367 1985 512 2068 exemplis
536 2003 629 2067 supra
653 1985 897 2047 monstravimus.
935 1983 986 2062 qui
1015 1990 1045 2044 et
1073 1980 1140 2045 aliis
1165 1985 1197 2046 in
1223 1987 1349 2048 metrico
1374 2004 1467 2068 opere

127 2090 244 2174 regulis
262 2093 392 2158 muitum
415 2093 510 2157 libere
530 2092 704 2175 utebantur,
728 2109 804 2173 quas
824 2088 963 2152 moderni
986 2099 1093 2172 poetae
1114 2091 1287 2157 distinctius
1306 2095 1342 2157 ad
1363 2105 1466 2158 certae

128 2209 265 2264 normam
280 2201 466 2266 delinitionis
476 2203 637 2266 observare
650 2199 831 2266 maluerunt.
853 2217 923 2262 nam
939 2207 969 2261 et
983 2198 1116 2262 vocalem
1131 2199 1264 2286 brevem,
1274 2221 1351 2284 quae
1367 2222 1387 2285 q
1403 2211 1467 2265 etu

130 2319 160 2372 et
183 2309 281 2372 vocali
304 2309 438 2392 qualibet
461 2313 665 2394 exciperetur,
688 2309 852 2372 voluerunt
874 2326 943 2370 esse
967 2325 1174 2393 communem,
1197 2319 1232 2373 ut
1255 2309 1416 2402 Lueretius

293 2437 383 2501 quae
407 2419 565 2483 calidum
589 2418 732 2481 iaciunt
755 2433 868 2506 aquae
894 2423 1032 2478 tactum
1056 2423 1166 2498 atque
1191 2437 1374 2504 vaporem3

92 2542 117 2583 tt
130 2535 160 2590 et
178 2525 313 2591 vocalem
332 2530 365 2591 in
388 2529 448 2590 line
467 2526 552 2590 verbi
575 2526 713 2608 brevem,
737 2543 815 2606 quae
835 2525 1029 2605 exciperetur
1048 2543 1064 2586 a
1084 2537 1270 2590 consonante
1290 2536 1321 2590 et
1344 2527 1467 2611 liquida,

130 2637 211 2699 inter
234 2653 411 2700 communes
435 2634 562 2718 syllabas
586 2635 786 2717 deputarunt,
809 2640 844 2695 ut
866 2629 1009 2713 Virgilius

295 2753 495 2827 aestusque
518 2743 737 2826 pluviasque
762 2750 799 2803 et
816 2748 973 2824 agentes
997 2741 1136 2821 frigora
1157 2754 1290 2810 ventos

132 2845 163 2896 et
295 2908 326 2969 si
349 2906 420 2971 tibi
442 2907 615 2970 lanicium
638 2899 643 2986 Ι
664 2923 790 2988 curae,
813 2905 968 2986 primum
993 2922 1122 2986 aspera
1147 2906 1238 2970 silva

92 3031 119 3072 es
295 3014 499 3100 lappaeque
525 3013 733 3096 tribulique
757 3012 894 3095 absint,
917 3011 1002 3094 luge
1026 3012 1157 3094 pabula
1181 3001 1290 3094 laeta,

132 3123 213 3206 quod
243 3141 325 3187 nunc
352 3134 458 3208 poetae
487 3127 519 3186 in
547 3123 653 3186 eadem
680 3129 767 3204 parte
796 3121 957 3203 orationis,
985 3131 1020 3185 ut
1048 3141 1139 3205 supra
1169 3125 1343 3211 docuimus,
1377 3131 1471 3211 magis

132 3232 199 3295 iteri
222 3240 365 3313 oportere
389 3233 567 3298 decernunt
604 3231 684 3294 idem
708 3228 843 3293 vocalem
865 3231 896 3293 in
921 3231 981 3293 line
1000 3229 1085 3294 verbi
1109 3243 1294 3318 correptam,
1319 3255 1396 3318 quae
1421 3257 1471 3301 ex·

133 3343 247 3423 cipitur
260 3359 278 3402 a
291 3339 391 3404 littera
406 3361 431 3425 z,
444 3344 525 3404 inter
540 3358 717 3405 communes
732 3337 860 3421 syllabas
875 3338 1039 3423 deputavit,
1055 3349 1088 3402 ui
1103 3335 1283 3424 ‘Eurique
1299 3343 1471 3432 Zephyri-

133 3467 201 3531 que
222 3457 325 3512 tonat
343 3443 494 3512 domus'.
519 3451 572 3531 qui
591 3447 696 3512 eadem
714 3446 855 3510 libertate
877 3444 1031 3528 synalipba
1050 3447 1202 3533 utebatur,
1222 3452 1372 3533 siquidem
1387 3463 1419 3516 et
1431 3473 1532 3536 ms„

95 3573 121 3615 ao
133 3556 186 3620 ubl
205 3551 310 3640 voluit,
327 3561 360 3620 ln
379 3558 439 3620 llne
458 3556 543 3620 verbi
561 3559 690 3639 positam
709 3574 725 3617 a
746 3557 989 3637 supervenientis
1008 3555 1119 3619 vocalis
1138 3557 1350 3646 absumptione
1370 3580 1469 3624 reser-

134 3669 228 3749 vavit,
246 3673 281 3729 ut
300 3660 451 3730 ‘iterum
468 3669 678 3746 iterumque
698 3656 876 3743 monebo'3
896 3669 928 3724 et
945 3661 1064 3745 longam
1083 3665 1216 3730 vocalem
1236 3667 1354 3752 longam
1374 3688 1470 3733 rema-

136 3791 209 3837 nere
234 3775 387 3856 permisit,
410 3784 445 3837 ut

227 3919 315 3976 tVT
334 3951 369 3963 -
388 3919 616 3994 Posvnttmr]
642 3917 691 3975 DE
711 3916 886 3976 DACTYLO
905 3917 955 3974 ET
974 3917 1147 3977 SPONDEO
1168 3921 1197 3977 P
1269 3931 1286 3981 t
1311 3931 1341 3983 et
1363 3926 1473 3999 dactyli

136 4000 200 4058 FL
219 4002 250 4058 et
268 4000 324 4059 duo
344 4001 452 4073 dactyli
472 4001 524 4060 ςΡ
584 4006 599 4056 ‘l
620 4003 651 4056 at
667 3999 751 4073 iubs]
778 3999 855 4071 Verg.
875 4001 944 4056 Aen.
971 3999 1084 4055 VIIII
1100 4005 1156 4058 503
1175 4005 1208 4059 ai
1224 4005 1296 4061 tube
1313 4007 1472 4066 terribilem

120 4077 262 4141 'sonitum
280 4082 382 4155 procul
400 4098 467 4139 aere
483 4097 586 4138 canoro
656 4079 751 4136 sonitu
769 4079 801 4136 F
868 4081 974 4138 excitet
991 4080 1107 4138 horrida
1125 4083 1158 4138 in
1176 4085 1265 4142 litura
1282 4089 1390 4160 scriptu
1407 4096 1474 4146 suut

135 4165 168 4220 in
187 4161 220 4220 F
281 4167 369 4222 taut
387 4163 478 4237 leves]
504 4161 584 4234 Verq.
604 4162 675 4218 Aere.
700 4159 770 4216 VII
786 4165 843 4218 634
909 4168 942 4220 13
962 4163 1068 4239 duribp
1088 4161 1120 4220 F
1184 4171 1217 4222 ib
1237 4167 1286 4238 qni
1304 4171 1383 4240 (quis
1401 4188 1473 4229 corr.

137 4243 186 4317 qni
205 4245 245 4318 L)
263 4248 295 4303 et
312 4245 377 4303 aliis
398 4244 518 4304 FLPe
536 4242 651 4315 antiqui
669 4244 699 4299 ol
716 4241 783 4299 aliis
801 4242 951 4303 Pieiacbiut
1008 4252 1040 4302 16
1060 4245 1183 4302 multum
1201 4263 1253 4306 om.
1269 4250 1309 4319 L,
1329 4253 1395 4310 add.
1410 4252 1475 4312 FP

171 4327 263 4385 iibere
281 4329 314 4386 in
331 4345 420 4400 muru.
439 4326 506 4384 add.
526 4323 558 4381 F
609 4322 703 4396 poetis
723 4322 754 4378 F
807 4327 914 4401 certes]
935 4344 982 4384 cer
1000 4329 1033 4384 in
1049 4329 1105 4397 tine
1123 4344 1218 4386 cunta
1237 4328 1270 4385 F
1324 4338 1357 4389 ii
1377 4338 1473 4406 qetu

137 4406 202 4466 FP
215 4410 227 4466 i
242 4413 272 4468 et
285 4429 305 4467 n
320 4409 349 4467 L
406 4417 440 4468 ta
460 4425 534 4481 qnae
554 4404 692 4478 cendum]
708 4404 823 4466 Iaceret.
844 4407 892 4463 VI
904 4415 971 4467 868.
992 4410 1082 4466 oden
1096 4409 1218 4481 marculo
1231 4429 1302 4484 aecus
1314 4421 1353 4470 esi
1365 4417 1474 4474 Aueiae

139 4493 173 4549 de
190 4493 307 4572 syiipbrir
322 4499 386 4566 p.9
442 4489 546 4563 oquae]
567 4485 701 4560 atqueL
738 4489 868 4545 meum
887 4506 958 4547 corr.
977 4489 1133 4547 taetumF
1193 4498 1228 4549 22
1247 4498 1417 4568 esstmqune
1431 4498 1473 4555 Fe

145 4573 440 4648 Verq.qeorg.13i›2
497 4578 532 4628 it
551 4569 576 4627 si
589 4567 656 4642 tibi]
676 4567 755 4640 Verp.
768 4586 861 4643 georg.
871 4571 937 4625 ΙΙΙ
949 4574 1006 4628 384
1060 4571 1217 4630 lutinitdum
1231 4573 1264 4630 F
1316 4593 1400 4636 curse
1414 4579 1476 4636 FP

142 4673 209 4712 coru
222 4659 267 4712 ert
278 4654 306 4711 L
362 4653 477 4728 supera]
493 4651 591 4725 equile
605 4657 630 4709 et
643 4653 676 4707 iu
688 4667 776 4722 marg.
788 4669 891 4724 aspera
906 4651 935 4708 P
988 4657 1023 4710 28
1034 4651 1174 4729 Eurique]
1188 4652 1268 4728 Verg.
1278 4674 1367 4732 georg.
1384 4662 1406 4716 1
1418 4666 1472 4718 371

179 4737 350 4809 dopositum
358 4732 573 4808 FPiposuiiL
624 4731 866 4814 ndeumptioneF
919 4740 952 4791 31
963 4733 1110 4792 utiterum
1120 4736 1327 4796 LPetiiermn
1337 4741 1378 4798 F:
1395 4742 1474 4814 Verq.

142 4817 211 4876 Acii.
225 4818 291 4873 III
303 4821 359 4874 436
413 4832 561 4874 remunero
577 4817 754 4886 (permanere
768 4831 837 4872 corr.
848 4832 917 4874 rem.
933 4815 973 4888 P)
986 4817 1116 4888 permisit
1125 4817 1184 4874 LP
1196 4837 1341 4878 remunera
1357 4823 1436 4880 misit
1446 4823 1477 4879 F
