3590 5486
351 361 418 428 266
957 363 1081 423 aunan

349 477 372 518 p.
387 465 448 506 arra.
463 465 491 506 so
504 465 529 506 r.

441 549 580 614 Carduns
608 552 701 614 trium
729 551 909 636 syllabarum
939 560 999 637 esi,
1035 561 1069 616 ut
1095 553 1210 617 arduus
1239 555 1342 618 fatuus
1371 565 1524 637 nicrinus,
1557 553 1688 634 ideoque

350 658 490 722 similiter
518 659 728 724 declinandum
757 669 818 745 esi,
851 661 943 725 lanius
970 662 1077 725 cardui
1109 660 1181 724 lruic
1209 661 1322 726 carduo
1353 671 1386 725 et
1418 663 1499 726 lrunc
1530 661 1690 744 carduum,

350 768 507 852 pluraliter
530 767 563 832 hi
587 769 692 833 cardui
716 769 899 833 carduorum
923 769 1052 834 carduis.

441 877 653 942 Cubicularius
682 887 787 942 custos
810 877 958 962 cubiculi,
986 878 1168 943 cubicularia
1193 897 1264 943 vero
1292 879 1392 943 lectus
1419 879 1560 944 cubiculo
1591 888 1689 964 aptus,

351 994 386 1050 ιιι
408 985 569 1069 caligarius
593 988 716 1072 artilex,
738 987 878 1070 caligaris
902 987 1012 1051 clavus.
1328 1045 1332 1053 .
1714 1004 1725 1043 ι

440 1095 554 1160 Cinnes
576 1093 723 1160 feminino
745 1115 858 1180 genera
882 1097 957 1161 dixit
976 1095 1131 1181 ilelissus3
1156 1098 1209 1162 sed
1229 1096 1355 1162 Verrius
1374 1097 1501 1162 Flaccus
1519 1099 1687 1162 masculino

350 1223 463 1288 genere
486 1203 546 1268 dici
565 1204 682 1288 probat.

310 1323 318 1340 ·
442 1313 675 1377 Commodamus
698 1316 795 1378 amico
819 1333 876 1396 pro
900 1323 1037 1396 tempore
1057 1333 1170 1396 equum
1195 1323 1310 1377 restem
1329 1333 1466 1399 serrum,
1488 1313 1566 1378 hanc
1591 1319 1686 1398 ipsam

351 1441 416 1486 rem
440 1441 531 1504 qnam
555 1421 695 1486 dedimus
718 1423 888 1505 recepturi;
912 1429 1019 1485 mutuo
1046 1422 1153 1486 damus
1177 1425 1337 1506 pecuniam
1366 1425 1502 1487 triticum
1530 1427 1635 1489 vinum
1658 1435 1688 1488 et

351 1532 397 1594 his
421 1531 544 1615 similia,
568 1549 645 1613 quae
669 1538 784 1595 mutata
807 1533 902 1613 recipi
929 1548 1053 1594 necesse
1077 1539 1134 1594 est
1699 1547 1723 1586 u

442 1638 587 1721 Canities,
611 1657 673 1703 non
696 1641 805 1703 canitia
829 1638 966 1701 dicenda.
1259 1633 1265 1642 '

442 1745 566 1811 camara
590 1745 710 1832 dicitur,
735 1756 768 1810 ul
792 1746 916 1810 Verrius
939 1747 1067 1811 Flaccus
1090 1747 1245 1832 adllrmal,
1267 1768 1327 1814 non
1352 1769 1472 1815 camera
1494 1771 1551 1834 per
1574 1771 1606 1836 e;
1635 1753 1686 1816 sed

351 1857 512 1920 Lucretius
540 1851 713 1920 ‘cameris
742 1875 784 1940 ep
812 1852 1019 1920 teretibus’
1049 1856 1179 1922 dicendo
1207 1861 1296 1922 eliam
1325 1877 1475 1924 cameram
1505 1860 1565 1924 dici
1598 1879 1686 1944 posse

349 1965 494 2030 ostendit

440 2073 620 2138 Curriculus
639 2074 805 2139 masculine
828 2075 988 2139 diminutio
1008 2085 1055 2139 est
1078 2094 1204 2160 currus,
1227 2075 1416 2140 curriculum
1439 2087 1540 2140 autem
1565 2086 1724 2141 neutra-1⁵

350 2183 421 2247 liter
444 2184 574 2266 spatium
598 2182 635 2247 ad
660 2182 846 2247 currendum
869 2193 974 2266 aptum
998 2183 1044 2246 rel
1067 2185 1336 2266 ipsum·currendi
1360 2183 1529 2268 officium!

444 2291 566 2374 Clipeos
585 2291 751 2356 masculino
775 2311 887 2375 genere
906 2294 938 2355 in
958 2293 1178 2374 significatione
1198 2295 1278 2356 sculi
1302 2293 1435 2376 ponitur,
1453 2301 1564 2356 neutro
1585 2302 1685 2358 aulem

349 2421 462 2486 genere
486 2403 647 2484 imaginem
670 2401 826 2482 signilicat
864 2401 918 2464 sed
941 2403 1107 2464 auctoritas
1131 2409 1297 2482 almumque
1321 2403 1424 2465 ramat

442 2511 555 2574 &sens
569 2509 728 2574 masculini
746 2513 867 2593 generis
888 2518 949 2595 est,
969 2508 1022 2572 sed
1036 2508 1222 2592 Pomponius
1237 2509 1417 2573 neutraliter
1432 2509 1508 2573 dixit
1521 2505 1685 2574 ‘caseum

351 2615 486 2684 molie’.
1699 2633 1722 2672 ιι

384 2809 387 2818 ¹
441 2727 550 2811 Cuspis
574 2727 722 2813 cuspidis,
746 2745 806 2791 non
830 2746 950 2810 cuspes.

442 2837 601 2920 Capparlm
621 2837 765 2900 leminlnn
783 2854 896 2919 genere
916 2837 992 2900 dlxii
1006 2833 1108 2897 Varro.
1141 2853 1210 2897 nam
1231 2843 1262 2896 ei
1280 2851 1388 2916 graece
1408 2836 1555 2899 feminino
1575 2835 1687 2899 dicitur

351 2937 575 3030 ἡκᾰππαρις.
1028 2932 1033 2942 ’

442 3054 596 3119 Cassidem
625 3055 754 3118 dicimus
782 3071 838 3116 nos
865 3051 902 3115 ab
926 3053 1067 3134 eognod
1092 3062 1139 3115 est
1169 3051 1242 3116 haec
1267 3055 1375 3138 cassis,
1407 3053 1461 3116 sed
1485 3052 1573 3116 multi
1597 3043 1687 3117 cassi-

351 3164 419 3227 dam
443 3162 562 3249 dicuni,
586 3172 622 3226 ιιι
645 3173 677 3226 et
699 3163 878 3246 Propertius
903 3131 1068 3248 (iiiiii,
1092 3157 1149 3244 15)
1700 3175 1722 3216 τι

514 3291 624 3338 aurea
647 3275 707 3336 cni
730 3282 924 3354 postquam
948 3270 1100 3335 nudavit
1123 3272 1270 3350 cassida
1294 3264 1484 3353 irontem',

351 3391 383 3446 et
406 3381 555 3464 Vergilius
579 3376 670 3466 (Aen.
694 3381 749 3444 XI
771 3375 856 3465 774)
881 3375 1007 3442 ‘aurea
1032 3381 1107 3442 vati
1132 3374 1306 3442 cassida'.

442 3490 523 3573 Capn
547 3509 642 3575 nunc,
673 3489 726 3553 sed
752 3488 844 3552 llarrc
868 3488 906 3551 de
929 3505 1069 3552 sermone
1093 3487 1187 3551 latino
1211 3490 1253 3550 aii
1277 3482 1335 3549 ‘ex
1359 3487 1455 3569 gallo
1478 3487 1688 3569 gallinaceo

352 3609 515 3662 castrato
540 3600 585 3662 ιιι
608 3593 749 3680 capus'.
909 3680 912 3688 Ι

443 3707 567 3791 Cingula
591 3708 747 3771 hominum
770 3709 892 3790 generis
912 3708 1013 3770 neutri
1038 3715 1093 3768 esi.
1132 3723 1200 3768 nam
1219 3713 1251 3769 et
1271 3703 1445 3768 arrimalium
1468 3723 1581 3786 genere
1603 3707 1685 3769 lemi-
1700 3719 1723 3759 ιι

353 3819 425 3879 raino
449 3815 502 3878 has
526 3814 662 3898 cingulas
685 3803 824 3879 dicimus,

443 3924 542 4007 Capax
566 3927 619 4007 qui
643 3924 729 3987 lacile
754 3927 847 4008 capit,
871 3920 1014 4006 capabilis
1039 3923 1091 4002 qui
1116 3921 1202 3984 facile
1227 3923 1355 4005 capitur.

442 4032 575 4096 Colloral
597 4053 654 4117 per
676 4034 686 4096 i
711 4033 923 4110 scribendum,
947 4049 1007 4094 non
1031 4029 1170 4092 conlocat
1193 4049 1249 4112 per
1273 4050 1306 4094 n.

444 4184 556 4240 thone
575 4181 693 4238 cardum
710 4180 740 4236 P
823 4187 839 4236 6
858 4177 989 4236 Melissus
1009 4177 1157 4233 Charisius
1173 4195 1203 4249 p.
1218 4185 1282 4249 101,
1302 4183 1329 4250 4,
1348 4178 1473 4236 molnsus
1494 4177 1533 4234 Μ
1549 4176 1688 4234 melorius
1751 4232 1753 4236 .

352 4267 399 4324 dio
418 4265 447 4322 P
462 4261 647 4336 meinerusL
718 4261 813 4318 nerim
834 4261 863 4317 P
935 4257 1088 4331 apocal]
1107 4260 1205 4328 polest
1224 4260 1263 4316 M
1340 4259 1474 4332 equam]
1494 4257 1572 4329 qnod
1591 4257 1621 4312 P

354 4354 388 4405 10
407 4349 540 4404 mutuate
559 4345 597 4401 Μ
670 4350 701 4399 ll
724 4361 780 4400 non
800 4343 906 4418 canitie
925 4339 1092 4398 deducenda
1111 4340 1140 4396 P
1201 4347 1234 4396 ιι
1254 4340 1348 4397 nerins
1367 4340 1396 4395 P
1451 4355 1508 4395 non
1526 4353 1641 4394 camere
1662 4337 1690 4392 P

409 4437 443 4485 ιιι
461 4427 621 4497 Lucretius]
641 4427 676 4495 cf.
696 4425 811 4484 Larissa.
830 4427 863 4480 ir
882 4423 992 4479 Lnrrel.
1009 4439 1039 4493 p.
1060 4427 1126 4492 399,
1146 4421 1266 4479 Mueller
1285 4423 1378 4480 Lucil.
1397 4426 1449 4478 soi.
1470 4419 1517 4477 rel.
1535 4437 1564 4489 p.
1585 4423 1641 4475 161

355 4517 389 4568 ιι
408 4508 563 4567 curriculis
577 4505 728 4564 masculini
742 4505 772 4561 P
822 4523 920 4562 curros
936 4503 966 4559 P
980 4521 1077 4559 currm
1093 4519 1163 4560 corr.
1179 4520 1295 4573 scgrru
1312 4501 1514 4559 uivideturiil
1531 4517 1549 4556 a
1564 4499 1688 4555 cumuli

409 4599 441 4649 ll
466 4590 610 4663 clippeum
638 4590 665 4646 P
754 4595 787 4644 ιι
813 4587 944 4660 capparis
968 4603 1033 4658 gen.
1052 4584 1118 4642 iem.
1138 4585 1168 4640 P
1254 4599 1355 4656 greum
1378 4581 1515 4639 femiuine
1540 4579 1687 4638 Charisius

349 4691 381 4744 1).
400 4677 520 4741 103,13
602 4669 718 4743 dicitnr]
738 4669 810 4726 dixit
829 4669 858 4724 P
936 4673 970 4723 ιιι
990 4661 1008 4738 ἡ
1028 4662 1176 4736 κάππαρις
1196 4683 1246 4723 om.
1269 4665 1307 4720 M
1388 4669 1425 4720 ai
1443 4679 1493 4720 nos
1512 4679 1564 4720 om,
1587 4663 1617 4718 P

355 4754 465 4811 cassida
483 4752 618 4812 dicnnls
691 4759 726 4809 in
746 4748 921 4822 Propertius]
940 4764 1059 4820 prosper
1078 4751 1142 4818 tyro
1161 4748 1188 4803 L
1270 4751 1306 4802 ac
1324 4761 1411 4801 aurea
1429 4773 1463 4785 ·—
1486 4749 1520 4799 ai
1541 4743 1686 4818 Vergilius

354 4851 405 4892 orn.
426 4835 471 4900 M,
490 4835 555 4890 mid.
577 4833 636 4889 PL
699 4831 818 4889 nadanit
836 4830 865 4887 P
926 4837 960 4888 28
980 4829 1140 4902 gallinaceo
1161 4831 1199 4885 M
1216 4825 1375 4900 gallenaoio
1395 4825 1423 4881 P
1436 4825 1589 4898 'gallinatio
1610 4827 1637 4883 L

354 4921 389 4974 uo
408 4913 523 4987 Cinguli
541 4913 689 4972 hominnm
709 4915 747 4970 M
819 4920 853 4970 33
873 4911 1054 4969 scribendum
1073 4911 1138 4967 ML
1158 4910 1291 4966 scribitur
1310 4907 1339 4962 P
1372 4907 1376 4916 '
