3564 5482
379 323 446 392 448
880 319 1061 380 Anvslurn
1079 319 1204 378 nnssn

382 532 440 596 qun
473 512 549 575 dixit
580 511 797 575 blomnrsenins
830 529 918 574 mom.
951 509 1023 574 dcll'
1056 509 1129 574 lust
1157 527 1184 572 r.
1213 509 1240 572 ll
1269 528 1298 591 p.
1321 507 1388 574 302
1418 519 1450 572 et
1483 509 1586 573 llerrn.
1619 529 1643 572 r.
1669 509 1703 572 lv

381 642 408 705 p.
436 617 514 703 127,
536 629 606 702 post
629 619 819 685 Constantini
842 631 971 685 aetutem
994 621 1163 683 institutam
1187 637 1254 682 esso
1277 621 1392 682 scimus
1406 667 1413 682 .
1429 639 1465 682 ex
1489 617 1702 702 posterioribus

381 727 582 812 scriptoribus
615 747 695 792 unus
728 729 938 794 Cassiodorius
970 728 1061 793 burins
1094 726 1164 791 libri
1197 729 1382 792 mentionem
1410 728 1496 812 iecit,
1529 730 1624 792 instit
1651 727 1701 790 dir.

382 838 449 902 lect.
473 857 512 901 c·
526 833 568 903 15
591 857 619 921 p.
644 835 709 902 ott
734 839 780 904 cd.
800 840 878 923 Gan,
902 842 1029 918 repulus
1053 842 1150 918 ipttur
1173 841 1378 902 elocutionum
1402 841 1587 916 intimum,
1612 842 1643 901 iri
1663 846 1701 900 est

381 951 570 1027 quadripum
594 949 701 1025 Messi,
725 951 904 1012 omnimodis
922 965 984 1012 mom
1002 951 1158 1026 sequaris,
1182 949 1237 1010 ubi
1254 955 1356 1010 tumen
1372 949 1550 1026 priscorum
1570 949 1701 1011 codicum

382 1060 572 1122 auctoritate
599 1060 802 1122 convinceris.
848 1055 902 1120 sed
935 1055 1081 1138 exemplis
1114 1053 1151 1118 ub
1178 1055 1327 1118 Aruslrno
1357 1057 1533 1138 compositis
1561 1073 1636 1119 usus
1662 1065 1702 1118 est

382 1165 571 1248 Priscianus,
590 1167 643 1247 qui
662 1167 694 1229 lu
713 1165 956 1230 duodevicesimo
974 1162 1053 1226 libro
1072 1164 1297 1227 institutionum
1312 1167 1577 1246 grammaticorum
1592 1167 1701 1246 saepius

382 1275 570 1338 elocutiones
594 1273 756 1339 uerborum
780 1284 811 1338 ct
835 1277 991 1338 nominum
1014 1273 1122 1338 iisdem
1146 1271 1306 1357 exemplis,
1330 1291 1408 1354 quae
1432 1271 1481 1336 illo
1500 1272 1701 1356 adscripscrat,

383 1385 558 1447 confirmatu
577 1385 678 1468 posuit
693 1433 701 1448 .
716 1384 886 1447 certissima
905 1385 971 1446 eius
995 1401 1028 1444 re
1052 1381 1164 1445 indicia
1187 1383 1384 1444 inueniuntur
1406 1385 1438 1446 in
1462 1381 1523 1464 bis,
1546 1401 1576 1464 p.
1590 1379 1701 1465 21622

383 1495 563 1570 abundans,
595 1513 624 1575 p.
647 1489 746 1576 utto
770 1499 891 1568 uberto,
923 1509 952 1573 p.
977 1487 1075 1574 stup
1099 1494 1250 1567 medicor,
1283 1511 1312 1574 p.
1337 1487 1434 1575 stup
1459 1495 1650 1574 praestolor,
1677 1510 1701 1572 p.

383 1597 503 1684 333,2t
524 1605 641 1681 potior,
670 1621 698 1684 p.
723 1598 820 1686 292,8
841 1603 980 1680 propius.
1027 1600 1134 1664 similis
1166 1617 1333 1664 consensus
1367 1599 1501 1683 exemplo
1533 1619 1604 1664 cnm
1632 1600 1701 1682 opud

383 1711 457 1774 alios
491 1713 702 1792 grammaticos
735 1719 799 1774 tum
833 1709 911 1792 apud
940 1709 1070 1772 Nonium
1104 1712 1300 1773 inueniuntur
1328 1759 1335 1772 .
1365 1709 1418 1772 sed
1451 1727 1486 1773 eu
1521 1720 1552 1774 et
1585 1729 1701 1773 nurnero

384 1823 525 1902 pauciora
549 1829 621 1883 sunt
644 1829 675 1882 et
698 1819 739 1882 its
763 1828 947 1902 comparatu,
971 1825 1003 1882 ut
1026 1837 1064 1882 ex
1083 1821 1236 1882 communi
1255 1820 1338 1883 iontc
1357 1822 1569 1902 potiusquam
1589 1821 1700 1900 exipso

383 1931 524 1993 Arusiuni
547 1927 624 1991 libro
648 1930 742 2010 petitu
764 1930 834 1992 sint.
