3616 5482
15 471 16 474 ,
131 440 261 491 pum.

616 337 666 396 Dll
686 337 984 398 OB'I'HOGRAPHIA
1239 411 1242 415 ¹
1401 335 1468 406 173
1541 408 1558 418 ,,

221 525 274 590 ilai
296 485 410 608 primo'
418 523 545 607 syllaba,
568 526 719 612 siquidem
741 526 752 589 l
776 528 870 591 inerit
897 525 997 588 littera
1026 534 1204 610 consecuta,
1231 521 1332 611 peer
1355 525 1469 590 scribe·

131 643 197 720 tur,
226 643 261 699 ut
287 633 372 696 vallis
396 642 428 697 et
451 633 576 698 vallum:
604 654 674 698 nam
702 635 818 699 ballena
847 643 878 698 et
906 631 1041 727 ballistra
1069 651 1126 715 per
1149 631 1169 695 b
1198 633 1358 698 scribenda
1388 645 1469 698 sunt

15 771 16 774 ¹
79 795 80 800 ,
134 746 160 806 si
183 761 254 805 vero
274 741 285 804 l
308 751 536 826 consequatur
558 744 671 828 littera,
694 763 750 827 per
769 743 789 806 b
809 751 923 805 mutam
943 740 1129 825 signabitur,
1146 752 1181 805 ut
1204 742 1317 827 hairus,
1340 743 1469 826 balteus,

133 849 252 927 balbae,
275 850 373 916 idest
395 830 520 936 ianuaey
545 860 666 934 praeter
693 850 869 914 adverbium
889 849 988 933 valde,
1012 869 1049 913 eo
1069 850 1150 932 quod
1173 869 1229 934 per
1248 849 1470 914 detractionem

15 969 16 1042 ζ
104 961 140 1020 si
166 959 285 1022 litterae
314 959 429 1024 dictum
458 979 526 1024 asse
555 979 616 1024 non
644 958 771 1022 dubium
800 967 855 1022 est.
893 957 989 1022 valide
1017 961 1100 1021 enim
1127 960 1246 1042 integra
1275 959 1367 1022 dictio
1397 978 1469 1022 con·
1525 969 1529 984 '
1561 965 1567 975 '

15 1047 16 1124 ξ
129 1069 222 1149 sistit,
253 1077 289 1131 ut
316 1068 462 1153 arbitror,
493 1078 524 1132 et
553 1066 611 1131 boc
636 1086 769 1151 namque
798 1070 881 1130 venit
909 1066 946 1130 da
974 1067 1110 1130 nomine:
1143 1067 1214 1130 iacit
1239 1070 1324 1130 ‘enim
1353 1066 1470 1131 validus
1522 1113 1524 1120 ,

15 1243 16 1278 ᾖ
127 1175 216 1238 validi
241 1177 346 1242 rabdo.
379 1197 451 1260 ergo
471 1176 567 1240 valide
586 1176 761 1241 adverbium
785 1177 886 1240 iacere
910 1174 1048 1259 debebat,
1068 1174 1148 1238 unde
1168 1177 1195 1238 si
1213 1175 1399 1239 voluerimus
1422 1178 1468 1238 in·
1501 1181 1504 1188 “

15 1279 16 1340 i
129 1293 304 1368 corruptam
334 1289 473 1351 emittere
502 1286 679 1369 dictionem,
710 1287 824 1368 primae
853 1283 1035 1368 syliabarum
1064 1282 1219 1349 subiaceat
1250 1283 1381 1367 regulae.
1420 1285 1468 1348 val

128 1391 253 1477 syllaba,
284 1396 433 1476 siquidem
462 1393 524 1458 sola
552 1403 742 1478 permaneat,
771 1396 831 1457 erit
856 1397 1031 1458 coniunctio
1056 1393 1251 1478 disiunctiva,
1275 1413 1352 1478 quae
1375 1413 1468 1477 perv
1504 1479 1507 1483 .
1596 1391 1599 1399 '

15 1523 16 1586 t
91 1503 317 1566 momnilariam
347 1503 508 1568 scribetur.
551 1505 577 1564 si
601 1520 673 1565 vero
697 1510 788 1584 caput
818 1502 910 1565 luerit
939 1504 1084 1592 nominis,
1112 1500 1132 1563 b
1156 1509 1270 1565 niumm
1299 1502 1409 1568 babeat
1436 1506 1467 1566 in

15 1659 16 1662 ,
128 1613 292 1696 scriptura,
326 1623 360 1676 ut
392 1612 505 1676 bellum
538 1609 738 1678 bellissimum
766 1617 797 1673 et
827 1609 965 1694 bellaria,
998 1619 1120 1693 praeter
1147 1611 1244 1674 vellus
1273 1611 1467 1675 discretionis

127 1721 231 1799 gratia.
270 1739 340 1783 nam
363 1723 389 1784 si
412 1740 469 1804 per
487 1740 505 1782 v
523 1721 618 1784 velius
642 1720 807 1803 scribatur,
830 1738 942 1802 genere
963 1727 1073 1784 neutro
1093 1738 1128 1784 ac
1149 1720 1351 1784 declinatione
1377 1723 1466 1784 tertia

152 1947 161 1990 ι
218 1857 236 1950 1x
257 1893 269 1950 1
287 1894 387 1952 utute
404 1893 492 1952 russo
511 1899 663 1954 umente
680 1895 709 1952 o
789 1893 1146 1968 eramusmaerore
1216 1911 1284 1951 nm
1302 1894 1467 1952 ostenaet

126 1999 246 2058 balistae
264 2002 293 2057 Β
311 2020 379 2059 nam
398 2003 532 2060 abaliena
549 1991 671 2060 balistra
691 2003 715 2060 G
738 1989 911 2064 natabalena
932 2001 1039 2059 balista
1061 2003 1090 2058 A
1182 2009 1199 2059 a
1228 2003 1330 2060 balbus
1351 2002 1466 2084 balteus

126 2081 211 2139 balbe
232 2082 257 2138 G
279 2083 381 2142 balbus
399 2085 514 2143 balteus
533 2087 637 2144 balam
656 2086 684 2142 A
709 2084 821 2141 balterm
840 2084 943 2142 balbas
961 2084 1084 2141 baibuae
1102 2084 1131 2141 Β
1205 2091 1275 2141 teo
1294 2101 1345 2142 om.
1364 2085 1393 2142 Β
1447 2143 1449 2152 ,

127 2171 143 2220 tv
163 2167 207 2220 est
224 2181 278 2222 orn.
295 2164 324 2220 Β
399 2173 415 2223 u
433 2183 557 2239 namque
577 2167 674 2224 euenit
688 2166 786 2240 ,Atre
867 2172 882 2223 't
902 2165 970 2222 inde
989 2165 1015 2221 si
1032 2163 1207 2224 noluerimus
1226 2165 1419 2240 incorreptam
1436 2166 1466 2223 B

587 2424 1000 2514 memorarer

126 2636 192 2711 tur,
218 2617 254 2690 ut
283 2623 539 2708 [Valentinianus]
569 2626 653 2689 vallis
682 2637 713 2690 et
741 2625 861 2690 vallum.
902 2645 971 2689 nam
999 2625 1164 2690 ballaenam
1194 2636 1225 2690 at
1252 2623 1418 2691 ballistram
1448 2645 1465 2690 a
1560 2651 1566 2660 ·

125 2753 234 2816 graeco
253 2753 394 2799 sermone
414 2734 474 2798 dici
494 2753 558 2798 mea
579 2737 695 2817 putavit
713 2737 879 2817 sententia,
902 2733 980 2796 banc
998 2724 1089 2816 παρὰ
1114 2724 1152 2797 τὸ
1173 2725 1314 2814 βάλλειν
1338 2725 1465 2816 ἑαυτὴν

125 2835 181 2903 καὶ
200 2839 343 2925 ῥίπτειν,
357 2841 438 2905 illam
457 2833 548 2926 παρὰ
568 2836 607 2906 τὸ
628 2834 769 2923 βάλλειν
788 2835 845 2928 aot
865 2833 1093 2924 στρωννύναι,
1108 2837 1283 2905 τουτέστιν
1298 2832 1464 2926 ἀναιρεῖν.

126 2953 151 3012 si
179 2969 251 3014 vero
280 2951 354 3014 baec
382 2969 442 3013 non
474 2960 621 3032 sequetur
644 2949 758 3033 littera,
789 2935 845 3032 per
868 2948 887 3011 b
912 2959 1025 3045 mittam
1050 2949 1234 3034 signabitur,
1258 2962 1292 3013 ut
1315 2941 1463 3013 balvusd

101 3050 265 3140 ιψελλός,
293 3057 413 3122 balteus
441 3067 472 3122 et
499 3057 604 3122 balbae
637 3051 761 3143 θύραι,
795 3061 855 3122 nisi
888 3079 904 3122 a
932 3041 1094 3122 vestibulo
1110 3068 1142 3122 et
1170 3057 1237 3120 albo
1266 3077 1376 3121 nomen
1406 3057 1463 3120 boc

125 3165 310 3230 arbitremur
328 3169 543 3249 compositum:
561 3177 684 3248 praeter
702 3165 877 3230 adverbium
898 3167 992 3251 valde,
1012 3186 1048 3230 en
1068 3167 1149 3249 qnod
1168 3185 1224 3249 per
1243 3167 1462 3231 detractionem

124 3276 135 3337 i
156 3275 275 3338 litterae
299 3274 413 3340 dictum
434 3293 500 3338 esse
521 3294 582 3338 uon
601 3274 727 3339 dubium
747 3284 803 3339 est.
841 3275 935 3338 valide
956 3277 1036 3338 euim
1061 3277 1177 3357 integra
1197 3275 1289 3338 dictio
1314 3278 1464 3362 consistit,

126 3393 159 3446 ut
185 3383 332 3466 arbitror,
361 3393 392 3447 et
418 3384 476 3446 hoc
505 3396 635 3465 namque
663 3387 745 3447 venit
778 3382 816 3446 de
845 3388 980 3447 nomine:
1014 3384 1086 3446 iacit
1120 3387 1201 3446 enim
1229 3382 1345 3446 validus
1374 3383 1462 3448 validi

49 3563 51 3566 ¹
125 3490 227 3555 valido.
274 3511 347 3574 ergo
375 3490 469 3554 valide
499 3491 674 3555 adverbium
705 3494 804 3555 iacere
829 3491 971 3574 debebat,
996 3491 1077 3554 unde
1102 3494 1128 3554 si
1152 3492 1337 3556 voluerimus
1361 3495 1461 3556 incor·
1564 3480 1566 3486 ¹

90 3618 120 3677 n,
128 3612 246 3683 ruptam
261 3602 401 3664 emittere
420 3600 595 3682 dictionem,
609 3601 723 3682 primae
744 3597 924 3681 syllabarum
944 3598 1100 3663 subiaceat
1119 3600 1249 3682 regulae.
1273 3601 1321 3664 rel
1340 3600 1461 3684 syllaba,

126 3709 274 3790 siquidem
294 3708 357 3772 sola
375 3718 565 3792 permaneat,
589 3713 648 3771 erit
666 3710 841 3772 coniunctio
860 3706 1055 3792 disiunctiva,
1079 3726 1156 3789 quae
1178 3727 1233 3790 per
1253 3729 1270 3770 v
1290 3709 1461 3790 digammon

125 3819 312 3880 omnifariam
337 3816 497 3881 scribetur.
540 3819 566 3880 si
593 3835 665 3880 vero
689 3825 780 3898 caput
808 3814 902 3878 luerit
924 3819 1070 3891 nominis,
1099 3814 1120 3877 b
1143 3824 1256 3879 mutam
1283 3815 1406 3880 babebit
1429 3819 1461 3880 in

125 3927 290 4009 scriptura,
313 3935 348 3989 ut
371 3924 484 3990 bellum
508 3920 707 3988 bellissimum
726 3933 758 3987 et
779 3921 904 3986 bellaria
927 3917 968 3986 τὰ
988 3915 1201 4008 τραγήμαται
1224 3934 1347 4007 praeter
1366 3927 1462 3990 vellus

124 4019 317 4098 discretionis
336 4036 440 4115 gratia.
474 4051 543 4096 nam
562 4035 589 4096 si
607 4053 663 4117 per
679 4054 698 4114 v
723 4032 893 4115 digammon
915 4032 1068 4096 scribatur
1091 4032 1200 4117 vellus,
1219 4053 1331 4116 genere
1351 4045 1461 4098 neutro

89 4157 156 4207 nac
187 4143 396 4226 declinatione
419 4143 509 4204 tertia
539 4151 748 4225 nuncupetur,
777 4150 812 4204 ut
838 4140 941 4204 villum
971 4144 1134 4224 signiticet:
1165 4140 1223 4204 boc
1251 4141 1346 4205 velius
1379 4145 1460 4206 enim

123 4250 212 4318 huius
241 4252 362 4344 velleris
389 4249 511 4314 dicitur.
549 4253 574 4313 si
602 4259 703 4314 autem
731 4268 787 4332 per
811 4248 830 4311 b
855 4259 974 4324 mamm,
994 4259 1130 4336 notetur,
1154 4269 1266 4333 genere
1291 4251 1458 4314 masculino

61 4357 65 4366 ’
123 4380 155 4426 ac
179 4355 382 4426 declinatione
401 4359 535 4424 secunda
558 4357 772 4442 declinabitur,
797 4366 831 4421 ut
854 4361 964 4422 scitum
984 4358 1157 4423 denuntiet:
1180 4358 1230 4422 bic
1253 4362 1335 4421 enim
1359 4359 1457 4424 bellus

214 4562 228 4612 1
249 4553 383 4612 ballam
402 4557 432 4611 at
450 4553 610 4622 ballistram
628 4551 663 4606 N
751 4557 767 4607 2
793 4543 913 4626 ἕαντήν]
939 4549 1064 4624 αιᾶὕιήν
1082 4553 1117 4608 N
1205 4560 1222 4609 t
1246 4551 1306 4610 sive
1331 4554 1384 4610 hee
1402 4571 1459 4612 non

126 4638 289 4708 sequeretur
307 4635 406 4694 littera
422 4636 458 4693 N
527 4635 640 4707 balvus]
660 4627 759 4690 bubus
778 4633 813 4688 N
881 4641 898 4690 b
918 4635 1060 4692 uestibulo
1078 4635 1114 4690 N
1184 4641 1199 4690 a
1220 4633 1375 4690 arbitretur
1393 4635 1427 4690 N·

126 4723 142 4774 8
167 4723 198 4775 et
219 4719 274 4776 boo
297 4735 349 4777 om.
368 4717 409 4787 N,
427 4717 493 4776 odd.
509 4717 539 4772 P
611 4722 645 4772 10
669 4715 844 4786 syllabarum
868 4715 1015 4772 subiaceat
1034 4714 1063 4769 P
1084 4713 1210 4786 syllabae
1229 4715 1374 4774 subiectae
1392 4717 1427 4772 N

127 4807 158 4856 11
177 4802 347 4878 premaneat
363 4799 399 4857 N
413 4798 572 4872 permansit
591 4797 620 4854 P
701 4803 735 4852 12
754 4795 873 4853 habebit
893 4796 922 4850 P
939 4796 1045 4853 habeat
1062 4794 1096 4850 N
1175 4803 1210 4854 14
1228 4813 1296 4854 nam
1316 4829 1349 4840 -·
1372 4799 1460 4855 tertia

125 4881 225 4939 ornP
298 4879 510 4956 mansu
559 4879 790 4937 itacPetN
