3616 5482
617 342 667 400 Du
687 341 984 402 ORTHOGRAPHIA
1405 340 1470 406 175

134 453 155 492 p.
170 441 224 484 2299
239 441 264 482 Ρ.

222 527 281 591 ilar
300 544 370 590 cunr
394 527 501 610 incipit
524 527 645 612 syllaba,
668 530 689 593 b
709 543 821 596 murtam
841 529 965 593 habebit
987 532 1126 612 positam,
1151 539 1184 593 ut
1207 528 1316 592 barrus
1336 522 1469 612 ἐλέφας,

132 635 243 699 bardus
275 626 503 718 ἀναίσθητος,
537 636 648 720 bargrrs
677 631 806 723 ἀφυής,
840 637 943 702 barba.
991 640 1142 721 excipitur
1169 655 1280 701 nomeu
1310 640 1469 724 proprium

132 742 225 806 Varro
249 745 466 808 tautummodo.
502 765 556 808 ver
580 757 611 810 et
635 751 680 812 vir
703 747 833 831 syllabae
861 747 967 828 longae
995 746 1041 810 vel
1070 746 1177 810 breves
1201 766 1219 806 v
1243 745 1376 808 vocalem
1402 745 1469 807 loco

132 855 259 932 positam
283 857 479 917 consonantis
502 855 670 940 habebunt,
694 867 728 919 ut
751 855 1040 940 verter‚vergiliae
1063 847 1234 936 πλειάδες,
1257 851 1400 936 verbum,
1425 855 1468 914 sir

92 962 213 1041 svirga
242 963 325 1043 virgo
354 965 451 1026 virtus
479 962 610 1028 Virbius.
658 968 810 1048 excipitur
838 963 875 1028 ab
904 965 960 1028 bac
990 963 1094 1047 regula
1124 961 1345 1030 tantummodo¹
1365 961 1469 1045 berna,

131 1055 210 1148 quod
238 1071 449 1136 nomeniicet
477 1078 532 1155 ego
560 1077 728 1138 invenerim
756 1094 812 1158 per
841 1095 857 1136 v
886 1078 1051 1158 scriptum,
1080 1083 1198 1156 umen,
1228 1075 1298 1154 quia
1330 1071 1469 1134 inlustris

132 1180 293 1242 memoriae
313 1180 414 1244 audivi
431 1180 654 1267 Nemuoutum,
677 1181 830 1246 hominem
850 1185 949 1247 omnis
967 1177 1126 1246 iacu'ndiae
1144 1180 1290 1262 iudicem,
1313 1199 1346 1243 ee
1366 1165 1468 1244 dicen·

131 1293 192 1348 tem
216 1286 253 1351 de
277 1288 335 1352 boc
359 1275 579 1371 reprehensum
603 1307 620 1352 a
644 1289 779 1353 Romano
803 1289 933 1372 quodam
957 1289 1172 1374 disertissimo,
1201 1288 1282 1371 quod
1311 1308 1367 1371 per
1390 1289 1468 1352 hanc

131 1399 333 1461 enuntiaverit
356 1397 501 1482 litteram,
525 1417 581 1462 uos
601 1417 723 1481 quoque
742 1407 882 1462 notamus
908 1418 942 1462 ac
967 1409 1150 1482 temptamus
1169 1400 1317 1461 rationem
1338 1396 1465 1460 reddere

219 1595 236 1646 i
263 1590 371 1663 excipit
391 1591 420 1647 Β
512 1598 530 1648 4
551 1589 705 1654 natiue(
728 1592 756 1648 A
784 1587 974 1653 Tutorine(
996 1592 1038 1661 Β,
1061 1609 1113 1650 om.
1139 1591 1163 1648 0
1252 1589 1309 1664 vir]
1337 1588 1417 1646 uirus
1439 1590 1468 1646 A
1540 1607 1542 1612 ·

129 1668 223 1727 uirum
240 1669 301 1726 BG
371 1679 388 1728 e
407 1675 520 1730 mutum
539 1676 621 1743 (corr.
636 1675 708 1744 tam)
728 1674 798 1745 quia
816 1677 845 1746 (a
857 1676 925 1746 rus.)
944 1673 1073 1730 inlustris
1089 1670 1244 1730 memoriae
1262 1671 1362 1728 audiui
1381 1688 1468 1728 mem-

129 1751 244 1816 nonium
268 1751 297 1808 B
322 1754 440 1826 tantaiq3
464 1754 514 1811 uia
535 1754 665 1812 inlustris
687 1755 843 1813 memoriae
865 1754 963 1813 audiui
987 1752 1162 1810 meinouium
1181 1754 1210 1810 A
1232 1755 1328 1810 tamen
1347 1751 1468 1809 illustris

129 1832 284 1890 memoriae
302 1833 396 1892 ιιὶιιιιιι
415 1834 610 1892 mennonium
630 1835 655 1892 0
676 1838 773 1893 iumen
793 1837 926 1894 Mensam
951 1834 1078 1892 inlustria
1098 1833 1254 1892 memoriae
1272 1833 1371 1891 audiui
1390 1835 1474 1892 Men.

129 1913 244 1970 nonium
265 1929 283 1973 s
348 1921 364 1970 9
382 1917 517 1972 notemus
535 1932 569 1972 ae
588 1919 761 1988 temptamus
775 1919 804 1973 A
822 1922 848 1974 et
865 1917 951 1974 codex
964 1917 1118 1973 Beruensis
1131 1921 1200 1986 243,
1218 1919 1352 1974 nummus
1366 1932 1466 1988 accep

129 1995 223 2050 tamus
242 1996 325 2064 (com
344 1999 504 2068 acceptam)
521 1995 565 2068 B,
583 1999 747 2056 notauimus
765 2017 799 2058 ac
817 1999 1023 2074 temptauimus
1044 1997 1068 2053 0

590 2303 1003 2364 murmurassent
1091 2265 1094 2274 ’

127 2461 259 2556 ὑδαρὴς
283 2463 387 2550 οἶνος.
424 2433 497 2538 alias
516 2475 636 2540 vocales
659 2478 739 2540 inter
762 2496 780 2536 v
799 2486 830 2540 et
852 2497 872 2560 p
896 2429 1067 2539 certioratus
1091 2477 1191 2538 inveni
1214 2474 1353 2538 delicere.
1390 2477 1422 2537 in
1446 2494 1466 2557 q

130 2581 271 2680 syllabam
294 2582 449 2646 delinitam
473 2585 613 2647 similiter
637 2588 774 2650 invenire
799 2588 976 2674 nonpotui.
1240 2652 1245 2657 .

125 2745 128 2756 ,
217 2690 277 2755 Bar
300 2703 371 2755 cum
394 2693 501 2774 incipit
522 2692 649 2776 syllaba,
678 2691 837 2758 bmutam
865 2693 1006 2756 hebuerit
1033 2696 1176 2778 positam,
1206 2704 1241 2758 ut
1263 2691 1373 2758 barrus
1397 2685 1463 2756 ἐλέ-
1553 2715 1557 2721 ·

129 2817 211 2880 φας,
236 2798 348 2864 bardus
367 2791 593 2882 deciduntur,
618 2799 730 2883 bargus
755 2793 884 2886 ἀφυής,
909 2800 1001 2865 barba
1022 2812 1053 2865 et
1076 2803 1157 2884 qrrod
1181 2805 1212 2866 in
1232 2801 1464 2886 glossematibus

103 2907 229 2970 tirreni
257 2905 381 2990 bargina
409 2897 431 2992 ἡ
459 2903 703 2993 προσφώνησις
735 2902 936 2995 βαρβαρική.
984 2913 1134 2992 excipitur
1163 2929 1273 2974 nomeu
1307 2911 1464 2993 proprium

129 3012 221 3078 Varro
245 3017 454 3080 tautummodo
478 3018 627 3101 aregula.
664 3038 717 3082 ver
737 3023 783 3082 vir
806 3017 936 3101 syllabae
960 3018 1066 3100 longae
1088 3018 1134 3081 vel
1158 3018 1266 3082 breves
1289 3037 1307 3079 v
1332 3017 1465 3080 vocalem

129 3122 193 3186 loco
212 3127 343 3207 positam
362 3129 556 3190 consonantia
579 3127 748 3211 habebunt,
771 3137 806 3191 ut
832 3135 949 3209 vertex,
971 3126 1113 3210 vergiliae
1132 3120 1305 3208 πλειάδες,
1328 3125 1465 3208 verbum,

22 3303 23 3318 ¹
128 3234 172 3294 vir
190 3234 274 3316 virge
294 3235 378 3314 virgo
398 3237 494 3298 virtus
514 3233 644 3299 Virbius.
683 3239 832 3318 excipitur
852 3255 868 3298 a
889 3235 991 3317 regula
1017 3236 1226 3299 tantummodo
1250 3235 1358 3317 berna,
1382 3233 1464 3316 qnod

130 3357 238 3404 nonren
266 3341 337 3404 licet
366 3361 422 3424 ego
450 3345 551 3407 inveni
578 3363 634 3426 per
658 3365 674 3404 v
703 3345 875 3428 digammon
904 3346 1066 3426 seriptum,
1094 3353 1211 3427 tamen,
1239 3345 1308 3426 quia
1337 3324 1464 3405 illustris
1512 3345 1522 3360 “

90 3456 116 3498 '¹⁰
130 3451 290 3514 memoriae
310 3450 409 3513 audivi
428 3450 647 3528 Memnonium,
671 3456 770 3515 omnis
793 3451 947 3514 hominem
967 3451 1123 3515 facundiae
1143 3451 1289 3534 iudicem,
1309 3471 1342 3514 se
1361 3451 1463 3512 dicen·
1583 3495 1586 3502 -
1635 3490 1641 3502 ·

130 3564 187 3619 tem
217 3557 256 3620 de
284 3557 342 3622 hoc
369 3560 591 3642 reprehensum
619 3580 636 3622 a
664 3559 800 3622 Romano
828 3557 957 3641 quodam
989 3558 1203 3641 disertissimo,
1240 3567 1274 3620 ut
1301 3577 1357 3639 per
1386 3557 1464 3620 hairu

129 3666 332 3729 enuntiaverit
356 3665 499 3752 litteram,
524 3647 580 3731 nos
601 3686 723 3750 quoque
748 3677 887 3731 notamus
906 3685 941 3728 ac
966 3675 1149 3748 temptamus
1168 3669 1316 3730 rationem
1335 3665 1464 3730 reddere

129 3774 214 3852 quasi
242 3773 425 3838 diversitatis
454 3795 560 3840 causa..
596 3779 621 3840 si
650 3779 732 3840 enim
760 3775 854 3838 berne
883 3776 964 3837 domi
997 3779 1133 3858 genitum
1161 3777 1323 3858 significat,
1359 3775 1389 3838 id
1419 3785 1465 3839 eet

22 3953 23 3956 Ἴ
129 3867 146 3941 ὅ
170 3875 363 3964 οἰκογενής,
388 3903 547 3948 cornmune
571 3893 619 3947 est
641 3883 736 3946 duum
759 3902 906 3967 generum
930 3884 1099 3946 secundum
1118 3892 1251 3965 veteres,
1275 3887 1367 3947 trium
1392 3901 1463 3946 vero

200 4066 311 4122 linter
329 4065 349 4122 b
368 4068 397 4122 et
415 4083 435 4137 p
454 4065 489 4121 N
558 4067 713 4124 tinvsuiri
731 4085 787 4124 uon
809 4068 906 4139 potuit
924 4067 958 4123 N
962 4133 967 4140 ‚
1028 4073 1128 4123 iteum
1147 4065 1250 4137 incipit
1269 4065 1297 4119 P
1312 4081 1376 4121 eum
1395 4064 1465 4120 inei·

127 4145 188 4217 piat
207 4146 242 4202 N
307 4145 448 4218 thargus
468 4139 586 4219 upuop'e
603 4148 633 4204 P
646 4147 752 4221 bargus
770 4169 849 4220 αφης
866 4149 900 4204 N
967 4149 1056 4206 barba
1075 4150 1105 4204 et
1123 4146 1263 4218 barginna
1282 4146 1359 4217 qnod
1377 4145 1464 4216 signi-

46 4299 55 4310 ·
127 4229 194 4286 licut
219 4247 425 4301 uooopuonotv
454 4231 632 4303 βαρβαριιιηπ
657 4232 690 4286 ut
714 4228 745 4286 in
771 4229 992 4303 glossematibus
1015 4229 1117 4300 reperi.
1146 4227 1326 4298 excipiuntur
1347 4227 1465 4284 nomina

22 4309 23 4386 ζ
128 4310 244 4383 propria
263 4313 296 4368 ut
313 4311 404 4368 Varro
425 4315 455 4369 et
473 4311 666 4386 Vargunteius
686 4311 885 4368 tantummodo
903 4313 1004 4386 regula
1025 4313 1052 4368 P
1125 4308 1360 4386 glosemmatibus
1379 4307 1413 4363 N

128 4397 143 4446 t
166 4395 201 4448 ut
227 4393 338 4467 vertex]
364 4410 415 4450 ver
434 4409 538 4450 vervex
559 4393 587 4448 P
677 4401 693 4450 9
714 4393 851 4468 scriptum
871 4394 901 4450 in
920 4391 1100 4465 exemplariis
1120 4388 1251 4461 plurimis
1269 4392 1366 4446 muron
1385 4389 1414 4444 P

22 4497 23 4534 l
130 4479 160 4528 tt
180 4489 222 4530 ac·
234 4476 390 4531 temtamus
410 4475 439 4530 P
455 4478 485 4532 et
499 4478 675 4547 temptamus
693 4474 726 4529 N
790 4483 823 4531 tr
843 4495 892 4532 ros
908 4493 1041 4546 oraoprvn
1056 4488 1206 4531 commune
1220 4473 1265 4527 ert
1278 4470 1366 4526 duum
1380 4487 1464 4543 gene-

127 4571 187 4610 rum
209 4555 364 4614 meandum
384 4558 522 4628 quosdam
541 4574 607 4613 cum
625 4555 660 4619 iu,
674 4555 768 4627 prima
785 4557 977 4614 declinatione
995 4557 1129 4612 neutrum
1152 4567 1242 4624 genua
1266 4548 1389 4608 inveniri
1407 4569 1465 4624 nou

22 4637 23 4640 ’
129 4636 228 4694 volunt
245 4636 333 4694 trium
352 4655 420 4695 vero
441 4638 596 4695 seeundum
610 4637 684 4694 alios
702 4655 736 4694 ac
755 4655 848 4696 meam
862 4638 1026 4710 opinionem
1040 4637 1109 4706 quia
1126 4635 1180 4692 hoc
1195 4632 1305 4703 expetit
1319 4636 1348 4689 et
1361 4637 1464 4690 natura

130 4721 158 4773 et
175 4717 254 4790 apud
273 4718 444 4777 Sallustium
462 4737 565 4777 nomen
583 4718 708 4776 fluminis
728 4721 829 4778 neutro
848 4736 951 4794 genere
969 4719 1076 4775 lectum
1095 4719 1139 4773 eet
1152 4713 1262 4771 'l'luuria
1281 4717 1310 4771 et
1327 4713 1465 4771 Mulucha

129 4816 216 4870 usqne
234 4799 273 4857 ad
292 4800 397 4858 flumen
416 4800 552 4858 Mulucha
570 4797 623 4858 sub
641 4799 760 4873 Iugur-tu
778 4805 860 4858 erant
879 4801 959 4871 (sarr.
977 4802 1042 4872 Iup,
1062 4817 1083 4856 e.
1105 4801 1160 4866 19).
1188 4793 1278 4864 igitur
1296 4797 1356 4853 sive
1375 4797 1463 4853 duum

129 4882 186 4947 sire
205 4883 291 4939 trium
311 4901 447 4955 generum
467 4888 511 4941 est
531 4901 678 4942 commuue
699 4887 790 4941 estet
808 4903 859 4956 per
876 4885 895 4940 b
914 4889 1024 4940 mutum
1043 4881 1177 4939 scribitur
1197 4885 1227 4938 P

777 5131 788 5166 g
864 5147 866 5150 .
