3590 5486
454 325 504 384 un
523 326 624 384 sara
644 325 755 386 nura
776 325 826 385 cr
845 327 895 384 us
916 322 1106 384 ourrroos.
1378 314 1449 388 225

104 518 268 598 quisquam
298 517 381 579 novit
410 514 456 578 vel
483 515 631 602 prodidit,
660 518 749 600 adeo,
771 526 807 581 ut
835 501 1054 578 celeberrimus
1078 512 1155 576 Care
1184 512 1257 578 illud
1286 515 1367 575 inter
1396 509 1447 572 de·

103 624 225 707 perdita
255 642 417 688 recensere
446 642 506 687 uon
537 623 728 689 dubitaverit.
769 624 846 708 Nos,
875 641 945 687 cum
969 623 1209 686 vetustissimum
1233 621 1368 684 codicem
1393 638 1448 719 ms,

104 721 309 798 bibliothecae
340 732 542 796 illustrissimi
565 731 789 816 Metropolitani
813 731 944 816 Capituli
967 730 1223 814 Salisburgcnsis,
1251 747 1379 792 numeru
1405 725 1446 798 71

56 891 59 896 .
104 843 320 927 subnotatum,
343 851 375 906 et
398 843 479 905 circa
502 842 624 904 initium
648 859 708 904 sec.
731 839 781 902 ix.
805 850 962 905 exaratum
985 839 1158 904 evolventes
1188 837 1393 902 incideremus
1417 838 1448 900 iu

104 945 289 1033 opusculum
313 948 597 1033 orthographicum,
625 950 707 1012 luter
730 951 878 1031 genuinas
902 947 1045 1032 epistolas
1068 947 1187 1012 Alcuini
1215 947 1256 1011 ibi
1281 947 1449 1028 descriptas

104 1059 373 1142 comprehensum,
393 1059 510 1140 opinari
529 1060 676 1141 cepimus,
695 1057 725 1122 id
745 1060 845 1141 ipsum
865 1077 932 1122 esse
952 1057 1133 1140 opusculum
1147 1057 1181 1121 B.
1196 1057 1316 1122 dicuini
1334 1056 1446 1120 hucus-
1550 1078 1554 1088 ·
1631 1047 1634 1054 '

105 1185 164 1248 que
195 1165 411 1256 desideratum.
449 1163 512 1227 Nec
541 1167 657 1250 opinio,
687 1174 722 1229 ut
749 1166 944 1250 confidimus,
972 1185 1028 1230 nos
1057 1165 1177 1249 fefellit,
1205 1165 1285 1230 idem
1317 1182 1448 1245 namque

103 1273 290 1358 opusculum
318 1292 414 1355 aeque
444 1281 561 1335 vetusta
590 1291 681 1336 manu
710 1277 858 1356 scriptum
887 1273 945 1336 sub
973 1276 1095 1358 nomine
1122 1273 1222 1336 libini
1240 1273 1381 1353 Magistri
1410 1271 1448 1332 ab

105 1384 214 1445 amicis
234 1401 269 1444 ac
288 1380 442 1446 sodalibus
463 1384 574 1444 nostris
590 1381 838 1446 San-Maurianis
852 1391 1009 1464 repertum
1030 1382 1087 1444 luit
1106 1383 1137 1444 in
1157 1380 1340 1444 bibliotheca
1355 1377 1448 1460 Regia

105 1489 299 1575 l’arisieusi,¹
318 1495 351 1554 in
381 1489 446 1554 cod.
475 1509 603 1554 numero
632 1487 719 1554 4841
752 1498 869 1573 notato,
905 1491 954 1552 cui
983 1508 1039 1552 cur
1067 1489 1142 1551 tides
1170 1507 1231 1552 non
1260 1486 1449 1570 adhibeatur,
1586 1541 1590 1552 .

106 1600 187 1664 nulla
212 1600 302 1684 plano
322 1619 414 1664 causa
433 1609 485 1663 aut
503 1601 581 1662 ratio
601 1593 780 1663 succurrit'.
818 1601 850 1661 iu
869 1595 1007 1661 Parisino
1027 1598 1146 1681 codice,
1170 1601 1258 1661 cuius
1277 1593 1448 1658 Frobeuius

107 1710 294 1773 mentionem
326 1711 413 1792 iecit,
446 1707 568 1790 praeter
587 1708 811 1796 ,fragmentum
835 1707 934 1770 Bedae
968 1725 1060 1789 supra
1094 1714 1363 1770 commemoratum
1397 1703 1450 1768 hic

105 1817 184 1880 liber
208 1817 321 1900 legitur
343 1820 399 1892 ita,
423 1819 533 1894 incipit
555 1817 761 1895 ortographiae
781 1819 881 1878 albini
897 1819 1044 1894 magistri
1062 1815 1115 1880 Me
1133 1818 1220 1895 tegat
1237 1818 1384 1892 antiquus
1403 1847 1448 1860 --

106 1927 217 1989 hints
242 1929 407 2006 proprium
435 1944 465 2006 p.
488 1920 587 1986 2344.
626 1923 731 1986 eadem
759 1926 918 2006 inscriptio
943 1934 990 1989 est
1018 1927 1107 1988 etium
1136 1927 1168 1987 in
1197 1922 1303 1986 codice
1327 1921 1447 1985 Lucidu-

107 2035 195 2096 ncnsi
219 2029 286 2096 448
312 2051 389 2096 saec.
414 2030 469 2115 lX,
497 2033 528 2094 in
553 2050 613 2113 quo
641 2041 711 2114 post
735 2032 855 2097 Alcuini
882 2032 994 2096 librum
1023 2033 1060 2095 de
1085 2040 1150 2096 arte
1180 2033 1374 2116 grammatica
1397 2029 1446 2093 hic

79 2129 81 2132 ’
106 2139 184 2204 liber
208 2143 342 2223 scriptus
366 2149 427 2225 est,
450 2143 559 2220 incipit
582 2141 809 2220 orthographia
833 2143 933 2204 albini
954 2143 1099 2219 magistri
1122 2141 1175 2204 Me
1198 2145 1283 2218 leuat
1305 2158 1385 2221 sqq.=
1409 2137 1447 2202 ci.

107 2248 264 2332 catalogue
287 2249 411 2333 general
433 2249 488 2312 des
510 2252 693 2313 manuscrits
717 2249 771 2312 des
795 2249 1018 2331 bibliothbrpues
1042 2249 1204 2333 pubiiques
1228 2249 1282 2313 des
1306 2234 1446 2332 departess

107 2366 208 2422 ments
232 2377 258 2422 v.
282 2358 295 2421 l
319 2379 347 2442 p.
372 2356 448 2424 237.
472 2362 503 2423 in
527 2360 654 2440 reliquis
678 2359 834 2423 codicibus
859 2377 936 2441 quos
960 2357 1020 2420 ridi
1045 2377 1156 2422 nomeu
1180 2360 1340 2440 scriptoris
1363 2356 1445 2420 addi·

107 2477 171 2530 tum
202 2484 264 2530 non
292 2476 348 2531 est.
388 2475 460 2531 sunt
484 2477 584 2531 autem
613 2465 658 2552 bi,
679 2466 970 2550 'blontepessulanus
995 2463 1061 2530 306
1086 2474 1117 2530 et
1140 2449 1345 2549 Sangallensis
1369 2463 1446 2548 249,

106 2592 185 2656 quos
211 2573 300 2637 mom
324 2578 355 2638 in
379 2575 594 2658 orthographia
618 2574 717 2639 Bedae
741 2577 987 2659 commemorari,
1015 2574 1187 2639 Bernenses
1211 2585 1288 2657 tres,
1317 2571 1385 2638 330
1408 2573 1446 2636 ab

106 2682 246 2748 Usenero
275 2703 350 2748 mus.
374 2683 471 2749 Rhea.
495 2703 522 2748 r.
546 2683 629 2747 xxti
654 2678 695 2770 (a.
723 2679 826 2768 1867)
850 2704 879 2766 p.
904 2681 971 2747 416
996 2685 1182 2768 descriptus,
1212 2680 1293 2766 338,
1324 2702 1361 2746 ex
1385 2700 1445 2772 qtto

106 2790 288 2876 Putschius,
316 2803 350 2856 ut
378 2793 455 2876 diri,
483 2791 596 2858 librum
621 2792 729 2875 edidit,
757 2788 839 2876 243,
866 2791 997 2855 Parisinl
1022 2788 1107 2856 7521
1134 2787 1292 2874 etiosa,
1317 2789 1445 2871 Sanger·
1515 2849 1518 2854 ,

108 2903 263 2965 mariensis
295 2897 390 2963 1447.
433 2911 523 2983 atque
552 2921 588 2964 ex
617 2901 665 2964 his
694 2919 815 2984 quoque
845 2899 1115 2981 Sangermanensis
1144 2899 1302 2961 ooniirmat
1334 2915 1445 2960 nomen

108 3006 209 3071 Albini
232 3011 430 3092 praescriptis
452 3009 590 3074 versibus
610 3009 729 3074 duobus
748 3019 779 3073 et
798 3011 903 3092 viginti
923 3009 958 3072 ad
979 3007 1122 3072 llarolum
1143 3027 1260 3090 regem,
1282 3009 1446 3086 splendido

108 3118 181 3178 dum
201 3120 313 3179 rutilat
330 3121 428 3180 roseis
447 3121 575 3182 ,luroru
598 3121 762 3197 quadrigis
781 3137 861 3200 sqq.:
884 3118 922 3181 cl.
941 3117 979 3180 de
1002 3135 1128 3198 gramm.
1147 3115 1288 3199 qulbusd.
1312 3117 1364 3178 ini.
1389 3125 1445 3178 aet.

108 3243 137 3306 p.
161 3221 193 3308 8,
216 3223 336 3287 Alcuiui
359 3245 407 3308 op.
431 3244 457 3288 v.
482 3223 509 3286 ll
533 3245 561 3308 p.
586 3223 652 3290 238
676 3227 723 3290 ed.
748 3225 836 3289 Frob.

199 3331 245 3395 Ex
273 3332 322 3395 his
350 3351 427 3414 quae
456 3333 517 3397 dixi
546 3339 619 3400 satis
648 3345 773 3419 apparet
797 3333 895 3397 Bedae
926 3351 1052 3416 nomen,
1081 3332 1161 3414 quod
1186 3332 1349 3396 Putschius
1372 3331 1444 3395 huic

4 3497 5 3508 ,
108 3439 186 3503 libro
218 3444 430 3526 praescripsit,
460 3462 477 3505 a
506 3442 592 3506 libris
624 3463 714 3522 manu
745 3444 867 3525 scriptis
899 3441 1011 3506 nullam
1040 3443 1250 3517 auctoritatem
1280 3436 1445 3527 habere*),

109 3549 162 3611 sed
195 3551 336 3630 quoniam
359 3549 461 3615 multa
491 3570 568 3633 qnae
600 3555 631 3616 in
662 3552 744 3615 illius
772 3551 849 3616 libro
882 3549 1024 3632 leguntur
1054 3553 1183 3631 repetita
1213 3559 1285 3614 stant
1314 3553 1344 3614 in
1377 3551 1445 3634 hoc,

107 3656 273 3721 Putsclrius
293 3657 374 3722 hunc
393 3659 563 3723 breviorem
583 3662 694 3744 potius,
713 3678 803 3741 quiem
824 3661 888 3723 sine
908 3661 1029 3722 nomine
1049 3661 1183 3722 auctoris
1206 3661 1237 3722 in
1257 3678 1318 3723 uno
1339 3659 1444 3724 codice

109 3768 258 3849 scriptum
282 3768 453 3850 invenerat,
476 3787 567 3850 quam
591 3767 674 3832 illum
699 3767 890 3852 ampliorem,
913 3770 1001 3831 cuius
1020 3767 1156 3832 codicem
1180 3758 1270 3832 mauu
1295 3772 1444 3852 scriptum

110 3891 169 3936 non
190 3871 335 3957 habebat,
358 3874 456 3939 Bedae
476 3875 671 3941 tribuendum
691 3896 759 3940 esse
778 3878 901 3959 putarit.
939 3885 1061 3958 praeter
1080 3877 1326 3960 orthographiam
1346 3877 1443 3940 Bedae

110 3994 213 4046 autem
238 3981 365 4046 Albinus
394 3987 545 4067 excerptis
570 3983 752 4047 Cassiodorii
781 4003 856 4047 usus
884 3994 939 4048 est.
978 3981 1014 4045 ab
1043 3984 1091 4048 his
1119 3984 1239 4063 duobus
1269 3984 1444 4049 atrctorihns

110 4093 192 4154 enirn
221 4089 309 4174 longe
334 4094 461 4154 maxima
489 4091 580 4155 huius
609 4091 678 4154 iibri
707 4109 777 4174 pars
802 4093 930 4174 repetita
955 4099 1015 4174 est,
1042 4111 1139 4174 pauca
1168 4113 1244 4176 quae
1269 4094 1347 4177 apud
1377 4093 1444 4157 illos

111 4218 170 4263 non
201 4201 413 4282 inrenIuntur,
440 4201 472 4262 in
501 4201 607 4281 primis
635 4202 666 4262 in
695 4199 753 4262 line
778 4203 869 4263 unius
894 4202 1042 4280 cuiusque
1066 4200 1200 4285 litterae,
1229 4203 1294 4284 ipso
1319 4201 1444 4264 Albinus

110 4308 234 4373 addidit.
259 4310 290 4371 in
309 4308 421 4390 quibus
435 4308 625 4372 Priscianum
642 4312 806 4404 nominavit
824 4328 852 4391 p.
868 4305 966 4372 2347.
996 4309 1155 4372 abeodem
1173 4310 1193 4372 l.
1207 4309 1291 4372 llllll
1310 4329 1339 4392 p.
1354 4306 1408 4392 49,
1423 4305 1445 4372 ὃ

110 4425 253 4500 excerpta
277 4415 315 4479 de
338 4416 613 4498 praepositionibus
634 4435 694 4496 pro
713 4426 744 4479 et
760 4436 841 4496 prae
863 4437 892 4499 p.
910 4415 1000 4480 2342
1023 4421 1142 4500 petivit!
1172 4437 1208 4480 ex
1229 4417 1318 4501 Capri
1342 4418 1441 4481 ortho-

111 4527 236 4611 graphia
259 4545 289 4608 p.
310 4520 384 4607 100,
406 4521 429 4587 5
452 4523 676 4588 adnotationem
700 4525 736 4586 de
756 4521 906 4587 adverbiis
927 4535 1078 4604 protenus
1102 4534 1133 4587 et
1152 4529 1297 4604 protinus
1320 4528 1446 4608 recepit.

111 4649 330 4666 W

117 4693 126 4708 ¹
202 4701 230 4771 *)
249 4698 283 4754 Iu
302 4712 359 4755 uuo
378 4696 477 4754 codice
496 4697 650 4772 Reginend
670 4701 738 4754 rost
763 4697 875 4755 dommo
894 4699 1008 4754 saeculo
1027 4683 1145 4770 scripto,
1164 4697 1220 4769 'qui
1242 4699 1312 4756 olim
1332 4699 1446 4758 Nicoloi

4 4807 5 4852 ,
112 4781 223 4838 Heinsii
242 4780 311 4848 brit,
331 4777 472 4850 excerptio
490 4777 602 4850 Albini,
621 4779 654 4835 ul
672 4779 798 4853 ridetur,
817 4779 912 4838 Bedsc
928 4799 1032 4839 nornen
1051 4781 1259 4855 praescriptum
1279 4786 1336 4854 est,
1355 4783 1446 4840 oilbo-

111 4862 234 4933 graphia
251 4861 349 4917 Reduc
366 4867 437 4918 recte
454 4862 594 4918 soribmdi
614 4862 665 4916 Me
683 4862 756 4932 lepor
774 4864 908 4934 amicum
926 4883 987 4935 sqq,

4 4959 5 4970 ³
167 4971 328 5003 ΟΙΔΙΙΑἮΟΙ
341 4971 430 5002 laum
450 4971 494 5004 Vll.
1030 4999 1033 5004 .
1118 4987 1121 4994 ·
1195 4960 1227 5009 Ῑῦ
1331 5001 1335 5008 .
