3602 5482
224 1255 360 1324 Dositbei
381 1269 478 1325 artem
496 1261 722 1343 grammaticam
741 1281 811 1324 cnm
834 1263 872 1324 iis
892 1281 968 1344 quse
987 1269 1057 1344 post
1076 1280 1141 1324 eam
1161 1260 1199 1324 de
1220 1261 1308 1323 ratiis
1328 1259 1465 1344 partibus

133 1369 208 1430 artis
231 1373 442 1451 grammaticae
467 1373 579 1453 scripta
603 1377 675 1433 sunt
698 1369 769 1433 olim
800 1389 837 1434 ax
852 1369 969 1434 'codice
994 1369 1228 1454 Sangallensi
1256 1367 1323 1434 902
1347 1370 1464 1434 decimo

133 1476 254 1541 saeculo
277 1480 417 1562 menate,
445 1487 480 1543 ut
508 1479 581 1543 mibi
609 1481 707 1543 risum
736 1487 796 1563 est,
824 1481 938 1563 scripto
968 1478 1048 1543 edidi
1072 1479 1154 1544 Halis
1178 1499 1203 1543 a.
1229 1477 1315 1544 1871
1341 1528 1349 1543 .
1373 1481 1404 1542 in
1428 1499 1464 1542 eo

133 1585 237 1650 codice
270 1595 372 1651 autem
406 1587 541 1652 Dosithei
573 1607 623 1652 ars
657 1591 769 1671 scripta
802 1598 850 1652 est
883 1589 903 1652 l.
938 1584 1049 1652 1-15
1082 1589 1140 1652 boc
1173 1588 1277 1673 modo,
1310 1589 1331 1652 i.
1366 1587 1383 1652 1
1416 1585 1463 1676 τῷ

133 1691 317 1782 είσυγγέλφ
343 1689 546 1784 θεοδηγήσρο
573 1689 814 1786 θεοσκευάστρο
842 1691 910 1784 nipe
944 1687 1135 1782 δμοίογητῇ
1158 1693 1221 1762 τοῦ
1242 1695 1367 1780 κυρίου
1390 1691 1469 1782 (ΧΤ

133 1797 214 1889 οοδ)
227 1798 284 1867 καί
297 1802 512 1892 πνευματικῷ
532 1826 601 1888 μου
624 1798 771 1890 δεσπότῃ
791 1798 945 1889 Λάζαρος
969 1801 1094 1883 δοῦλος
1112 1798 1252 1885 ἀνάξιος
1269 1814 1342 1882 τοῖς
1360 1801 1464 1871 ποσίν

131 1911 375 1996 προσκείμενος
397 1910 461 1978 τοῦ
486 1906 654 1979 δεσπότου
672 1935 740 1998 μου
759 1905 842 1998 μετὰ
859 1907 969 1998 πάσης
988 1907 1172 1999 ὁμολογίας
1190 1910 1247 1980 nni
1265 1908 1463 1999 consantien-

131 2041 189 2098 τος
204 2016 263 2086 nni
280 2019 424 2100 πίστεως
442 2042 517 2108 sqq,
540 2023 756 2107 septemdecim
777 2041 882 2088 sersus
900 2027 932 2087 in
952 2027 1058 2108 pagina
1077 2025 1216 2090 bifariam
1234 2024 1329 2089 divisa
1348 2027 1465 2109 scripti,

132 2131 244 2214 quibus
266 2139 410 2216 patrono,
437 2142 473 2196 ut
495 2131 628 2218 ridetur,
655 2131 878 2217 observantiam
902 2142 1032 2197 testatur
1061 2137 1192 2218 scriptor
1216 2157 1223 2199 ε
1247 2134 1364 2217 reliqna
1392 2153 1464 2217 pars

132 2242 257 2324 paginae
293 2259 385 2304 vacua
417 2239 524 2304 relicta
552 2250 600 2304 est
622 2261 631 2304 a
654 2241 674 2302 l.
700 2238 746 2304 1*
778 2245 889 2322 incipit
914 2247 1124 2321 grammatica
1154 2245 1294 2308 Dosilbei
1321 2247 1466 2322 mopr'slri

132 2353 193 2414 Ars
215 2346 317 2434 τέχνη
338 2353 549 2430 grammatice
571 2343 784 2434 γραμματική
818 2359 864 2415 est
895 2345 988 2414 ἐστιν
1015 2356 1147 2417 scientia
1179 2349 1319 2435 panion
1334 2383 1378 2396 -
1410 2346 1463 2436 (de

131 2453 360 2546 interiectione)
385 2461 561 2524 inconditas
581 2463 751 2524 devenimus
765 2509 772 2524 .
787 2463 937 2540 explicit.
953 2469 1125 2543 sequnntur
1144 2467 1204 2524 no'n
1224 2461 1330 2524 relicto
1350 2463 1463 2522 maiore

131 2570 228 2652 spatio
252 2569 272 2632 i.
294 2565 426 2634 15—19
450 2587 486 2632 ea
509 2585 586 2650 quas
609 2565 718 2632 deinde
742 2567 836 2654 edidi,
859 2567 1002 2633 idiomata
1025 2569 1187 2634 verborum
1211 2580 1241 2634 et
1265 2569 1463 2654 elocutiones,

131 2678 168 2743 da
192 2677 358 2761 generibus
380 2685 568 2762 poematum,
591 2675 628 2740 de
652 2677 861 2762 distinctione,
884 2677 975 2742 verba
1000 2677 1091 2742 latina
1116 2698 1186 2743 cum
1209 2681 1461 2762 interpretatione

130 2805 251 2871 graeca,
270 2791 357 2852 nenit
375 2790 452 2852 milti
470 2791 502 2850 in
520 2794 649 2850 mentem
665 2789 834 2851 -dedico
853 2778 989 2870 ἀφοσιῶ
1004 2835 1011 2852 .
1026 2791 1159 2872 spatium
1177 2787 1291 2870 aliquot
1309 2807 1463 2872 versuum,

131 2897 212 2980 qnod
235 2899 267 2960 iu
290 2899 394 2980 priore
418 2905 504 2979 parte
528 2896 652 2978 paginae
676 2895 814 2960 bifariam
838 2895 950 2961 divisae
970 2907 1143 2984 supererat,
1166 2917 1295 2962 vaenum
1322 2897 1462 2961 relictum

130 3017 178 3070 est
201 3055 208 3070 .
232 3007 303 3070 inde
326 3005 364 3069 ab
388 3005 482 3070 altera
505 3003 641 3068 eiusdem
665 3008 789 3087 paginae
818 3016 904 3089 parte
934 3007 953 3070 i.
980 3003 1112 3070 19-23
1141 3015 1312 3089 sequuntur
1344 3007 1461 3089 glossae

129 3134 256 3198 graecae
279 3123 311 3178 et
333 3114 442 3178 latinae
466 3115 559 3177 certis
582 3113 745 3195 generibus
773 3116 805 3176 in
833 3117 931 3196 capita
958 3116 1081 3197 triginta
1106 3125 1249 3197 quattuor
1272 3115 1462 3199 distributae,

130 3227 169 3288 de
191 3224 319 3302 officiis,
344 3227 383 3288 de
406 3225 514 3288 diebus
534 3222 637 3301 festis,
661 3225 701 3286 de
723 3229 910 3304 spectaculis
928 3233 996 3308 etc,
1019 3216 1230 3308 μοσχοτόμος
1253 3229 1461 3302 uictimarios,

129 3325 250 3415 μάντις
273 3335 398 3396 dininas
422 3365 464 3378 -
488 3324 580 3416 (περὶ
604 3327 750 3418 ζῳδίων)
766 3323 950 3416 ’ὑδροχόος
977 3337 1143 3412 aquariae,
1172 3326 1291 3416 ίχθύες
1319 3327 1462 3420 (ogdoas

130 3434 212 3526 cod.)
232 3445 337 3521 pisces
360 3490 367 3504 .
392 3444 536 3506 continua
563 3445 715 3525 scriptura
744 3441 897 3506 sublectae
926 3452 999 3506 sunt
1026 3444 1044 3505 l.
1070 3439 1203 3506 23-27
1233 3444 1401 3506 sententiae
1430 3454 1461 3506 et

129 3550 276 3634 epistulae
300 3549 444 3614 Hadriani
468 3569 537 3614 cum
561 3559 646 3634 parte
672 3550 788 3614 fabulae
812 3552 972 3633 Aesopiae,
1001 3544 1204 3636 θαυμαστόν
1228 3547 1321 3616 ἐστιν
1343 3555 1459 3616 miran-

129 3664 203 3724 dem
221 3669 268 3725 est
286 3693 328 3705 -
349 3658 398 3736 είς
414 3650 525 3724 πολὺν
547 3648 631 3742 ἀέρα
656 3663 688 3722 in
711 3663 805 3723 mnlto
828 3665 912 3736 aere,
931 3659 1045 3723 Dositb.
1064 3662 1222 3742 interpret.
1242 3660 1288 3724 ed.
1307 3659 1461 3744 Boeclring

45 3787 49 3801 ·
129 3792 157 3854 p.
179 3764 299 3835 1-25.
345 3787 405 3832 una
427 3770 536 3851 pagina
559 3768 578 3830 l.
599 3765 668 3832 nt·
688 3786 782 3832 vacua
804 3767 909 3831 relicta
933 3778 980 3832 est
998 3817 1005 3830 .
1026 3769 1044 3831 l.
1064 3765 1224 3832 28-31*
1243 3769 1460 3834 declinationes

129 3883 287 3944 nominum
310 3879 524 3961 pronominum
551 3877 713 3942 verborum
745 3895 924 3960 graecorum
954 3886 984 3941 et
1007 3877 1168 3942 latinorum
1194 3899 1262 3943 curn
1286 3879 1385 3943 iudice
1409 3879 1458 3942 ad·

128 3990 318 4073 verbiorum,
336 3989 598 4071 coniunctionum,
616 3989 889 4073 praepositionum,
903 3991 1162 4073 interiectionnm,
1174 3993 1278 4068 prino
1293 3991 1459 4052 declinatio

126 4101 299 4166 recaredum
320 4115 434 4176 grecos
456 4087 575 4178 κύριος
598 4099 739 4160 dominnm
761 4095 885 4179 κυρίου
909 4099 1083 4161 domini-
1106 4087 1147 4179 δή
1171 4099 1239 4161 beat.
1286 4098 1317 4159 in
1342 4095 1459 4178 reliqna

127 4219 214 4294 parte
240 4205 369 4292 codicis,
392 4224 470 4288 quae
493 4208 664 4268 accuratius
688 4205 838 4286 descripta
859 4208 955 4269 estin
975 4204 1109 4288 catalogo
1129 4204 1267 4268 codicum
1287 4204 1457 4287 Sangallen-

128 4323 209 4384 sium
234 4311 459 4403 (lemeichniss
482 4313 537 4377 der
561 4313 797 4377 Handschrilten
827 4315 882 4377 der
906 4313 1159 4378 Stilisbibliothelr
1188 4332 1247 4376 von
1271 4312 1314 4376 St.
1339 4307 1457 4399 Gallen)

127 4449 155 4512 p.
181 4421 265 4508 317,
297 4427 403 4508 scripti
431 4431 503 4487 sunt
526 4423 609 4486 Arati
638 4424 690 4504 qui
714 4422 826 4486 dicitnr
849 4423 927 4487 liber
949 4424 987 4486 de
1010 4422 1184 4504 astrologia,
1217 4421 1349 4485 llrabani
1380 4419 1458 4484 iiber

128 4538 165 4602 de
190 4541 348 4616 computo,
372 4541 532 4616 computus
556 4533 695 4614 Gregorii
719 4581 725 4594 .
750 4533 802 4595 sed
827 4551 861 4596 ea
885 4553 955 4616 pars
979 4551 1077 4614 neque
1102 4531 1208 4595 eadem
1231 4549 1321 4595 manu
1345 4533 1458 4614 scripta

128 4656 186 4728 eet,
210 4662 269 4727 qua
289 4644 443 4726 superior,
466 4651 497 4705 et
515 4641 586 4704 olim
610 4640 647 4704 ab
671 4661 705 4704 ea
725 4641 836 4705 dicitnr
855 4651 991 4726 separata
1010 4643 1102 4705 luisse
1123 4691 1130 4705 .
1150 4651 1285 4704 ceterum
1304 4643 1335 4704 in
1355 4643 1456 4723 priore

128 4763 217 4838 parte
250 4751 363 4816 codicis
396 4753 547 4834 scriptura
581 4759 628 4814 est
660 4761 798 4813 accurata
832 4754 948 4834 paginis
986 4751 1099 4814 formae
1137 4753 1282 4814 maximae
1320 4749 1456 4813 bilariam

112 4845 236 4926 'divisis
259 4869 291 4924 et
313 4859 451 4924 versibus
475 4861 600 4924 tricenis
628 4866 659 4922 et
687 4862 788 4941 quinis
816 4863 847 4923 in
876 4860 1001 4942 singulis
1032 4862 1209 4943 paginarum
1242 4859 1378 4942 partibus
1411 4859 1456 4922 vel
