3590 5486
600 307 651 366 Dii
670 307 770 370 ARTE
788 305 959 366 METRIGA

113 423 135 462 p.
149 409 209 453 sara
223 411 250 452 ro
264 409 290 452 Ρ.

114 495 165 558 scd
189 505 220 560 et
245 493 435 559 ambrosiani
459 515 496 560 eo
521 501 649 563 maxime
674 507 817 582 currunt,

439 605 528 670 deus
551 615 699 672 creator
722 609 881 672 omnium

438 716 506 778 iam
530 717 653 797 surgit
675 715 764 780 bora
787 717 914 796 tertia,

438 822 616 906 splendor
639 833 815 907 paternae
838 823 994 906 gloriae,

87 944 99 986 ⁵
439 932 594 994 aeterno
618 949 742 995 rerum
766 932 951 1014 conditor,

112 1049 142 1102 et
164 1041 262 1103 ceteri
285 1039 462 1125 perplurcs;
484 1041 517 1102 in
542 1039 654 1123 quibus
676 1039 883 1125 pulcherrimo
905 1047 954 1102 cst
978 1041 1090 1104 decore
1109 1045 1296 1125 compositus
1319 1043 1449 1126 hymnus

111 1148 270 1214 beatorum
294 1157 476 1233 martyrum,
498 1151 587 1214 errius
611 1149 676 1214 loca
696 1159 805 1214 cuncta
829 1151 956 1232 imparia
980 1151 1165 1234 spondeum,
1188 1150 1321 1214 iambum
1346 1158 1451 1213 tenent

112 1260 209 1342 paria,
232 1259 322 1320 cuius
345 1259 529 1340 principium
553 1268 601 1322 est
621 1255 626 1340 Ι

231 1435 235 1444 ,
440 1375 589 1431 aeterne
614 1367 755 1430 Christi
779 1386 929 1431 munera

77 1487 100 1526 ¹⁰
439 1484 475 1538 et
497 1485 699 1558 martyrum
723 1478 902 1538 victorias

301 1599 306 1608 ·
369 1611 372 1616 ·
438 1583 564 1647 laudes
589 1584 754 1648 ferentes
777 1583 923 1647 debitas

440 1692 548 1756 laetis
572 1710 744 1756 canamus
769 1690 963 1756 mentibus.

115 1801 224 1880 recipit
247 1797 306 1861 hoc
323 1807 464 1862 metrum
488 1799 663 1884 aliquoties,
687 1810 721 1864 nt
744 1799 850 1864 scribit
874 1799 991 1863 Mallius
1010 1797 1204 1881 Theodorus,
1228 1799 1318 1861 etiam
1343 1797 1451 1862 tribra-

115 1905 191 1988 cbyn
212 1905 287 1970 locis
306 1907 449 1970 omuibus
473 1916 594 1992 praeter
613 1911 825 1993 novissimum,
848 1907 1001 1990 dactylum
1020 1917 1052 1970 et
1070 1917 1265 1991 anapaestum
1290 1906 1364 1969 locis
1389 1918 1452 1970 tan·

81 2031 103 2070 n
117 2021 180 2076 tum
203 2014 386 2099 imparibus,
409 2015 491 2079 unde
515 2025 563 2080 est

440 2127 606 2207 geminae
630 2129 758 2209 gigans
783 2126 1017 2190 substantiae

441 2232 577 2298 alacris
602 2247 642 2299 ut
665 2243 793 2300 currat
816 2237 918 2298 riam

116 2347 289 2402 ceterorum
313 2359 382 2404 rara
406 2341 499 2406 babes
524 2343 668 2427 exempla.

489 2517 550 2587 DE
574 2519 729 2589 METRO
753 2516 1078 2587 ANAOREONTIO

83 2663 107 2703 so
210 2646 341 2710 bietrum
369 2648 533 2713 iambicum
563 2659 773 2716 tetrametrum
793 2651 945 2733 corchon
974 2649 1054 2732 qnod
1080 2650 1309 2710 anacreontium
1333 2649 1454 2730 dicitiu,

119 2756 226 2836 recipit
245 2765 455 2841 anapaestum,
483 2758 560 2822 duos
579 2759 695 2823 iambos
713 2769 745 2823 et
764 2758 964 2842 semipedem,
988 2775 1049 2838 quo
1068 2773 1143 2818 neus
1163 2765 1210 2818 cst
1228 2755 1361 2838 Prosper
1375 2755 1455 2838 Tyro

121 2864 150 2924 in
174 2865 326 2945 principio
349 2863 569 2929 exhortationis
592 2868 628 2930 ad
653 2871 812 2951 coniugem
836 2869 879 2931 ita
902 2866 1020 2949 dicens,

445 2991 509 3057 age
532 2976 600 3038 iam
624 2993 758 3058 precor
781 2993 941 3039 mearum

446 3101 567 3146 comes
591 3086 627 3147 in
650 3093 789 3148 remota
814 3101 951 3166 rerum,

445 3191 626 3274 trepidam
650 3191 870 3273 brevemque
895 3191 1006 3252 ritam

447 3299 593 3364 domino
617 3300 684 3362 deo
708 3300 882 3363 dicemus.

447 3404 563 3469 celeri
586 3405 689 3469 vides
713 3413 839 3470 rotatu

447 3514 597 3597 rapidos
620 3513 700 3578 dics
725 3533 844 3578 meare

448 3622 667 3704 fragilisque
691 3623 850 3687 membra
875 3623 997 3686 mundi

449 3733 576 3816 minui,
599 3734 738 3816 perire,
761 3731 844 3794 labi.
1081 3816 1085 3824 .

449 3839 545 3920 fugit
567 3858 670 3903 omne
694 3838 787 3922 quod
814 3849 993 3920 tenemus,

450 3965 566 4028 neque
590 3948 690 4011 iluxa
716 3947 851 4012 babent
874 3966 1079 4031 recursum,

417 4057 675 4154 ‘cupidasque
700 4075 788 4120 rana
812 4067 952 4121 mentes

433 4168 577 4249 ,specie
602 4165 754 4230 trabunt
777 4167 886 4229 inani,

451 4273 513 4339 ubi
537 4293 633 4338 nunc
656 4277 773 4357 imago
797 4284 920 4338 rerum
945 4269 1023 4338 est?

216 4457 250 4508 le
270 4447 320 4504 bn
339 4443 470 4508 METRO
490 4447 760 4507 snaonuoumo
781 4449 864 4506 Moli.
889 4448 989 4507 Tbeod.
1009 4453 1075 4517 593,
1093 4450 1132 4506 24

214 4606 370 4662 basim
388 4603 420 4658 F
491 4607 630 4662 scancia
648 4619 699 4660 om.
719 4603 759 4674 L,
783 4605 849 4662 odd.
869 4604 932 4661 FP
1003 4609 1036 4660 13
1055 4601 1158 4658 melius
1179 4599 1221 4657 F.-
1250 4603 1335 4658 Mcil.
1358 4603 1458 4660 Tucca.

121 4702 150 4756 p.
171 4689 238 4754 593,
257 4690 277 4742 6
295 4685 329 4742 dc
346 4687 471 4742 inimare
490 4687 610 4742 iambico
674 4691 708 4742 19
727 4684 998 4742 auscuuvurio
1018 4683 1079 4739 Fr]
1148 4688 1184 4738 20
1203 4683 1344 4754 coiopbon
1364 4683 1462 4740 FLP

128 4766 395 4917 pcuffimfffium
414 4765 477 4822 Fr>
549 4773 583 4822 il
603 4767 648 4822 esi
665 4781 717 4823 ora.
738 4765 774 4836 P,
792 4765 858 4822 cdd.
878 4765 941 4821 FL
1009 4770 1043 4820 ii
1064 4767 1161 4820 rorsiu
1180 4762 1212 4818 F
1278 4769 1313 4820 28
1332 4766 1458 4840 rapidos]

181 4955 341 4990 autumer
354 4957 443 4990 marm
458 4958 503 4990 vn.
887 4977 889 4980 -
1210 4941 1241 4992 il
1283 4941 1292 4957 ‘
