3616 5482
346 338 411 406 164
917 321 1152 404 oassmnonn

342 453 365 493 ρ.
379 443 440 486 md
455 442 483 488 id
496 442 522 484 P.

433 528 493 592 Pro
527 529 712 612 praepositio
740 529 893 594 interdum
921 533 953 594 in
982 533 1199 613 compositione
1232 533 1439 614 corrumpitur
1472 533 1582 614 partim
1610 549 1679 594 cor-

342 640 495 721 reptione,
519 657 588 701 cum
609 637 844 702 situaturallter
862 637 964 722 longa,
983 647 1017 702 ut
1036 656 1180 720 proavus,
1199 641 1309 721 partim
1328 639 1537 724 adsumptione
1557 639 1679 704 litterae

341 746 375 831 d,
404 757 437 810 ut
465 746 591 829 prodest
618 745 720 830 prodit
747 745 906 830 prodigus:
933 747 1086 812 interdum
1114 749 1232 830 integra
1256 756 1305 813 est
1328 758 1358 812 et
1389 751 1453 832 ipse
1478 759 1509 814 et
1532 767 1602 833 pars
1627 751 1678 812 cui

341 856 552 940 coniungitur,
574 862 608 918 ut
632 873 779 936 procuro:
806 855 1004 937 sequentibus
1028 859 1038 920 i
1062 867 1093 921 et
1115 876 1147 941 r,
1170 875 1240 920 cum
1263 875 1320 939 pro
1339 856 1575 922 consonantibus
1594 867 1676 939 aunt,

342 981 403 1026 non
421 981 622 1045 numquamo
648 962 778 1026 litteram
801 963 903 1045 perdit
925 975 977 1028 aut
1000 975 1110 1048 mutat,
1135 976 1169 1028 ut
1193 964 1355 1047 providens
1379 965 1527 1050 prudens,
1551 976 1603 1030 aut
1627 965 1705 1029 ado

342 1073 436 1134 sumit
458 1073 469 1133 i
493 1067 524 1134 et
547 1074 768 1154 corrumpitur,
791 1080 826 1133 nt
848 1075 1023 1154 proiieotus.

432 1170 554 1244 Circum
582 1182 765 1263 praepositio
789 1179 988 1264 sequentibus
1011 1181 1164 1246 vocalibus
1188 1200 1218 1244 ru
1246 1182 1377 1246 litteram
1406 1184 1438 1245 in
1467 1185 1675 1246 enuntiatione

340 1292 465 1374 amittit,
492 1293 523 1353 in
552 1293 703 1372 scriptura
731 1300 843 1372 serrat3
878 1289 931 1353 sed
961 1309 1029 1353 cnm
1098 1301 1129 1354 et
1157 1311 1176 1354 u
1205 1291 1322 1355 vocales
1350 1289 1417 1354 loco
1444 1294 1677 1355 consonantium

127 1403 130 1412 “
230 1484 235 1492 ¹
341 1401 456 1482 positae
476 1408 638 1482 secuntur,
661 1407 693 1460 et
716 1396 861 1460 scribitur
879 1406 911 1460 et
930 1401 1120 1482 annuntiatur,
1143 1408 1178 1462 ut
1201 1402 1401 1463 circumvenit
1424 1379 1628 1463 circumiacet.

431 1509 508 1572 Ante
528 1509 711 1590 praepositio
731 1506 885 1570 interdum
904 1507 1020 1588 integra
1041 1515 1151 1590 manet,
1169 1516 1204 1570 ut
1225 1515 1396 1572 anteactum
1420 1511 1573 1572 antevenit
1592 1515 1675 1571 ante·
1692 1525 1720 1565 ro

341 1617 436 1701 aedit,
459 1616 613 1680 interdum
636 1617 803 1680 mutatione
826 1617 859 1678 in
881 1617 892 1678 i
915 1614 1046 1679 litteram
1072 1618 1292 1697 corrumpitur,
1309 1596 1352 1678 'ut
1375 1618 1498 1679 antistat
1522 1618 1676 1699 anticipat.
1709 1597 1717 1626 ‘

431 1724 515 1788 lnter
542 1727 726 1808 praepositio
756 1726 787 1786 in
810 1742 870 1787 una
894 1741 966 1786 voce
991 1731 1138 1804 sequente
1162 1723 1172 1785 i
1193 1723 1296 1826 littera
1318 1743 1335 1786 r
1358 1726 1390 1787 in
1414 1722 1541 1786 eandem
1569 1731 1677 1808 munt,

339 1843 374 1897 ut
402 1835 559 1916 intellego:
587 1835 697 1897 ceteris
725 1832 836 1896 litteris
866 1807 1065 1915 sequentibus
1093 1835 1334 1896 consonantibus
1362 1836 1411 1896 vei
1437 1830 1590 1895 vocalibus
1617 1850 1675 1914 ρει

340 1959 444 2006 omnes
467 1962 556 2006 voces
580 1944 698 2025 integra
721 1949 835 2024 manet,
858 1950 893 2016 ut
916 1939 1093 2016 interimet

431 2049 525 2114 Cuius
549 2062 579 2114 et
603 2053 653 2116 cui
676 2053 854 2134 pronomina
877 2069 933 2133 per
958 2069 976 2132 q
1000 2045 1239 2114 scribebanturr·
1254 2069 1310 2112 nos
1334 2059 1435 2114 autem
1460 2059 1490 2115 et
1513 2050 1550 2113 ad
1573 2048 1672 2112 brevi·
1689 2067 1716 2108 re

154 2168 157 2172 ’
258 2257 259 2260 ¹
339 2149 432 2222 t‘atem
456 2160 664 2224 festinavimus
687 2159 841 2224 scribendi
864 2169 895 2222 et
918 2158 999 2230 iilam
1022 2157 1237 2240 pinguedinem
1260 2158 1365 2222 limare
1389 2159 1558 2222 maluimus.
1638 2183 1647 2196 ·

428 2267 559 2332 Accerso
583 2288 639 2351 ρει
658 2288 674 2332 c
694 2257 725 2332 e‘t
744 2286 865 2333 arcesso
886 2285 942 2349 ρει
961 2286 990 2352 r;
1014 2267 1066 2329 sed
1091 2284 1214 2330 accerso
1233 2267 1382 2348 significat
1400 2266 1527 2345 advoco,
1550 2285 1672 2332 arcesso

184 2457 189 2467 ‚
225 2448 229 2454 ,
339 2375 453 2458 ιερεΙΙο
476 2376 632 2459 prohibeo.

428 2484 525 2566 (ioqui
548 2482 701 2569 †Gratus
724 2484 916 2568 artigraphus
939 2503 1030 2567 perc
1053 2486 1181 2566 primam
1205 2483 1361 2568 syllabam,
1385 2486 1549 2549 secundam
1571 2504 1628 2569 per
1651 2505 1672 2568 q

337 2591 528 2656 scribendam
551 2597 675 2678 putarit.
713 2613 774 2657 non
798 2595 878 2656 enim
902 2592 1031 2655 dicimus
1055 2611 1176 2677 cocere,
1205 2592 1259 2656 sed
1289 2611 1435 2676 coquere,
1465 2603 1497 2656 nt
1521 2592 1671 2676 Vergilias
1686 2609 1716 2650 so

338 2695 492 2783 ‘apricis
516 2707 690 2786 coquitur
715 2701 895 2765 vindemia
919 2695 1043 2763 saxis'.

428 2808 452 2870 V
478 2809 578 2874 littera
607 2814 638 2875 in
667 2809 846 2893 quibusdam
875 2807 1013 2891 partibus
1036 2811 1182 2872 orationis
1205 2812 1311 2873 vitiose
1335 2797 1497 2894 inseritur,
1520 2819 1555 2873 ut
1578 2813 1608 2874 in
1633 2829 1671 2874 eo

412 2997 444 3048 lt
465 2991 551 3051 Cuius
575 2993 631 3050 Va.
652 2994 742 3066 Lamp.
762 2998 864 3060 70,18
952 2995 986 3047 11
1007 2992 1127 3049 Accerso
1152 2992 1316 3066 Vat.Lonp.
1338 2997 1439 3061 71,1u
1527 2991 1672 3065 incoqui

343 3073 399 3131 Vct.
419 3073 509 3147 Lamp.
529 3080 575 3144 79,
595 3081 613 3133 7
686 3081 720 3130 22
741 3074 767 3129 V
785 3073 884 3131 littera
908 3071 964 3130 Vn.
984 3071 1072 3145 Lamp.
1093 3080 1139 3142 59,
1158 3081 1177 3132 8

412 3245 425 3293 1
440 3238 496 3295 Ριο
510 3238 686 3310 praepositio
696 3236 811 3310 (positio
820 3235 859 3306 B)
872 3251 935 3290 eum
947 3234 985 3290 sit
994 3236 1260 3310 naturaliterlonga
1269 3238 1412 3294 interdum
1422 3237 1672 3308 incompositione

336 3318 526 3391 corrumpitur
549 3319 654 3392 partim
674 3316 851 3390 correptione
870 3319 902 3370 ut
920 3333 1044 3388 proauus
1063 3317 1184 3377 Atace·
1249 3326 1265 3374 a
1289 3318 1396 3392 prodit]
1416 3317 1546 3390 proditas
1564 3317 1615 3378 Βς

337 3405 354 3455 b
374 3416 585 3470 nonnumquam
606 3399 733 3456 litteram
747 3397 842 3471 perdit
855 3400 906 3453 ant
919 3401 1012 3454 mutat
1025 3403 1058 3455 ut
1077 3399 1228 3470 prouidens
1243 3403 1293 3455 aut
1306 3398 1431 3456 adsumit
1449 3403 1500 3456 aut
1518 3399 1672 3473 corripitur

339 3500 372 3554 ut
394 3499 539 3571 proiectus
563 3499 717 3572 (proiectus
742 3513 772 3567 ς,
795 3495 939 3569 profertur
958 3495 1069 3568 Carrio)
1092 3498 1143 3557 Βς
1166 3485 1329 3569 Numquam
1356 3498 1482 3555 litteram
1506 3498 1601 3571 perdit
1619 3503 1672 3556 aut

337 3581 432 3636 mutat
449 3584 482 3636 nt
500 3580 654 3652 prouidens
669 3583 720 3637 ant
737 3577 858 3634 assumit
872 3579 923 3631 aut
937 3577 1098 3650 corripitur
1111 3580 1144 3634 ut
1162 3580 1302 3652 proiertns
1319 3579 1342 3635 0
1358 3597 1570 3655 nonnumquam
1589 3582 1670 3640 litte·
1751 3615 1756 3624 =

335 3677 397 3716 ram
415 3661 511 3732 perdit
524 3665 574 3718 aut
587 3662 681 3717 mutat
699 3663 751 3717 aut
768 3657 920 3731 prouidens
939 3659 1063 3730 prudens
1083 3661 1151 3730 (roll.
1165 3662 1229 3730 om.)
1249 3660 1285 3717 A.
1314 3678 1527 3735 nonnumquam
1541 3663 1670 3720 litteram

336 3741 432 3812 perdit
447 3746 477 3799 et
490 3745 596 3810 mutat,
615 3745 648 3798 ut
660 3742 814 3813 providens
832 3738 971 3814 prudens,
989 3744 1041 3796 aut
1054 3739 1173 3796 assumit
1192 3743 1221 3796 et
1240 3744 1443 3815 corrumpitur,
1463 3747 1496 3801 ut
1513 3744 1670 3816 proiieetus

335 3824 451 3879 coniecit
465 3821 650 3879 Schneiderae
667 3841 782 3896 pramm.
798 3823 847 3878 tat.
863 3823 885 3876 I
892 3838 924 3893 p.
940 3825 996 3876 647
1015 3820 1075 3876 coll.
1089 3821 1123 3876 dc
1137 3821 1255 3893 ortboar.
1275 3841 1303 3893 p.
1318 3829 1408 3881 2242.
1436 3825 1568 3897 proiiecit
1587 3828 1670 3896 perrei-

336 3909 407 3960 mata
424 3902 436 3959 i
454 3904 548 3959 littera
567 3903 668 3974 lapitas
686 3906 765 3974 apud
785 3905 915 3961 Mariam
936 3903 1213 3972 victorisissimae,
1227 3909 1267 3961 25
1340 3911 1357 3962 9
1377 3907 1406 3963 et
1425 3908 1630 3979 pronunciatur
1648 3905 1673 3960 Ο

392 3993 426 4042 13
446 3985 547 4042 ceteris
565 3984 677 4055 (ceteris
695 4001 746 4041 oar.
761 3986 800 4055 A)
819 3986 923 4042 litteris
942 3983 1125 4055 sequentibus
1144 3985 1292 4043 uocalibus
1311 4004 1363 4058 per
1376 4005 1461 4044 uocas
1480 3991 1542 4059 (pro
1555 4002 1626 4044 noce
1641 3989 1670 4054 ς)

335 4066 449 4140 integra
467 4070 564 4122 manat
583 4064 707 4137 Altos,
721 4066 751 4122 in
770 4066 833 4122 aliis
852 4066 967 4138 integra
986 4069 1083 4121 manet
1102 4066 1135 4122 otc
1153 4067 1272 4139 orttopr.
1290 4086 1319 4138 ρ.
1339 4073 1425 4125 2337.
1454 4086 1494 4125 aa
1516 4067 1546 4123 in
1566 4067 1674 4123 ceteri·

335 4146 440 4204 litteris
459 4145 644 4218 sequentibus
663 4146 810 4204 vocalibus
828 4147 874 4202 rel
894 4144 1115 4203 consonantibus
1132 4146 1246 4221 integra
1264 4151 1379 4205 manet?
1472 4147 1667 4219 conteritur]

335 4228 435 4285 interit
448 4247 518 4286 corr.
534 4235 566 4284 at
579 4228 690 4283 rodmar
703 4227 800 4284 interii
815 4224 844 4296 0,
859 4225 959 4282 interit
974 4225 1074 4282 Carrio
1153 4235 1186 4284 to
1205 4228 1368 4286 scribebant
1383 4227 1416 4284 0:
1432 4229 1549 4296 fortaasc
1562 4227 1669 4284 scribe-

337 4311 405 4366 bant
424 4308 534 4382 antiqui
590 4315 625 4366 16
643 4308 841 4384 pingnidinem
860 4306 928 4378 AO,
947 4306 1291 4379 pinguitudinem..Veltns
1304 4310 1420 4381 Laupas
1476 4314 1509 4365 17
1529 4311 1564 4365 et·
1577 4307 1671 4364 omi)

389 4408 502 4448 accerso
525 4409 577 4465 per
599 4413 615 4449 r
637 4395 665 4447 A
739 4406 851 4447 arcerso
875 4388 984 4461 repello
1008 4388 1032 4444 0
1105 4397 1138 4446 18
1160 4392 1298 4464 prohibeo
1318 4408 1368 4448 om.
1389 4391 1418 4444 A
1493 4395 1526 4447 lt
1550 4388 1666 4461 Gratus]

336 4471 458 4530 ‘Gnatus
481 4478 559 4530 aetas
583 4475 661 4544 leber,
684 4474 802 4542 tortasse
824 4469 964 4547 Donatus?
987 4469 1094 4528 Carrio.
1123 4473 1210 4528 amabi
1228 4479 1341 4543 poterat
1363 4472 1472 4530 Probus
1494 4470 1555 4528 coil.
1581 4468 1667 4528 Prob.

336 4557 400 4612 inat.
419 4561 472 4611 art.
494 4573 525 4626 ρ.
543 4559 613 4623 126,
631 4559 680 4611 29.
705 4559 773 4624 182,
791 4559 846 4622 21,
870 4557 928 4610 nisi
946 4555 1044 4624 potiare
1061 4551 1191 4624 Lampam
1214 4559 1310 4610 cosatra
1329 4555 1433 4610 Nisam
1455 4551 1668 4624 prammattcum

334 4636 523 4705 disputantem
532 4654 563 4708 p.
577 4642 652 4704 79,7
666 4638 716 4693 boc
729 4652 835 4707 qnoque
848 4637 907 4692 ioco
921 4635 1097 4706 Papirianae
1110 4640 1219 4692 secatam
1234 4641 1293 4690 crat
1347 4651 1398 4707 per
1413 4651 1428 4690 c
1443 4633 1564 4704 primam
1579 4633 1668 4703 sylla-

335 4716 401 4772 bam
416 4716 571 4773 secundnm
580 4721 662 4789 (cora.
672 4718 752 4773 -dam
767 4719 794 4788 b)
809 4733 889 4788 perq
903 4716 1080 4773 scribendam
1089 4719 1118 4774 B
1132 4735 1208 4791 pere
1221 4717 1344 4789 primam
1355 4715 1496 4787 syllabam
1510 4713 1667 4772 secundam

334 4813 386 4870 per
404 4816 424 4869 q
442 4799 623 4856 scribendum
643 4799 667 4856 θ
683 4816 734 4873 ρει
752 4817 768 4856 e
787 4798 881 4871 prima
899 4797 1012 4869 syllaba
1030 4799 1154 4856 monada
1171 4817 1222 4871 per
1241 4815 1260 4869 q
1280 4795 1459 4854 scribendam
1474 4794 1502 4850 A
1562 4801 1596 4852 20
1617 4797 1668 4852 scd

335 4897 457 4952 coquere
471 4879 522 4938 sA
541 4880 590 4936 sad
609 4897 755 4952 quoquere
769 4879 827 4936 BG
879 4886 913 4935 at
933 4880 1049 4954 apricis]
1071 4880 1150 4952 Verp.
1165 4896 1255 4952 peorp.
1270 4878 1312 4934 ΙΙ
1331 4883 1390 4935 522
1447 4883 1481 4933 22
1501 4876 1625 4934 insertm
1638 4879 1667 4932 A
