3564 5482
615 323 687 380 Ans
706 321 957 382 calumme
1382 323 1447 390 381

114 431 137 470 r.
154 425 188 466 ιι.
201 424 228 466 ω
242 423 274 466 ει.

677 505 738 574 DE
769 505 887 576 VOOE

207 653 269 718 Vox
293 663 340 718 est
363 661 416 718 aar
439 657 519 719 ictus
542 656 695 722 sensibilis
717 655 836 741 auditu,
861 665 1008 740 quantum
1029 658 1062 720 in
1082 660 1148 740 ipso
1168 670 1223 723 est.
1269 661 1368 722 omnis
1392 678 1449 722 ror

115 774 167 827 aul
194 763 353 828 articulata
382 775 429 828 est
459 774 512 828 aut
538 765 673 828 conium.
720 765 878 830 articulata
911 774 958 829 est
987 782 1065 848 quae
1092 765 1203 832 litteris
1231 767 1448 852 comprehendi

89 881 229 957 'potest3
253 875 379 938 contusa
403 882 450 937 est
473 892 550 956 quae
575 873 667 938 scribi
691 893 752 940 nou
776 869 902 961 potest}

72 1109 85 1150 ⁵
639 1068 700 1138 uu
724 1068 919 1140 emersu

204 1218 318 1284 Littera
339 1228 386 1284 est
399 1219 584 1285 elementum
598 1223 681 1284 vocis
695 1221 879 1286 articulatae.
918 1221 1102 1286 elementum
1121 1231 1169 1286 est
1188 1223 1279 1287 unius
1298 1225 1447 1306 cuiusque

112 1331 158 1392 rei
181 1331 318 1414 initium,
341 1350 358 1394 a
382 1349 443 1414 quo
467 1332 598 1394 sumitur
621 1332 844 1395 incrementum
868 1340 899 1394 et
922 1331 953 1394 ln
978 1331 1059 1413 quod
1087 1331 1259 1396 resolvitur.
1305 1332 1448 1396 accidunt

111 1441 166 1501 uui
194 1441 305 1522 cuique
335 1445 459 1505 litterae
487 1457 597 1503 nomen
621 1441 730 1517 roura
758 1448 901 1522 potestas.
953 1457 1063 1502 nomen
1097 1449 1145 1504 est
1177 1459 1238 1522 quo
1270 1440 1447 1524 appellatur,

111 1549 292 1630 figmequa
316 1557 453 1632 notatur,
476 1556 610 1631 potestas
635 1565 694 1630 qua
718 1546 804 1611 valet.
841 1547 1011 1612 litterarum
1032 1555 1104 1612 sunt
1122 1547 1196 1612 aliae
1215 1547 1333 1612 vocales
1339 1599 1348 1633 ‚
1371 1549 1446 1613 aliae

73 1683 97 1722 ιο
111 1661 325 1738 οοιιεοιιοιιιᾱοΙ
343 1657 489 1722 ⁴rocales
518 1667 590 1722 sunt
613 1675 690 1740 quae
719 1676 775 1740 per
802 1675 835 1722 se
863 1657 1064 1741 proteruntur
1092 1667 1123 1722 ct
1150 1676 1206 1741 per
1234 1677 1267 1722 se
1295 1661 1446 1739 syllohom

112 1767 214 1828 iacere
238 1739 375 1847 possunt.
422 1775 494 1830 sunt
517 1776 618 1831 autem
642 1784 771 1830 numero
793 1764 827 1850 V,
851 1785 867 1829 a
891 1785 907 1830 e
932 1768 942 1830 i
966 1787 984 1830 ο
1009 1787 1038 1831 u.
1084 1786 1122 1830 ex
1145 1766 1193 1830 his
1217 1766 1308 1854 duae,
1332 1770 1343 1830 i
1367 1777 1398 1831 et
1416 1787 1446 1851 u,

111 1881 282 1958 ιτοιιεουοι,
303 1877 336 1938 iu
356 1877 587 1938 consonantium
605 1883 797 1957 potestatem,
820 1891 891 1938 cum
909 1885 961 1939 aut
984 1877 1067 1958 ipsae
1091 1877 1172 1939 inter
1196 1895 1228 1940 se
1252 1878 1445 1958 geminantur

109 1992 163 2046 aut
187 1999 258 2046 cum
281 1982 347 2047 aliis
375 1981 530 2048 vocalibus
558 1985 799 2066 coniunguntur,
820 1981 930 2046 'veluti
958 1982 1032 2047 luno
1061 1993 1153 2048 vates.
1210 1987 1442 2049 consonantium

109 2093 230 2175 species
249 2100 297 2155 est
315 2091 434 2175 duplex.
481 2101 554 2156 sunt
572 2093 652 2155 euim
672 2089 746 2153 aliae
766 2090 973 2175 semivocales,
997 2091 1071 2155 aliae
1090 2101 1201 2156 mutae.
1249 2093 1443 2158 semivocales

204 2267 297 2326 cedes
315 2267 515 2342 succutiente.
554 2269 698 2338 equanto
771 2265 922 2324 Slittcrca
941 2283 1045 2325 nomen
1063 2268 1156 2342 figura
1173 2285 1224 2326 οιιι.
1305 2224 1346 2326 10¹
1358 2269 1444 2342 sylle-

108 2352 177 2409 bam
196 2367 249 2409 οιιι.
324 2357 357 2408 12
376 2367 441 2408 cum
460 2353 557 2407 cutem
575 2347 637 2422 ipse

203 2524 217 2572 ι
239 2513 287 2571 DE
307 2511 405 2572 VOCE
424 2511 500 2570 Dos.
517 2531 547 2585 γ.
567 2517 651 2584 36⁷,l
729 2511 813 2568 onii
833 2511 1010 2586 moruus]
1043 2512 1138 2572 Diem.
1155 2519 1307 2587 p.421,15
1333 2513 1442 2572 Ulceris.

103 2618 134 2672 μ.
156 2603 204 2667 7,5
222 2595 298 2654 Dore
313 2613 346 2668 γ.
364 2599 463 2664 367‚9=
482 2596 517 2664 cf.
539 2595 619 2652 Mor.
644 2593 746 2652 Victor.
761 2611 793 2666 γ.
813 2599 878 2664 5,14
901 2594 1006 2652 Victor.
1016 2613 1053 2668 γ.
1072 2600 1153 2666 195,1
1173 2597 1282 2654 Aeaee
1291 2613 1323 2670 p.
1338 2601 1443 2665 3203ss

617 2799 733 2864 ΠΕΡΙ
756 2801 933 2866 ΦΩΝΗΣ

203 2938 307 3031 omri
331 2941 425 3012 ἐστιν
447 2937 514 3031 ἀήρ
537 2937 715 3029 πεπληγὼς
739 2939 905 3030 αἰσθητὸς
931 2938 1034 3032 ἀκοή,
1062 2939 1101 3012 τὸ
1131 2939 1216 3012 ὅσον
1244 2937 1299 3030 ἐφ’
1332 2941 1441 3035 ἑαυτῷ

107 3057 211 3123 ἔστιν.
257 3053 348 3120 τιᾶσα
371 3048 472 3140 φωνή
497 3045 518 3139 ή
547 3048 718 3140 ἔναρθρός
746 3051 838 3120 ἐστιν
866 3043 887 3139 ἢ
916 3047 1101 3141 ἄναρθρος.
1148 3049 1320 3141 ἔναρθρός
1348 3053 1441 3122 ἐστιν

106 3157 128 3252 ἢ
147 3159 345 3250 γράμμασιν
363 3162 628 3250 καταληφθῆναι
647 3158 806 3230 δύναται·
830 3157 1010 3250 ἄναρθρός
1033 3163 1125 3231 ἐστιν
1149 3158 1222 3250 ήτις
1244 3158 1440 3249 γράφεσθαι

80 3267 151 3340 scol
176 3267 352 3360 δύναταιή

552 3472 668 3536 ΠΕΡΙ
699 3471 1010 3538 ΓΡΑΜΜΑΤΩΝ

199 3612 343 3706 Γράμμα
367 3615 460 3685 ἐστὶν
485 3628 654 3704 στοιχεῖον
678 3617 798 3703 φωνῆς
821 3612 1006 3702 ἐνάρθρου.
1054 3611 1223 3702 στοιχεῖόν
1247 3614 1340 3683 ἐστιν
1364 3612 1441 3695 ἑνὸς

107 3723 253 3796 ἑκάστου
275 3725 469 3815 πράγματος
492 3722 578 3813 ἀρχή
585 3777 595 3812 ,
624 3719 703 3814 παρ’
730 3713 772 3792 ού
800 3721 1008 3812 λαμβάνεται
1038 3719 1078 3808 τὸ,
1106 3720 1281 3811 ἐπαύξημα
1308 3722 1365 3792 καὶ
1393 3727 1441 3804 εἰς

107 3830 125 3904 ὃ
160 3830 352 3904 ἀναλύεται.
409 3838 588 3923 συμβαίνει
627 3829 717 3920 [ἀντὶ
750 3835 827 3918 τοῦ]
866 3831 918 3902 ἑνὶ
956 3829 1083 3923 tutore
1121 3829 1288 3920 γράμματι
1329 3829 1440 3921 ὄνομα

68 3973 93 4013 ιο
106 3945 219 4033 σχήμα
238 3941 395 4033 δύναμις.
442 3940 551 4031 ύνομύ
572 3943 663 4012 ἐστιν
682 3929 710 4034 ᾦ
729 3939 1033 4030 προσαγορεύεται,
1052 3943 1168 4030 σχῆμα
1184 3929 1210 4032 ᾧ
1230 3943 1439 4030 σημειούται,

105 4051 254 4142 δύναμις
280 4040 302 4143 ᾖ
331 4049 449 4140 ἰσχύει.
495 4054 564 4120 τῶν
593 4048 800 4140 γραμμάτων
830 4050 918 4119 εἰσὶν
944 4046 986 4118 τὰ
1014 4046 1076 4136 μὲν
1106 4046 1302 4137 φωνήεντα,
1330 4046 1371 4118 τὰ
1399 4048 1438 4120 tt

105 4161 278 4252 σύμφωνα
302 4215 309 4230 .
333 4159 516 4251 φωνήεντα
540 4161 633 4230 ἐστιν
657 4154 678 4227 ἃ
701 4155 782 4226 καθ’
810 4155 912 4228 ἑαυτὰ
932 4159 1133 4247 ἐκφωνεῖται
1156 4157 1213 4227 καὶ
1231 4154 1312 4227 καθ’
1335 4155 1438 4228 ἑαυτὰ

105 4267 282 4361 συλλαβήν
305 4274 446 4358 ποιήσαι
471 4267 624 4339 δύναται.
670 4271 762 4337 ἔστιν
787 4265 825 4336 ot
847 4264 909 4336 τὸν
932 4263 1087 4356 ἀριθμὸν
1108 4267 1228 4354 πέντε,
1251 4293 1273 4334 α
1297 4291 1312 4336 ε
1334 4291 1356 4354 η
1381 4294 1393 4335 ι
1419 4293 1437 4336 ο

106 4407 132 4450 ω
152 4406 205 4449 ον.
251 4375 439 4448 ὅτιτούτων
458 4375 522 4446 δύο
609 4377 827 4465 μετέρχονται
842 4379 890 4458 εἰς
902 4376 967 4465 τήν
981 4380 1050 4470 τῶν
1065 4372 1264 4464 συμφώνων
1278 4372 1438 4464 δύναμιν,

68 4517 92 4558 ιε
106 4484 208 4559 ὁπότε
226 4482 248 4576 ή
268 4485 353 4558 αὐτὰ
373 4491 422 4569 εἰς
435 4485 565 4574 ἄλληλα
580 4484 757 4574 ζεύγνυται
772 4479 794 4574 ή
809 4481 890 4574 μετὰ
904 4481 1019 4555 ἄλλων
1034 4483 1232 4574 φωνήεσσιν
1248 4481 1437 4572 ζεύγνυται,

106 4591 181 4666 οἷον
255 4598 356 4665 ,solo
379 4593 576 4685 συμφώνων
600 4592 639 4664 τὸ
663 4591 756 4674 εἶδός
784 4594 877 4662 ἐστιν
906 4597 1061 4664 διπλοῦν.
1108 4599 1200 4663 ἔστιν
1230 4591 1297 4681 γὰρ
1324 4588 1345 4661 ἃ
1374 4590 1437 4682 μὲν

104 4701 284 4794 ἡμίφωνα,
307 4699 382 4774 lat
396 4702 528 4793 ἄφωνα.
577 4701 736 4794 ἡμίφωνύ
756 4705 848 4773 ἐστιν
872 4699 894 4772 ἃ
917 4702 999 4773 καθ’
1022 4701 1124 4774 ἑαυτὰ
1143 4702 1205 4793 μὲν
1225 4705 1437 4791 ἐκφωνεῖται,

197 4891 230 4942 13
250 4887 392 4942 δυνατται
464 4892 498 4943 16
517 4879 605 4959 αύτοὶ]
626 4905 698 4957 αντη
