3590 5486
635 234 994 332 namrauunarcs
1418 271 1485 338 229

149 387 169 427 p.
183 377 245 419 ml.
258 377 286 418 bt
300 375 325 417 P.

149 434 277 526 dicimus
301 469 448 542 stratum,
475 480 492 523 r
515 480 582 524 esse
612 459 758 524 litteram·
773 460 928 525 latendum
959 469 1019 544 est,
1050 479 1120 524 cum
1144 469 1176 523 et
1204 459 1314 525 uocalis
1338 471 1485 544 sequatur

148 580 179 634 et
200 570 278 634 duae
302 567 486 651 praecedant
509 577 725 653 consonantes,
749 577 761 632 t
782 587 903 652 quoque
924 567 1017 632 nibilo
1038 569 1138 632 ruinas
1157 578 1391 654 consonantem,
1414 589 1484 634 cram

148 697 212 742 eam
232 688 264 742 et
287 676 449 760 praecedat
467 677 524 740 alia
543 694 713 740 consonans
733 685 764 740 et
782 685 937 760 sequatur.
974 679 985 740 i
1003 685 1105 740 autem
1127 675 1186 740 boc
1210 676 1301 740 habet
1324 681 1483 762 proprium

147 789 226 850 iuter
250 784 382 878 vocales,
407 796 453 869 ut,
483 787 624 868 quotiens
652 785 754 849 locum
783 795 891 850 teneus
914 787 1110 850 concorrentis
1133 785 1259 849 alteram
1290 797 1360 851 ante
1389 806 1422 850 se
1452 791 1483 851 in

122 894 251 958 eoadem
274 903 361 978 parte
385 897 530 959 orationis
553 894 645 958 babet
668 894 814 980 vocalem,
838 895 928 979 hane,
960 897 1018 958 etsi
1042 904 1149 958 natura
1173 893 1274 956 brevis
1298 905 1377 977 erat,
1405 914 1483 959 sem·

145 1023 200 1088 per
219 1005 371 1087 positione
390 1005 480 1068 lactat
502 1003 635 1089 longam,
659 1014 693 1068 ιιι
715 1007 813 1068 maius
836 1007 1003 1088 peiurium:
1023 1002 1103 1068 unde
1123 1011 1154 1066 et
1173 1002 1284 1086 duplex
1303 1004 1482 1087 appellatur.

109 1133 162 1178 ,ι
186 1132 310 1196 quoque
337 1113 439 1178 littera
462 1131 632 1178 consonans
661 1113 797 1177 eiusdem
826 1117 985 1196 potestatis
1013 1113 1108 1196 gratia
1136 1111 1247 1195 duplex
1279 1123 1483 1199 nuncupatur,

144 1231 178 1285 ut
197 1224 270 1285 axls.
308 1232 381 1287 sum
403 1231 435 1286 et
457 1223 609 1305 liquentes
634 1221 751 1284 litterae
775 1232 930 1306 quattuor,
953 1221 962 1284 l
982 1240 1012 1284 m
1032 1241 1051 1285 n
1070 1241 1096 1303 r,
1120 1238 1197 1302 quae
1217 1220 1337 1284 direcso
1357 1222 1488 1303 quidem,
1526 1261 1529 1268 Δ

144 1331 248 1408 modo,
281 1331 334 1395 sed
362 1340 446 1394 certa
474 1333 590 1394 ratione
620 1330 799 1413 plerumque
828 1333 859 1394 iu
890 1340 987 1394 caretro
1011 1330 1130 1394 solitam
1154 1328 1393 1392 consonantibus
1422 1332 1481 1391 vim

110 1461 131 1502 o
145 1442 299 1525 amittere,
323 1459 384 1504 nou
404 1458 568 1523 numquam
592 1438 700 1502 breves
719 1448 828 1502 narcara
851 1437 979 1520 syllabas
999 1439 1195 1501 inveniuntur
1214 1435 1343 1500 neddere
1367 1436 1479 1520 longas.

665 1615 727 1683 DE
751 1612 957 1682 SYLLABA

76 1845 81 1851 ι
235 1767 353 1849 Syllaba
372 1778 419 1832 est
443 1767 674 1850 comprehensio
700 1765 871 1829 litterarum
896 1763 942 1828 vel
966 1767 1056 1828 unius
1082 1764 1191 1828 vocalis
1211 1764 1379 1828 enuntiatio
1404 1771 1478 1826 tem·
1540 1823 1544 1826 ,

49 1885 54 1896 “
142 1895 252 1958 porum
276 1893 385 1960 capax,
412 1876 481 1958 qula
505 1877 604 1938 omnis
628 1872 739 1957 syllaba
763 1883 815 1937 aut
843 1872 944 1936 brevis
968 1881 1016 1936 est
1042 1882 1073 1937 et
1096 1883 1217 1955 tempus
1240 1874 1351 1956 recipit
1375 1889 1479 1948 arnum,

142 1983 223 2066 quod
247 1992 382 2048 atomum
406 1984 525 2048 metrici
549 1990 670 2064 vocant,
692 1991 728 2045 ut
750 1992 846 2065 pater,
870 1990 923 2044 aut
945 1980 1033 2064 longa
1058 1988 1105 2044 cst
1128 1989 1160 2044 et
1183 1980 1243 2044 duo
1268 1981 1377 2064 recipit
1405 1990 1479 2044 tem·

105 2113 128 2153 u
141 2112 229 2176 pora,
253 2101 288 2156 ut
307 2101 411 2157 mater.
450 2092 499 2154 blo
523 2093 605 2154 euim
630 2109 691 2174 ma,
715 2109 784 2154 cum
808 2090 920 2154 dicitur
945 2065 1056 2174 mater,
1073 2088 1261 2172 longitudine
1282 2090 1330 2152 sui
1349 2091 1478 2152 circum·

141 2203 237 2266 llexus
262 2209 380 2266 tantum
403 2201 550 2284 temporis
573 2199 620 2263 bis
640 2209 782 2283 occupat,
807 2208 953 2281 quamam
977 2218 1015 2281 pa
1034 2197 1142 2281 semel,
1166 2206 1343 2262 cum'acute
1367 2197 1479 2262 dicitur

141 2319 235 2393 pater.
269 2318 341 2373 suat
359 2313 453 2392 igitur
474 2309 579 2389 longae
599 2305 743 2392 syllabae,
762 2316 834 2370 stunt
853 2305 975 2392 breves,
993 2315 1067 2370 sunt
1083 2325 1269 2370 communes.
1298 2306 1351 2372 sed
1371 2307 1478 2390 longae

139 2417 260 2483 duobus
284 2418 381 2482 modis
405 2419 496 2502 dunt,
520 2427 626 2480 natura
651 2424 682 2479 ct
705 2417 865 2499 positione.
901 2423 1009 2479 natura
1032 2415 1154 2496 quidem
1178 2415 1300 2501 bifarie,
1332 2426 1384 2480 aut
1406 2437 1475 2500 pro·

139 2529 283 2592 ductione
303 2526 444 2590 videlicet
461 2525 649 2609 singularum
669 2523 833 2608 vocalium,
851 2533 886 2588 ιιι
905 2525 988 2586 naris
1007 2523 1096 2588 sedes
1116 2525 1184 2587 linis
1203 2543 1293 2588 omen
1313 2545 1402 2608 nnus,
1424 2537 1477 2591 aut

99 2637 267 2701 cadumum
287 2638 516 2720 coniunctione,
540 2633 620 2718 quud
644 2632 853 2717 dipbtbongou
873 2642 995 2718 vocant,
1020 2644 1054 2698 ut
1073 2651 1180 2696 aetram
1203 2653 1300 2717 poena
1320 2635 1475 2718 Augustus

137 2745 240 2809 Eurus
264 2747 308 2830 el,
332 2755 366 2808 ut
389 2744 497 2808 Arator

302 2856 334 2916 el
359 2852 448 2916 mibi
471 2855 540 2915 iam
565 2853 669 2915 rideo
693 2850 1001 2934 subitislapsura
1024 2851 1146 2913 ruinis

301 2961 447 3024 condita
472 2962 552 3024 lana
576 2961 652 3044 diu,
676 2959 804 3043 templi
829 2979 973 3043 quoque
998 2957 1136 3023 nobilis
1160 2959 1299 3044 aedemy

136 3071 182 3134 cel
202 3089 273 3134 cum
292 3069 421 3133 dicimus
440 3069 561 3152 Tydeus
580 3069 688 3153 Tydei,
712 3069 765 3133 ubi
788 3089 805 3132 e
825 3079 855 3132 et
875 3071 885 3132 i
909 3088 970 3131 uota
994 3087 1184 3154 separamus,
1208 3069 1261 3132 sed
1286 3073 1472 3134 coniunctim

96 3197 121 3236 se
136 3179 334 3262 proiecimus,
363 3197 401 3241 ue
431 3181 567 3260 quintam
596 3179 698 3260 potius
728 3195 818 3259 quam
846 3175 1009 3240 secundam
1028 3170 1031 3262 l
1048 3175 1282 3241 declinationem
1312 3180 1472 3260 significet.

93 3309 100 3322 ·
134 3297 166 3350 et
184 3287 244 3350 boc
262 3277 376 3368 graeca
390 3287 510 3350 nomina
530 3289 713 3370 sortiuutnry
737 3289 769 3349 ln
790 3286 890 3349 latinis
911 3305 971 3348 uon
990 3287 1143 3349 iuvenitur
1163 3285 1236 3348 baec
1255 3285 1472 3371 diphthongus.

133 3397 285 3478 positione
309 3404 410 3458 autem
433 3394 540 3477 longae
565 3395 641 3458 liunt
664 3393 793 3476 syllabae
818 3393 915 3456 modis
934 3412 1002 3457 sex:
1027 3411 1096 3456 cum
1121 3403 1261 3477 correpta
1285 3395 1395 3459 vocalis
1419 3409 1472 3461 aaut

134 3507 164 3568 in
189 3503 265 3568 duas
289 3503 400 3572 desinit
424 3513 639 3586 consonantes,
667 3511 702 3566 ut
725 3511 785 3586 ast3
814 3511 865 3566 aut
896 3505 925 3566 in
952 3521 1041 3566 unam
1065 3501 1230 3587 duplicem,
1260 3513 1294 3568 ut
1317 3504 1391 3588 duay
1420 3515 1472 3571 aut

22 3591 27 3601 ⁸
133 3613 247 3676 desiuit
269 3614 301 3675 ln
322 3629 411 3675 unam
432 3620 648 3674 consonantem
668 3619 700 3674 et
723 3611 873 3693 excipitur
893 3594 929 3673 ab
949 3609 1056 3693 altera,
1080 3620 1114 3674 ut
1136 3630 1220 3695 arcay
1244 3620 1297 3676 aut
1320 3616 1471 3699 excipitur

37 3751 41 3760 ·
92 3721 170 3784 acab
200 3741 219 3790 x
247 3719 361 3802 duplici
390 3726 590 3802 consonante,
619 3727 653 3781 ut
681 3719 758 3800 anisy
787 3725 839 3780 aut
867 3715 904 3779 ab
932 3719 942 3779 i
971 3717 1038 3800 loco
1066 3723 1261 3783 consonantis
1289 3725 1402 3807 posita,
1435 3731 1471 3787 ut

132 3827 238 3911 Troia,
267 3845 345 3908 quae
375 3829 485 3909 positio
514 3845 574 3888 non
606 3842 770 3906 numquam
798 3826 830 3887 in
862 3827 968 3888 metris
1003 3829 1033 3890 in
1067 3835 1131 3890 tres
1159 3827 1303 3892 dividitur
1332 3829 1469 3915 syllabas,

131 3945 166 4000 ut
190 3944 238 3999 est
261 3934 352 4016 illud,
441 3991 444 3998 .

225 4089 239 4138 1
260 4099 350 4139 raon
369 4097 430 4138 esse
448 4079 498 4138 L.
556 4080 685 4153 sequitur
703 4098 774 4138 corr.
794 4082 930 4152 sequatur
949 4079 980 4136 F
1060 4087 1076 4137 ι
1100 4083 1114 4138 ι
1133 4100 1245 4154 quoque
1265 4085 1337 4142 nihil
1357 4087 1467 4144 ominus

132 4165 338 4224 consonantem
353 4179 418 4218 cum
433 4179 495 4220 eam
515 4165 546 4220 et
564 4161 718 4237 praecedat
736 4161 795 4219 alia
814 4177 969 4218 consonans
987 4166 1018 4218 et
1036 4163 1170 4232 sequatur
1188 4163 1214 4218 L
1233 4168 1246 4221 t
1264 4171 1467 4226 consonantem

131 4266 196 4306 cum
217 4263 281 4305 eam
301 4246 331 4302 et
353 4243 473 4316 praedat
496 4244 556 4302 alia
579 4261 747 4302 consonans·
761 4247 791 4300 et
813 4245 949 4313 sequatur
968 4241 1000 4297 F
1021 4244 1065 4299 st.
1090 4248 1293 4302 consonantem
1316 4264 1381 4304 cam
1401 4265 1465 4306 eam
1578 4239 1582 4256 '

131 4329 286 4403 praecedat
305 4325 363 4384 alia
382 4339 539 4382 consonans
557 4327 588 4382 et
606 4329 744 4398 sequatur
763 4324 792 4380 P
811 4342 824 4381 a
843 4325 873 4380 et
890 4324 905 4378 t
923 4323 1184 4397 (rettqouJoniasir)
1203 4342 1220 4386 s
1312 4333 1328 4384 ὁ
1354 4345 1466 4402 semper

131 4429 165 4468 oa
184 4407 329 4483 positione
347 4405 379 4463 F
395 4422 507 4478 semper
525 4421 588 4464 eam
607 4405 749 4478 positione
768 4403 830 4460 LP
893 4403 1023 4476 tgratio
1042 4421 1092 4462 om.
1112 4405 1151 4472 L,
1171 4407 1266 4463 addi
1332 4415 1465 4468 deonac-

45 4503 51 4510 '
129 4489 266 4550 ambibas
284 4487 345 4544 FL
364 4487 580 4546 consonantium
602 4488 643 4544 Pl
709 4493 743 4544 10
762 4485 893 4544 amittere
908 4501 1122 4557 nonnumquam
1142 4487 1202 4543 FL
1220 4487 1353 4546 amittere
1372 4492 1466 4549 solent

130 4577 171 4646 (et
190 4573 256 4632 odd.
276 4570 317 4641 P)
336 4586 550 4641 nonnumquam
571 4568 636 4628 Pla
724 4575 759 4625 14
777 4571 905 4624 atomum
924 4565 989 4634 Pss
1010 4569 1127 4624 atonnm
1147 4569 1207 4625 FL
1295 4575 1328 4626 18
1347 4571 1421 4630 liunt
1438 4573 1465 4629 L

128 4657 196 4712 sunt
215 4651 280 4710 FP
339 4649 441 4708 bifarie
460 4649 523 4708 ΒΡ
539 4648 659 4706 hilariae
679 4647 710 4704 F
726 4649 895 4710 bifariame
959 4657 994 4706 20
1013 4667 1103 4722 poene
1123 4651 1154 4708 F
1216 4659 1249 4708 21
1271 4655 1369 4710 aratur
1387 4655 1419 4710 F

128 4741 163 4794 23
183 4733 247 4808 din]
268 4731 348 4788 dium
366 4731 398 4788 F
451 4737 487 4787 at
506 4729 688 4787 coniunctum
703 4748 773 4788 corr.
789 4731 842 4787 -im
861 4732 893 4788 F
946 4737 980 4788 27
1000 4731 1072 4790 liunt
1091 4732 1151 4790 FL
1171 4737 1238 4790 runt
1256 4735 1309 4794 ςΡ
1363 4741 1464 4794 titani.

127 4835 216 4876 uuam
235 4814 379 4888 duplicem
397 4813 425 4872 L
498 4820 533 4870 30
553 4812 673 4898 duplici]
694 4810 774 4882 dupli
795 4811 825 4868 F
