3616 5482
657 297 952 356 conscensurum
1431 291 1474 359 97

142 417 163 456 p.
175 406 234 448 1911.
248 405 276 446 tt
290 404 316 446 P.

144 491 268 554 eradunt
295 489 457 571 signifieat:
482 483 605 551 ‘casus
626 493 868 570 superaverat
891 477 1034 548 omnes'
1053 501 1109 564 pro
1133 493 1282 546 evaserat:
1302 476 1308 568 Ι
1329 477 1474 565 ‘captae

145 600 416 682 superavimus
450 591 556 660 urbi’
591 615 647 678 pro
681 597 917 677 superviximus:
955 589 1166 674 ‘superent
1202 591 1348 674 quibus
1387 591 1475 673 troc,

20 743 21 774 r
144 707 321 790 Neptune,
344 700 500 769 dedisti’
524 724 580 788 pro
604 706 739 767 vincant:

302 816 435 878 amissa
459 814 560 878 solus
584 812 703 896 palma
727 811 929 895 superabat
952 811 1103 874 Acestes

46 967 53 981 ·
118 944 194 1008 apro
218 923 362 988 restabat

231 1022 402 1117 Spectabat.
441 1039 579 1114 spectare
602 1033 753 1112 θεωρεῖν
777 1032 844 1112 erit,
869 1037 1029 1111 expectare
1054 1031 1119 1090 sine
1143 1047 1158 1088 s
1182 1019 1376 1110 ἀναμένειν.
1462 1031 1472 1040 ’“

231 1141 361 1205 Demitte
399 1150 446 1203 est
484 1140 626 1203 deorsum
660 1143 763 1220 mitte,
802 1138 919 1200 dimitte
958 1127 1134 1200 ἀπόλυσον
1168 1135 1305 1199 absolve:
1343 1136 1476 1199 dismitte

145 1269 201 1314 non
224 1249 317 1312 dicas.
1048 1317 1050 1324 ¹

231 1356 324 1420 Fidus
348 1359 464 1420 amicus
489 1357 561 1438 crit3
586 1355 731 1418 famulum
755 1355 874 1418 tideiem
897 1355 999 1417 dicito.

106 1495 131 1536 ω
234 1465 341 1528 Coram
355 1463 406 1527 ilio
416 1463 587 1546 dicendum,
598 1483 658 1526 uon
669 1464 766 1544 palam
779 1463 838 1526 ilio.
855 1483 922 1526 nam
933 1463 1030 1546 palam
1040 1463 1076 1526 ad
1087 1463 1199 1527 multos
1209 1465 1357 1527 reiertur:
1368 1459 1477 1546 ‘poium

144 1577 254 1638 iactum
275 1569 342 1636 est'
361 1571 398 1634 de
418 1570 521 1634 multis
542 1569 631 1633 babet
651 1565 914 1652 significationem,
935 1573 1053 1633 etiamsi
1072 1571 1129 1634 buc
1149 1581 1268 1636 veteres
1287 1575 1476 1636 variaverint.

233 1682 451 1764 Cognosoimus
474 1683 576 1762 ignota
600 1687 631 1740 et
653 1681 763 1763 inrisa,
786 1683 978 1761 agnoscimus
1003 1699 1088 1762 quae
1105 1681 1192 1744 nobis
1217 1681 1399 1744 exciderant.

232 1791 317 1854 lilius
337 1789 447 1852 'similis
470 1789 507 1851 ad
532 1805 633 1852 mores
657 1789 805 1872 retertur,
828 1789 871 1851 iili
896 1789 1003 1852 similis
1027 1787 1064 1851 sd
1089 1790 1213 1854 vultum.

235 1882 373 1981 clipeum
397 1889 542 1976 ἀσπίδα,
567 1895 708 1978 clupeum
733 1905 944 1960 ornamentum
970 1895 1060 1960 dices.

235 2007 348 2069 Versus
372 2007 497 2087 paginae
522 2003 656 2087 dicetur,
680 2023 785 2067 versus
809 2007 1002 2088 participium
1026 2015 1074 2068 est
1097 2025 1114 2068 a
1137 2007 1230 2071 verbu
1254 2018 1365 2072 vertor.

235 2116 314 2178 Alias
329 2117 475 2196 temporis
491 2124 537 2175 est
552 2111 737 2194 adverbium,
756 2113 837 2194 quod
853 2113 960 2176 Graeci
975 2107 1097 2177 ἄλλοτε
1116 2119 1233 2195 dicunt,
1254 2117 1341 2186 aliter
1360 2109 1478 2191 ἄλλως.

235 2224 299 2288 Cilo
333 2230 380 2285 est
412 2224 512 2304 capite
540 2231 684 2304 angusto,
715 2223 765 2284 cui
797 2220 854 2283 boc
886 2225 1013 2304 contigit
1044 2226 1075 2285 in
1107 2233 1210 2309 partu3
1243 2226 1322 2290 chilo
1355 2225 1478 2288 modurn
1552 2212 1555 2219 ’

141 2333 291 2398 labiorum
315 2329 475 2394 excedens.
545 2408 553 2421 .
871 2338 875 2346 '
1064 2412 1069 2424 ι
1410 2308 1414 2316 ’
1475 2411 1478 2418 Δ

234 2440 443 2506 Codactaneus
473 2445 519 2500 est
553 2438 668 2500 eisdem
702 2439 840 2500 mammis
874 2438 1036 2523 educatus,
1068 2438 1232 2504 collacteus
1265 2445 1318 2524 qui
1351 2423 1387 2506 ex
1419 2462 1487 2505 uno·

234 2607 248 2656 1
266 2597 360 2670 55555]
380 2593 460 2664 Verp.
475 2609 566 2664 peorp.
584 2593 669 2650 ΙΙΙΙ
681 2598 738 2652 485
802 2596 934 2651 euaserat
947 2593 1072 2653 humano
1090 2601 1093 2668 t
1111 2615 1171 2655 mos
1185 2597 1313 2670 loquitur
1326 2602 1428 2672 captas
1442 2599 1479 2656 Β.

140 2683 270 2738 humanu
295 2695 327 2736 os
349 2675 479 2746 loquitur
499 2681 565 2746 poet
589 2678 720 2732 55555551
746 2675 967 2747 superscriptum
994 2683 1034 2734 est
1060 2680 1092 2734 in
1117 2679 1152 2749 0,
1181 2683 1313 2738 euaserat
1339 2680 1480 2737 humanos

139 2760 272 2834 loquitur
290 2761 430 2830 eaptaep
517 2759 631 2832 captae]
659 2758 738 2830 Verp.
758 2761 828 2814 Aeo.
849 2757 893 2813 ΙΙ
910 2761 966 2815 643
1054 2767 1070 2816 2
1090 2763 1226 2833 superent
1244 2763 1347 2833 quibus
1367 2762 1392 2818 0
1409 2763 1482 2818 Item

139 2845 278 2915 superent
296 2840 400 2912 quibus
419 2839 524 2896 sltem
549 2843 686 2912 superant
703 2839 807 2910 quibus
826 2840 855 2895 Β
874 2844 1009 2910 superent
1027 2841 1072 2897 bis
1091 2842 1194 2914 quibus
1214 2843 1253 2898 M
1257 2865 1263 2898 =
1289 2842 1390 2915 Verpd.
1409 2843 1480 2898 Aeas.

145 2923 174 2978 V
189 2929 246 2981 195
333 2927 352 2977 4
376 2919 482 2976 amissa
501 2921 526 2977 0
549 2922 620 2977 item
639 2919 744 2976 amissa
762 2921 918 2978 Remissa
937 2921 986 2978 M:
1012 2920 1090 2995 Verp.
1110 2924 1181 2980 Aeas.
1207 2923 1235 2978 V
1251 2929 1305 2981 519
1394 2931 1410 2980 5
1429 2940 1481 2995 pro

139 3004 322 3063 restaurabat
339 3002 368 3057 Β
443 3006 459 3056 5
479 2999 635 3072 Spectabat
649 3003 779 3070 spectare
798 3001 936 3058 theoreou
958 3003 1013 3058 erit
1032 3005 1204 3075 expectabat
1222 3009 1373 3076 expectare
1393 3005 1481 3062 sines

138 3085 263 3150 ὰΥΡΕΙΝ
280 3085 318 3140 Μ
336 3082 478 3139 ΘΕΟΡΕΙΝ
499 3082 565 3152 (erit
579 3083 644 3140 odd.
661 3081 694 3149 (Ι)
709 3085 861 3154 expectare
876 3075 1073 3141 ὸΝὸΜΕΝΕΙΝ
1093 3085 1123 3142 id
1142 3089 1187 3143 est
1199 3091 1351 3144 uenturum
1367 3103 1481 3160 sperare

138 3167 200 3224 ΒΟ
222 3165 358 3238 spectare
380 3179 432 3234 per
452 3181 465 3218 s
489 3165 641 3234 expectare
658 3181 718 3234 per
739 3181 758 3220 x
777 3179 794 3222 s
819 3163 952 3234 Spectare
979 3181 1031 3234 per
1049 3183 1063 3219 5
1081 3169 1222 3237 decoctu,
1240 3173 1390 3240 expectare
1409 3161 1482 3222 dvo·

137 3246 291 3321 1515555111
310 3248 354 3303 est
371 3247 524 3300 venturum
543 3259 657 3316 sperare
677 3259 716 3312 p:
741 3244 776 3312 cf.
802 3243 881 3314 Verp.
900 3261 990 3316 peorp.
1010 3246 1076 3301 ΙΙΙ
1076 3248 1098 3302 Ι
1114 3252 1171 3304 367
1196 3249 1346 3319 spectabat
1369 3249 1483 3305 diversa

140 3329 214 3388 locis
290 3323 461 3397 reamissa]
482 3323 561 3396 Verp.
575 3341 665 3396 peorp.
682 3325 769 3381 IIII
787 3331 843 3382 542
859 3329 889 3382 et
908 3343 1018 3382 sacrum
1037 3327 1145 3400 iugulis
1164 3329 1284 3386 demitte
1299 3347 1426 3386 cruorem

138 3409 258 3468 dimitte
277 3440 312 3451 -
330 3407 460 3479 absolve]
485 3405 598 3462 dimitte
618 3400 774 3478 ᾲΝᾲςζΟῌ
799 3403 969 3466 ὰΠΟΛΙΕΕΝ
990 3410 1107 3466 absolue
1128 3411 1166 3466 M
1189 3409 1303 3466 dimitte
1323 3407 1482 3471 ANdCKOC

138 3492 171 3549 id
190 3495 236 3549 est
254 3493 319 3548 laxa
336 3487 396 3546 Bo
412 3486 526 3544 dimitte
545 3481 655 3551 51551555
672 3487 704 3544 io
723 3490 767 3544 est
787 3488 889 3559 laxap
954 3495 970 3546 9
985 3488 1071 3546 riuus
1088 3490 1167 3562 Verp.
1183 3491 1253 3547 Aeas.
1269 3492 1359 3548 1113
1378 3493 1480 3548 fidum-

20 3581 21 3590 *
138 3590 198 3646 que
218 3569 483 3630 vehebatOrouteu
556 3566 680 3626 famulus
700 3569 792 3627 fidelia
812 3571 900 3627 dicito
919 3569 980 3626 ΒΟ
1051 3577 1085 3626 10
1106 3570 1289 3644 0555551115]
1311 3572 1478 3644 Vapden.
1591 3645 1594 3649 Δ

140 3657 242 3713 1595
262 3670 357 3711 coram
376 3667 463 3722 quem
482 3650 619 3721 quaeritis
639 3651 740 3708 adsum
834 3657 865 3707 11
892 3655 936 3708 est
954 3669 1005 3710 om.
1024 3652 1053 3707 Β
1112 3652 1336 3711 uariauemnt
1353 3653 1441 3710 ΒΟ·

140 3742 175 3792 11
202 3731 420 3808 Cognoscimus]
445 3730 522 3802 Vero.
547 3733 617 3789 Aen.
643 3732 733 3789 VHI
754 3738 810 3790 155
833 3732 943 3802 accipio
967 3750 1148 3807 agnoscoque
1171 3735 1263 3794 libens
1369 3737 1480 3808 ignota]

20 3857 21 3864 ,
136 3817 277 3890 13555515
293 3813 354 3870 ΒΟ
441 3829 515 3884 quse
534 3829 552 3868 5
571 3814 653 3870 nobis
674 3813 838 3871 exciderant
857 3813 895 3868 M
987 3819 1019 3869 13
1044 3815 1083 3870 ad
1101 3817 1222 3874 maiores
1242 3834 1312 3874 corr.
1333 3818 1369 3874 51.
1389 3835 1424 3874 m.
1444 3816 1481 3872 ad

137 3914 237 3954 mores
255 3896 284 3952 B
376 3901 411 3951 14
435 3893 565 3965 elipeum
588 3889 714 3956 Amat
736 3893 797 3951 Bo
821 3893 961 3965 clypeum
979 3890 1107 3956 anteit
1126 3899 1177 3954 M:
1202 3897 1311 3956 Obosia.
1327 3915 1358 3969 ρ.
1378 3903 1424 3966 77,
1443 3903 1483 3955 20

137 3979 221 4036 Serv.
241 3979 275 4035 in
298 3976 377 4050 Verp.
397 3975 468 4031 Aen.
494 3973 606 4032 VIIII
623 3982 678 4034 709
763 3979 795 4030 15
815 3973 923 4046 pagine
941 3973 1046 4033 dicitur
1066 3979 1105 4034 M
1186 3987 1218 4037 16
1246 3980 1326 4036 anas
1345 3976 1483 4050 temporis

137 4065 188 4119 est
202 4059 372 4117 aduerbinm
386 4057 463 4129 quod
482 4057 580 4129 graeci
598 4052 713 4117 tcotrs
732 4055 817 4112 aliter
835 4051 930 4115 onoc
950 4057 989 4112 M
1006 4059 1085 4116 Alias
1104 4062 1240 4132 temporis
1254 4059 1422 4116 aduerbium
1440 4059 1485 4114 est

138 4141 222 4216 quod
241 4140 320 4214 greci
338 4134 459 4202 mano)
477 4139 562 4196 aliter
580 4139 728 4196 ΛΛωΔΟ(
746 4137 775 4192 Β
793 4137 874 4194 Aliae
893 4139 1030 4208 temporis
1049 4141 1217 4197 aduerbium
1236 4143 1280 4197 est
1303 4139 1380 4212 quod
1406 4140 1485 4212 greci

138 4223 278 4280 aladoete
302 4223 384 4292 (corr.
408 4221 535 4292 51511515)
558 4220 643 4277 aliter
667 4220 767 4276 alodos
794 4217 823 4274 0.
858 4217 929 4275 51155
958 4237 1011 4291 pro
1035 4220 1119 4279 abiar
1143 4221 1292 4278 Terentius
1321 4222 1351 4276 iu
1375 4221 1485 4278 Andria

138 4305 224 4372 (ΙΙΙ
241 4308 272 4371 2,
291 4307 340 4372 19)
359 4303 441 4374 ‘quid
461 4303 534 4360 51155
553 4300 652 4357 malim
672 4317 758 4372 quam
776 4301 863 4360 bodie
882 4303 952 4358 istas
972 4301 1033 4359 fieri
1052 4303 1188 4375 nuptias’,
1208 4303 1257 4358 ubi
1276 4301 1317 4359 Fl.
1339 4301 1430 4374 Caper
1449 4304 1485 4360 de

139 4383 293 4442 latinitate
314 4383 383 4441 ‘non
401 4384 492 4441 aussim
511 4383 661 4439 adfirmare
679 4398 733 4452 pro
753 4381 838 4439 aliter
856 4383 925 4438 dici’
948 4383 1096 4441 0155555155
1110 4403 1140 4455 p.
1156 4389 1220 4452 195,
1238 4389 1278 4441 29
1355 4390 1388 4438 11
1410 4383 1483 4457 Cilo]

141 4465 211 4538 cylo
232 4465 271 4520 M
288 4464 443 4522 515115Βο
512 4461 656 4534 contingit
675 4461 744 4517 ΜΒ
764 4462 949 4534 contiguitG
1020 4465 1108 4539 chilo]
1128 4465 1212 4536 chylo
1233 4465 1272 4520 M
1288 4463 1351 4522 hilo
1365 4468 1410 4522 est
1428 4466 1488 4522 ΒΟ

222 4552 256 4604 19
276 4545 491 4620 051155155555]
512 4544 724 4615 collectaneus,
742 4545 790 4601 eat
808 4561 840 4602 eo
858 4562 915 4603 ros.
934 4546 963 4602 Β
1037 4547 1228 4604 codsoteneus
1248 4545 1299 4617 qui
1318 4563 1353 4604 ex
1372 4565 1428 4605 uno
1449 4549 1487 4604 M

143 4669 350 4728 conlactaneus
369 4670 420 4742 qni
438 4683 547 4727 eruuo
566 4667 594 4724 Β
618 4637 812 4740 eudaemona
837 4669 887 4740 qui
907 4687 941 4726 ex
960 4686 1016 4726 uno
1037 4668 1062 4725 0
1083 4669 1237 4727 collacteus
1257 4673 1301 4728 est
1325 4672 1374 4743 qui
1393 4689 1449 4729 uno
1469 4689 1486 4732 ς

144 4751 304 4810 5511551555
323 4751 392 4824 quia
409 4769 466 4809 uuo
482 4769 513 4824 p.
542 4751 744 4809 conlactaneus
764 4749 821 4808 dici
839 4750 939 4808 debet:
958 4767 1025 4808 nam
1045 4751 1201 4810 collacteus
1220 4770 1304 4810 nemo
1324 4754 1395 4811 dicit
1414 4755 1485 4812 Ota·
1606 4801 1609 4808 .

145 4832 238 4888 tisim
253 4849 284 4904 p.
304 4838 355 4903 82,
375 4837 414 4889 12

205 4941 365 4975 cunnum
379 4939 468 4974 nsum
482 4941 528 4974 rm.
1251 4931 1266 4982 ’1
