3604 5486
631 337 681 395 DE
708 335 971 395 DIFFERENTHS
1407 333 1473 400 527

134 456 160 496 p.
173 444 235 486 rios.
249 442 306 484 aaoo
318 442 343 486 r.

228 527 440 610 Corruptelam
473 538 504 590 et
537 529 774 610 corruptionem.
831 523 1004 608 corruptela
1037 527 1101 607 ipsa
1134 545 1186 590 res
1219 535 1279 609 est,
1315 525 1472 606 corruptio

134 638 363 719 cormmpeutis
386 635 615 700 administratio.

227 745 390 810 Caerulum
409 754 440 809 et
459 745 640 808 caeruleum.
679 744 820 810 caerulus
838 755 964 809 naturae
979 743 1064 806 color
1078 751 1138 827 est,
1157 743 1315 808 caeruleus
1336 743 1471 824 [natura]

133 857 276 937 lingitur.
300 857 342 918 lta
365 854 495 920 alterum
518 863 580 937 est,
602 852 732 918 alterum
755 855 797 917 iit

102 984 116 1024 s
226 963 397 1046 Properare
426 973 458 1026 et
485 962 639 1026 festinare.
687 964 738 1044 qui
766 971 912 1046 properat
935 974 1061 1044 apparet
1088 981 1149 1025 uon
1179 981 1245 1025 esse
1275 963 1389 1047 lessus,
1419 963 1472 1043 qui

131 1072 261 1136 festinat
285 1072 405 1136 ridetur
428 1090 497 1136 esse
520 1071 710 1154 defatigatus.

228 1181 328 1245 Polira
353 1191 384 1246 et
408 1199 528 1246 novare.
575 1179 706 1262 polimus
730 1180 830 1264 rudia,
854 1198 1001 1244 novamus
1024 1189 1133 1244 vetera.

228 1290 366 1355 Nobilem
394 1301 426 1354 et
455 1309 647 1374 generosum.
694 1289 804 1354 nobilis
833 1309 849 1352 a
877 1289 1034 1354 nobilitate
1069 1309 1188 1373 rerum,
1219 1309 1386 1373 generosus
1418 1293 1471 1373 qni

131 1418 245 1484 graeco
269 1390 413 1482 εὐγενής
434 1399 617 1483 appellatur:
640 1402 681 1464 ita
705 1399 783 1463 alter
806 1419 843 1462 ar
867 1419 915 1482 re,
939 1398 1015 1462 alter
1040 1417 1076 1462 ex
1100 1402 1279 1480 cognatione
1303 1409 1358 1464 est

88 1531 115 1570 ιο
228 1507 386 1573 Notionem
418 1518 450 1572 et
481 1519 610 1590 gentem
667 1509 749 1570 natio
783 1507 881 1572 solum
913 1511 1046 1590 patrium
1080 1511 1212 1592 quaerit,
1248 1528 1323 1592 gens
1360 1511 1471 1572 seriem

131 1621 286 1682 maiorum
309 1618 447 1701 explicat

228 1727 412 1810 Praeparare
428 1735 459 1790 et
473 1745 658 1810 comparare.
695 1745 877 1809 praeparare
895 1729 996 1810 prius,
1015 1744 1191 1808 comparare
1206 1724 1340 1808 undique
1355 1745 1471 1809 parare.

230 1835 353 1899 Guttam
377 1845 408 1898 et
431 1834 549 1898 stillam.
596 1843 682 1917 gutta
705 1844 820 1919 manet,
844 1835 924 1898 stilla
947 1836 1036 1899 cadit.

228 1944 396 2008 Convenire
421 1955 452 2008 et
475 1947 566 2008 coire.
614 1945 755 2006 convenit
778 1946 810 2007 iu
833 1963 943 2020 unum,
967 1946 1029 2006 coit
1051 1947 1083 2007 in
1107 1953 1181 2007 acta.

88 2074 116 2117 rs
228 2053 356 2117 Causam
375 2064 406 2118 et
429 2055 630 2136 patrocinium
649 2061 680 2116 et
699 2055 876 2117 orationem.
923 2071 1014 2116 causa
1034 2061 1082 2116 est
1099 2053 1136 2116 de
1157 2072 1215 2135 qua
1234 2057 1348 2138 agitur,
1370 2066 1469 2138 patro-

131 2165 250 2226 cinium
274 2162 356 2244 quod
380 2161 642 2242 adcommodatur,
665 2163 761 2224 oratio
786 2179 863 2242 quae
887 2161 1030 2243 loquitur.

228 2270 408 2353 Superbiens
432 2281 463 2334 et
486 2270 700 2353 adrogantiam.
747 2261 888 2353 snperbia
913 2279 960 2333 est
983 2289 999 2332 a
1028 2271 1275 2355 superhabendo,
1297 2271 1471 2354 adrogantia

132 2382 227 2444 etiam
250 2382 282 2442 iu
305 2398 471 2463 pauperem
495 2379 584 2442 eadit

229 2490 367 2554 scrutari
390 2498 422 2554 et
444 2507 600 2572 quaerere.
647 2497 802 2552 scrutatur
829 2492 861 2552 iu
891 2499 920 2554 te
948 2489 998 2554 ille
1022 2493 1075 2573 qui
1099 2509 1116 2552 a
1140 2499 1169 2553 te
1193 2493 1349 2572 intercipit
1372 2490 1471 2572 aitqua

88 2622 118 2661 so
133 2609 269 2663 secreta:
294 2617 441 2682 quaerere
465 2598 526 2661 duo
549 2600 711 2681 siguificat,
734 2598 781 2661 vel
805 2598 886 2681 quod
910 2599 1009 2683 abest,
1033 2599 1080 2664 rel
1100 2601 1180 2682 quod
1200 2600 1237 2663 ad
1255 2603 1469 2683 patrimonium

132 2708 279 2771 retertur.

227 2818 369 2888 Adnuere
394 2826 425 2880 et
447 2819 586 2882 innuere.
633 2820 733 2881 innuit
760 2817 806 2880 val
834 2819 933 2900 capite
962 2817 1009 2880 rel
1038 2817 1215 2902 supercilio,
1243 2817 1348 2883 adnuit
1376 2819 1413 2881 ad
1438 2823 1473 2883 id

134 2925 219 3008 qnod
243 2925 358 2989 dictum
383 2924 428 2988 rel
452 2926 565 2988 lectrum
589 2936 644 2989 est.

228 3032 360 3098 Gnatum
383 3044 414 3098 et
438 3044 551 3099 natum.
598 3042 707 3115 gnatus
731 3033 825 3116 fliius,
850 3043 938 3097 uatus
963 3034 1009 3096 vel
1034 3034 1143 3117 pullus,

89 3165 118 3206 aa
228 3143 406 3207 insimulare
440 3152 471 3207 et
504 3143 656 3207 simulare.
712 3145 765 3224 qni
797 3143 953 3206 insimulat
991 3143 1038 3208 rel
1074 3147 1174 3228 arguit
1206 3146 1252 3208 rel
1285 3148 1384 3230 lingit,
1417 3151 1469 3230 qui

134 3252 260 3316 simulat
283 3251 412 3336 probare
436 3253 500 3317 rull
524 3252 605 3335 quod
630 3252 796 3328 nonest!

228 3361 381 3425 Proelium
405 3372 436 3425 et
464 3361 585 3426 belluam.
632 3360 744 3424 bellum
774 3363 864 3424 etiam
893 3363 958 3446 siue
985 3362 1102 3444 proelio
1130 3374 1190 3448 ast,
1218 3383 1288 3426 cum
1311 3365 1469 3449 indicitur3

135 3469 286 3555 proelium
311 3469 370 3551 [in]
395 3474 460 3554 ipsa
484 3489 591 3553 pugna.

229 3746 245 3794 3
265 3735 418 3794 Caerulum
437 3737 517 3793 Beda
534 3741 640 3807 eom
712 3741 747 3791 ιι
768 3735 846 3791 Inter
865 3735 989 3792 adnuere
1009 3742 1038 3794 et
1056 3737 1172 3796 inuuere
1197 3743 1226 3796 et
1249 3738 1372 3796 abnuere
1394 3781 1400 3794 .
1421 3740 1469 3796 ad·

137 3820 201 3878 unit
228 3821 265 3877 ad
298 3820 375 3892 quod
404 3819 512 3876 dictum
540 3821 597 3889 est,
625 3817 656 3873 id
684 3818 728 3872 eat
752 3817 897 3890 promisit,
926 3819 1020 3876 innuit
1048 3825 1146 3878 autem
1173 3822 1341 3894 supercilio,
1368 3822 1469 3880 abnuit

134 3901 445 3974 argenteorum.

232 4129 247 4221 ι
267 4163 464 4237 Corruptelam
478 4166 508 4220 et
527 4161 737 4234 corruptionem
758 4203 764 4216 .
784 4161 947 4235 corruptela
965 4164 1028 4234 ipsa
1046 4181 1091 4221 res
1111 4167 1203 4232 ests,
1224 4163 1421 4239 corruptelam
1440 4171 1470 4224 et

136 4245 350 4319 corruptionem
368 4245 531 4318 corruptela
545 4244 609 4316 ipsa
623 4249 638 4300 e
654 4245 659 4313 Ι
676 4243 888 4313 comptiorem
902 4247 1065 4317 corruptela
1079 4247 1142 4318 ipsa
1156 4253 1171 4303 e
1186 4248 1220 4302 N
1290 4255 1306 4304 3
1321 4249 1468 4306 caeruleus
1564 4289 1569 4300 ι

138 4331 257 4406 lingitur
272 4329 362 4396 Beda,
382 4327 528 4384 caeruleus
546 4329 677 4382 natnmm
696 4325 810 4396 fingite
883 4331 900 4382 5
919 4331 1001 4399 paret
1019 4345 1076 4384 non
1095 4343 1155 4384 esse
1174 4329 1262 4384 iesous
1277 4329 1334 4388 Ns
1348 4333 1469 4400 apparat

138 4432 195 4471 nou
214 4411 398 4470 amaseorum
417 4409 502 4466 editio
521 4406 690 4464 Bceileeneic
772 4406 912 4465 orobitin
930 4411 960 4482 a]
984 4409 1146 4470 nobileme
1228 4410 1419 4467 tevit-:NEC
1438 4412 1472 4466 Ν

178 4501 210 4551 11
231 4493 357 4566 explicat
374 4507 425 4548 oro.
446 4505 464 4550 ς
539 4496 572 4544 ιι
591 4489 650 4545 coit
667 4486 777 4544 mactat
794 4486 828 4543 N
844 4490 904 4546 coit
922 4491 951 4547 in
970 4507 987 4552 ς
1007 4492 1065 4549 coit
1083 4493 1114 4548 in
1132 4493 1238 4550 multos
1258 4493 1411 4550 Fabricius

140 4584 173 4633 16
192 4577 311 4645 fortusse
328 4589 402 4645 quae
421 4570 565 4642 loquimur
638 4575 671 4625 19
690 4567 741 4625 ille
764 4572 815 4641 qni
840 4573 985 4648 intercipit
1004 4591 1021 4635 ς
1039 4573 1084 4630 illi
1102 4573 1152 4645 qui
1172 4577 1203 4629 at
1220 4575 1354 4646 tintercip
1373 4576 1418 4643 N,
1436 4577 1469 4633 iu

137 4675 193 4731 quo
211 4657 257 4730 cip
276 4672 334 4713 uno
353 4659 425 4712 certo
443 4652 580 4724 opposuit
653 4657 688 4706 ιο
707 4650 789 4708 abest
807 4668 824 4713 ς
843 4654 945 4712 habeat
963 4657 997 4712 N
1066 4662 1099 4710 ιι
1120 4656 1252 4730 refertur]
1272 4656 1432 4728 pertinet«

138 4747 174 4796 ιιι
194 4738 295 4796 annuit
313 4737 352 4793 ad
370 4736 400 4793 id
414 4733 490 4807 quod
504 4731 612 4789 dictum
626 4732 672 4788 vel
691 4731 798 4790 factum
818 4739 862 4792 eat
880 4737 1043 4803 Fabricius,
1062 4735 1163 4791 adnant
1181 4736 1217 4792 ad
1233 4741 1238 4805 1
1255 4736 1331 4808 quod
1350 4737 1428 4794 diutia
1448 4745 1467 4794 ι”ι

138 4837 207 4893 porc
227 4863 233 4875 .
254 4863 260 4875 .
281 4862 287 4874 .
307 4817 342 4874 N
357 4817 458 4874 annuit
480 4815 517 4870 ad
540 4814 617 4885 quod
634 4813 743 4871 dictum
761 4817 844 4876 uelo
932 4824 967 4873 at
985 4820 1069 4874 uatus
1088 4817 1183 4889 pullus
1202 4833 1227 4878 s.
1246 4819 1364 4886 fortusse
1382 4821 1467 4875 uatus

139 4901 226 4959 etiam
245 4901 340 4972 pullus
414 4903 448 4955 28
467 4897 606 4970 proelium
625 4898 689 4967 ipsu
707 4913 839 4970 pugnae
