3602 5482
690 349 888 408 exesum
914 362 918 375 ¹
1386 347 1452 416 347

116 449 276 502 pstssE
690 494 704 516 ν

210 535 360 618 Tempora
398 534 562 599 verborum
598 546 675 620 quot
712 536 807 602 sunt?
857 539 942 620 Tria,
983 555 1142 621 praesens,
1184 539 1382 621 praeteritum
1421 547 1451 600 et
1474 551 1549 602 mast

116 645 257 708 futurum
272 691 280 706 .
295 643 348 706 sed
368 647 526 727 praeteriti
545 649 692 728 temporis
712 649 829 731 species
853 655 917 710 tres
937 655 1024 728 sunt,
1047 646 1239 732 imperfecta,
1261 648 1399 731 perfecta
1422 654 1454 709 et

115 751 422 835 plusquamperfecta.
461 751 515 815 liic
543 771 649 818 eorum
679 765 851 840 temporum
879 755 1073 820 differentias.
1111 755 1260 820 Praesens
1289 766 1336 821 est
1343 806 1353 841 ‚
1384 774 1454 820 eum

115 863 248 944 agimus,
277 872 311 925 ιιι
337 861 418 944 lege:
446 880 514 925 nam
544 881 605 926 non
633 883 760 946 possum
788 866 890 929 dicere
921 863 1002 946 lego,
1035 865 1094 926 nisi
1124 863 1197 928 dum
1226 867 1258 928 in
1287 867 1354 949 ipso
1383 875 1452 929 actu

7 1047 11 1062 ι
87 983 185 1034 asum
210 1019 217 1034 .
242 973 380 1037 futurum
408 981 468 1057 est,
496 990 566 1036 cum
595 973 692 1038 adhuc
721 993 810 1056 agere
838 973 999 1057 polliceor,
1028 981 1062 1036 ut
1081 972 1187 1056 ¹legam
1217 1021 1225 1036 .
1253 975 1452 1058 praeterltum

113 1081 330 1163 imperfectum
372 1091 434 1167 est,
480 1101 551 1146 cum
574 1071 729 1167 'coepisse
772 1081 932 1166 aliquando
969 1080 1082 1163 aliquid
1120 1091 1151 1144 et
1188 1101 1249 1146 non
1286 1085 1452 1167 perfecisse

114 1207 172 1252 nos
205 1190 390 1268 indicemus,
423 1200 457 1254 ut
490 1191 654 1256 clamabam
682 1239 690 1254 .
721 1194 921 1276 praeteritum
953 1191 1124 1274 perfectum
1157 1202 1217 1275 est,
1250 1211 1320 1256 cum
1353 1211 1453 1276 nuper

114 1297 231 1380 aliquid
256 1319 312 1363 nos
336 1300 444 1365 fecisse
469 1301 687 1384 significamus,
715 1311 751 1364 ut
780 1301 839 1384 legi
863 1350 870 1365 .
894 1301 1094 1384 praeteritum
1121 1299 1454 1384 plusquamperfectum
1511 1385 1516 1400 ι

114 1419 179 1492 est,
202 1427 274 1473 cum
297 1428 358 1474 non
381 1429 495 1495 nuper,
519 1410 572 1474 sed
596 1410 772 1476 iamdudum
795 1411 919 1494 aliquid·
932 1412 1098 1495 perfecisse
1122 1429 1179 1474 nos
1202 1412 1391 1494 intimamus,
1419 1419 1454 1474 ut

77 1532 102 1574 ιο
115 1515 260 1598 legeram

208 1626 360 1692 Personae
383 1627 547 1691 verborum
571 1637 645 1709 quot
668 1624 762 1692 sunt?
798 1628 891 1713 Tres,
914 1631 1012 1712 prima
1035 1648 1113 1713 quae
1136 1629 1286 1713 loquitur,
1314 1638 1349 1692 ut
1371 1627 1453 1712 lego;
1475 1643 1548 1697 mess

114 1736 251 1799 secunda
274 1737 311 1800 sd
334 1755 426 1818 quam
449 1735 598 1818 loquitur,
622 1746 658 1800 ut
680 1736 769 1822 legis3
793 1741 884 1801 tertia
907 1738 945 1802 de
970 1757 1029 1821 qua
1052 1738 1203 1822 loquitur,
1227 1749 1262 1803 ut
1285 1737 1367 1820 legit.

209 1843 361 1908 Defectira
384 1842 476 1908 verba
500 1863 577 1926 quae
601 1841 696 1908 sunt?
733 1845 816 1918 Quae
841 1848 873 1909 in
897 1845 1099 1911 declinatione
1117 1848 1276 1931 deliciunt,
1299 1847 1398 1910 idest
1420 1849 1452 1911 in
1472 1863 1535 1916 eoos

113 1971 229 2036 genere
253 1953 303 2016 vel
324 1972 456 2036 persona
479 1953 526 2016 rel
550 1955 761 2035 coniugatione
786 1953 833 2017 vel
857 1963 1008 2039 tempore,
1036 1967 1074 2050 et,
1095 1960 1166 2038 quia
1194 1957 1339 2020 uniformi
1362 1955 1452 2018 modo

75 2075 101 2117 ιι
115 2062 228 2125 durare
257 2080 318 2126 non
347 2073 492 2146 possunt,
522 2060 561 2125 ob
591 2061 622 2124 id
650 2062 797 2126 defectiva
825 2063 971 2128 dicuntur
999 2111 1006 2126 .
1035 2081 1147 2146 genere
1176 2068 1270 2147 igitur
1298 2065 1453 2149 deliciunt,

114 2189 186 2235 cum
211 2180 319 2236 neuim
343 2172 562 2254 significatione
587 2180 724 2254 tempore
747 2175 901 2254 praesenti
925 2172 962 2234 ad
985 2175 1135 2254 passivam
1158 2175 1291 2256 speciem
1315 2176 1347 2236 in
1366 2191 1452 2256 prac-

114 2283 208 2344 terito
232 2289 369 2362 ternpore
393 2289 566 2356 transeunt,
591 2290 625 2343 ut
648 2280 746 2344 audeo
769 2299 862 2346 ausus
882 2301 964 2366 sum,
987 2281 1104 2364 gaudeo
1123 2285 1245 2364 gavisus
1263 2301 1346 2365 sum,
1369 2283 1452 2346 soleo

113 2389 224 2453 solitus
249 2407 316 2452 sum
340 2409 349 2452 s
374 2389 540 2451 nonenim
563 2407 727 2472 possumus
751 2390 788 2454 de
811 2394 977 2474 praeterito
1000 2400 1137 2475 tempore
1167 2392 1270 2456 dicere
1301 2391 1421 2475 gaudini
1445 2440 1452 2454 .

113 2500 261 2581 quoniam
283 2497 395 2562 durum
419 2505 450 2560 et
474 2505 564 2580 turpe
588 2496 728 2582 sonabat,
752 2509 945 2566 mutarerunt
963 2499 1007 2564 illi
1026 2504 1197 2584 scriptores.
1212 2503 1324 2566 artium
1343 2520 1453 2566 sonum

75 2621 101 2663 ιι
114 2607 152 2672 de
172 2609 340 2692 praeterito
359 2616 496 2688 tempore
516 2608 627 2688 passivi
645 2607 744 2692 verbi,
767 2619 803 2672 ιιι
821 2610 939 2673 confido
959 2611 1091 2675 conlisus
1111 2631 1193 2699 sum:
1217 2630 1285 2676 nam
1304 2611 1453 2676 obsonum

113 2715 304 2808 eratsdicere
329 2709 470 2800 conlidit

626 2857 686 2926 Du
709 2857 943 2928 ADvnRBIO

209 2969 288 3045 Quid
313 2980 361 3034 est
383 2966 583 3033 adverbium?
620 2969 692 3033 Pars
722 2975 883 3058 orationis,
910 2992 970 3056 que
998 2972 1114 3036 adiecta
1142 2974 1235 3037 verbo
1264 2977 1452 3040 manifestior
1472 3009 1548 3062 ηιμ

113 3083 213 3145 oratio
232 3079 386 3163 redditur,
409 3090 444 3142 ut
463 3077 552 3141 docte
572 3079 662 3163 dixit,
684 3079 811 3162 pulchre
831 3083 912 3166 fecit,
927 3081 1015 3146 'hene
1035 3085 1165 3164 scripsit
1204 3083 1350 3147 Aduerbia
1370 3085 1451 3148 unde

75 3201 100 3244 ²⁵
115 3185 310 3254 nascuntur?
347 3189 406 3250 Αιιι
434 3207 451 3251 ιι
480 3207 534 3252 sua
562 3191 712 3272 positione
742 3198 794 3253 aut
823 3190 860 3253 ab
890 3190 955 3254 aliis
984 3191 1121 3275 partibus
1150 3193 1296 3256 orationis
1320 3215 1328 3256 :
1352 3214 1367 3255 a
1397 3214 1452 3258 sua

114 3303 197 3364 enlm
220 3299 372 3382 positione
396 3299 578 3382 nascuntur}
607 3307 643 3362 ut
666 3298 732 3362 lieri
756 3318 868 3382 nuper;
897 3299 933 3362 ab
958 3300 1022 3364 aliis
1046 3311 1148 3364 autem
1173 3300 1388 3388 traducuntur,
1417 3315 1452 3366 ut

109 3410 225 3474 doctus
255 3406 358 3490 docte,
388 3409 508 3489 sapiens
538 3409 692 3489 sapienter
720 3456 727 3470 .
756 3406 897 3470 adverbia
926 3417 1027 3472 autem
1054 3427 1130 3491 quae
1161 3411 1194 3472 ln
1222 3429 1240 3472 e
1267 3409 1451 3491 productam

114 3528 230 3582 exeunt
253 3516 290 3581 ab
315 3534 351 3580 eo
375 3517 497 3580 nomine
521 3517 661 3599 veniunt,
685 3515 766 3598 quod
790 3519 821 3579 in
845 3515 946 3580 dativo
970 3517 1115 3600 singulari
1138 3536 1156 3579 ο
1176 3517 1308 3581 litteram
1331 3523 1452 3606 accipit,

209 3682 387 3754 t'l'empors
415 3713 449 3726 -
481 3681 740 3755 silogismos,
768 3684 833 3740 odd.
852 3684 881 3739 Β
973 3687 1053 3741 aest
1071 3687 1104 3740 ut
1121 3701 1187 3741 cnm
1212 3684 1322 3756 egimus
1340 3685 1370 3743 Β

115 3765 232 3840 deum]
252 3764 329 3837 quod
346 3763 376 3820 Β
449 3763 556 3838 legem]
576 3765 643 3838 legs
660 3782 727 3838 pm
747 3762 776 3819 B
850 3765 963 3838 ecum]
982 3769 1017 3822 ni
1034 3764 1063 3821 Β
1137 3773 1170 3823 12
1190 3767 1228 3824 ad
1252 3783 1336 3838 quem
1360 3767 1452 3838 loqui·

114 3851 162 3905 tur
181 3845 311 3920 alleges
329 3845 358 3900 Β
431 3845 510 3918 leget
523 3847 551 3902 Β
626 3852 659 3902 la
678 3845 709 3902 in
728 3845 881 3903 declinatio
901 3846 940 3902 M
1009 3845 1040 3902 id
1059 3847 1123 3904 isin
1142 3865 1247 3922 genera
1265 3847 1313 3905 uel
1331 3866 1452 3920 persons

115 3931 164 3988 uel
182 3948 235 4003 por
254 3927 457 4001 eomngstione
476 3927 524 3984 uel
541 3931 670 4000 tempore
689 3926 726 3997 Β,
745 3945 797 3984 om.
818 3928 857 3983 M
930 3934 965 3985 14
983 3931 1013 3985 et
1032 3927 1111 4004 qnia]
1136 3932 1168 3986 ut
1187 3931 1255 4003 quin
1273 3928 1347 3985 ΒΜ
1417 3937 1451 3986 15

114 4011 206 4085 igitur
223 4011 253 4066 Β
272 4025 340 4083 ergo
361 4009 400 4064 M
471 4016 589 4066 lecum
608 4011 710 4066 neuma
727 4009 756 4064 Β
776 4027 839 4065 cum
858 4009 1002 4067 neutralia
1020 4009 1076 4068 M.
1090 4011 1209 4081 fortusse
1223 4029 1288 4069 cum
1302 4031 1336 4070 ox
1350 4017 1452 4071 neuim

114 4092 325 4169 significatione
352 4090 489 4163 temporis
517 4090 675 4162 praesentis
757 4091 926 4166 praeterito]
954 4093 1099 4164 praesenti
1126 4091 1155 4148 Β
1239 4100 1272 4150 ti
1300 4098 1332 4152 ui
1359 4095 1450 4152 audeo

115 4191 294 4242 anensium
319 4171 432 4245 gaudeo
460 4171 576 4243 gemeus
604 4189 667 4227 scm
694 4170 771 4228 soleo
801 4172 902 4230 solitus
928 4193 991 4232 sum
1015 4218 1022 4231 .
1047 4192 1105 4232 non
1132 4176 1208 4232 enim
1237 4194 1386 4247 possumus
1415 4177 1450 4234 de

115 4257 274 4332 praeterito
293 4257 423 4327 tempore
440 4253 552 4326 pessiui
569 4255 651 4311 uerbi
669 4255 774 4325 (deletis
792 4254 899 4326 passini
917 4257 1008 4326 uerbi)
1027 4257 1122 4314 dicere
1141 4257 1409 4335 gaudiuilquoniom
1421 4258 1450 4316 Β

116 4346 151 4400 ιιι
169 4339 282 4414 audeo
296 4336 413 4411 gauisus
427 4354 491 4394 sum
504 4353 562 4392 non
575 4335 693 4409 gaudini
708 4351 763 4407 que
779 4336 817 4391 M
887 4345 921 4395 19
935 4339 1057 4395 sonabat
1069 4342 1255 4396 mutauerant
1267 4343 1452 4397 mutauerant

115 4424 161 4480 illi
181 4421 221 4478 M
244 4420 387 4478 innabant
413 4419 599 4474 mutauerant
627 4420 678 4474 aul
698 4417 742 4474 illi
765 4416 794 4474 Β
867 4419 1063 4493 mutaverunt]
1090 4421 1213 4477 mutuati
1242 4423 1309 4478 sunt
1336 4423 1451 4480 couiemt

117 4505 228 4561 lismoi
252 4517 334 4559 renus
355 4501 475 4572 critique
498 4517 525 4558 c
543 4505 620 4557 1877
634 4518 666 4571 p.
686 4505 743 4558 308
817 4517 918 4558 sonum
936 4517 987 4558 osu.
1008 4502 1052 4568 M,
1072 4502 1137 4558 cdd.
1156 4500 1185 4557 Β
1259 4508 1294 4559 no
1313 4503 1450 4561 emonam

116 4605 162 4644 me
187 4587 251 4643 ersi
271 4583 301 4640 Β
383 4587 419 4638 22
448 4580 497 4637 Di}
521 4581 713 4640 ADVERBIO
737 4597 790 4638 om.
807 4583 844 4641 Β.
882 4583 927 4640 De
945 4583 1085 4650 edverMo,
1103 4585 1137 4639 de
1151 4585 1317 4657 parmoipio,
1336 4587 1370 4641 de
1388 4603 1450 4642 cou-

116 4669 274 4734 iunctione,
297 4665 331 4722 cie
351 4665 560 4736 praepositione
578 4665 611 4720 iu
635 4663 801 4722 Monoceusi
824 4667 916 4724 codice
936 4683 1033 4737 postca
1056 4667 1163 4737 scriptu
1185 4672 1267 4735 susti,
1292 4684 1327 4724 es·
1349 4669 1451 4740 guidus

116 4749 308 4822 discrepantia
334 4747 493 4817 scriptumne
512 4749 627 4816 praeter
649 4748 788 4818 integrans
811 4749 914 4804 codices
930 4748 1084 4804 Besueusis
1106 4748 1247 4806 lectionem
1263 4752 1366 4821 possem
1384 4751 1451 4806 focis

116 4834 320 4889 ιιιιιιοιαιαιει.
404 4835 439 4886 28
460 4829 528 4902 que]
550 4846 604 4900 que
624 4827 672 4897 M,
691 4845 742 4886 om.
761 4829 789 4885 B
872 4837 907 4888 ιθ
926 4831 963 4886 ιιι)
983 4830 1047 4886 eliis
1066 4831 1117 4886 aut
1135 4831 1323 4888 traducuntur
1341 4831 1370 4887 B

117 4919 151 4970 ‘ii
171 4914 202 4971 in
220 4911 389 4986 productum
407 4911 436 4965 Β
797 4933 800 4940 ·

1149 5020 1152 5026 '
1175 5009 1231 5060 ‘23⁸
