3602 5482
371 341 439 410 312
817 340 945 400 tunitii
965 339 1261 400 ouvnoeitaeme

368 455 391 495 ρ.
406 443 518 488 met-to
530 443 557 484 1².

369 539 416 592 est
435 531 522 612 qnasi
541 527 646 592 valide.
681 527 797 614 Velius,
816 531 842 592 si
861 526 960 593 lanam
980 529 1144 612 signiticat,
1161 547 1218 612 per
1233 547 1263 613 v;
1283 531 1308 592 si
1327 526 1435 613 bellus,
1454 527 1484 592 id
1504 536 1552 590 esi
1570 525 1713 609 pulcher,

369 647 425 712 per
448 627 468 691 b
492 628 645 692 scribitur.
692 626 752 690 Ver
775 638 807 692 et
829 631 875 692 vir
899 647 955 713 ρει.
977 648 995 690 v
1019 627 1178 692 scribenda
1203 637 1283 692 sunt.
1327 627 1380 692 Vel
1403 631 1429 692 si
1453 628 1628 692 coniunctio
1652 639 1714 703 esi,

369 748 425 812 per
448 747 479 812 v;
508 731 534 792 si
561 728 720 792 humorem
750 728 912 811 significat,
940 746 996 812 per
1024 728 1050 813 l;
1079 731 1106 792 si
1133 726 1262 812 idolum,
1290 746 1346 811 ρει·
1373 728 1393 791 b
1422 727 1618 792 scribendum
1651 736 1713 789 est.

369 827 445 914 ilos,
469 831 495 892 si
524 845 692 911 pronomen
717 827 969 912 monosyllabum,
996 846 1053 910 per
1076 847 1107 912 ις
1136 830 1162 890 si
1187 827 1364 909 disyllabum
1389 830 1461 913 erit,
1490 829 1575 910 prior
1594 817 1712 910 syllaba

370 928 407 992 ab
435 947 467 1013 r,
496 945 627 1010 sequens
656 925 716 990 ab
744 929 865 1012 incipit,
893 937 928 990 ui
955 925 1054 990 vobis:
1084 929 1110 990 si
1138 925 1247 990 aninai
1276 929 1437 1011 significat,
1466 926 1713 1010 monosyllabum
1740 943 1753 982 s

369 1047 425 1112 per
444 1027 478 1112 b3
502 1029 529 1092 si
548 1026 741 1111 disyllabum,
763 1030 849 1110 prior
868 1025 979 1110 syllaba
999 1045 1015 1088 a
1035 1026 1069 1111 b,
1093 1044 1225 1108 sequens
1244 1025 1281 1088 ab
1302 1046 1319 1087 ι
1342 1029 1462 1111 incipit,
1486 1034 1519 1089 ut
1542 1027 1597 1089 bos
1621 1026 1713 1090 bovis

369 1129 439 1191 bovi
462 1126 538 1191 bove
562 1125 618 1190 bos
642 1145 659 1190 e
682 1125 768 1190 bove.
815 1125 926 1212 Verba,
954 1127 1040 1209 prior
1062 1125 1173 1210 syllaba
1197 1125 1233 1188 ob
1259 1147 1286 1210 v,
1312 1127 1466 1210 posterior
1488 1125 1550 1188 ab
1573 1129 1712 1210 incipiat.

371 1227 507 1292 Vloiscor
525 1226 609 1292 ultus
628 1245 696 1290 snm
722 1227 802 1289 lacit.
844 1224 918 1288 lloio
942 1225 1023 1289 volas
1047 1243 1064 1288 e
1088 1225 1227 1310 volando,
1252 1224 1318 1289 volo
1338 1227 1418 1288 visa
1438 1225 1601 1308 voluntate,
1625 1227 1713 1308 qnod

369 1329 581 1412 imperatiium
609 1324 787 1389 naturaliter
816 1343 877 1388 non
906 1317 1014 1407 babet,
1038 1327 1108 1408 quia
1137 1327 1284 1406 imperata
1313 1326 1505 1388 necessitatis
1531 1333 1616 1408 sunt,
1645 1345 1713 1388 non

370 1427 544 1492 volunioiis.
590 1424 641 1489 Vis
665 1426 818 1507 duplicem
841 1427 1091 1507 significationem
1116 1423 1219 1506 babet,
1249 1434 1281 1487 et
1304 1427 1425 1487 virtutis
1447 1422 1600 1506 videlicet,
1624 1425 1711 1506 quod
1728 1441 1752 1478 ιο

369 1547 477 1610 graece
502 1519 648 1606 δύναμις
671 1524 791 1607 dicitur,
820 1534 852 1587 et
878 1523 1052 1608 violentiae,
1085 1522 1166 1606 quod
1194 1542 1302 1605 graeco
1326 1521 1385 1606 βία
1407 1531 1541 1586 vocatur.
1588 1521 1711 1586 Verbex

369 1629 434 1690 ovis
458 1626 496 1690 ab
521 1647 538 1687 v
565 1625 770 1708 incipiendum
794 1634 841 1688 cst
865 1632 896 1687 ei
920 1625 991 1686 iecit
1014 1625 1187 1705 genetivum
1211 1624 1350 1687 verbecis
1373 1622 1461 1704 ionga
1485 1624 1551 1684 ain
1574 1624 1713 1686 secunda

237 1804 245 1812 ι
370 1725 495 1811 syllaba,
518 1725 591 1789 dum
616 1736 720 1788 vertex
744 1734 849 1788 cortex
869 1722 964 1788 codex
988 1725 998 1786 i
1022 1721 1144 1787 brevem
1169 1722 1282 1786 babent
1305 1725 1337 1786 in
1360 1721 1491 1802 obliquis
1515 1721 1648 1806 casibus,
1674 1734 1713 1787 ut

370 1828 494 1889 verticis
519 1821 524 1909 Ι
550 1829 674 1888 corticis
705 1824 818 1888 codicis
848 1833 878 1888 et
907 1821 1008 1886 cetera
1036 1822 1115 1886 talia.
1165 1821 1297 1886 Vitorior
1327 1832 1357 1886 et
1385 1820 1510 1884 ultimus
1543 1823 1711 1904 positivum

369 1924 496 2007 gradum
516 1943 577 1988 non
596 1922 720 1988 hebent.
756 1923 890 1987 Veniunt
908 1924 960 2004 qul
979 1921 1128 1999 vendunt,
1152 1929 1285 1986 veneunt
1304 1923 1357 2004 qui
1375 1919 1557 1983 venduntur.
1591 1919 1710 1984 Veloci·
1728 1937 1751 1976 1⁵

369 2031 416 2086 tas
435 2023 546 2106 pedum
566 2031 597 2086 ct
617 2041 789 2107 corporum,
809 2022 949 2086 celeritas
968 2023 1138 2085 animorum
1158 2033 1189 2086 et
1208 2024 1365 2086 tactorum.
1399 2018 1489 2092 vicus
1509 2019 1590 2100 quod
1609 2023 1710 2083 nasci·

372 2133 432 2207 tur,
451 2123 559 2186 vulnus
579 2123 660 2206 quod
679 2142 735 2206 per
749 2123 840 2187 elium
860 2123 901 2185 nt.
930 2119 1038 2205 Vrgeo,
1057 2139 1118 2184 non
1133 2141 1263 2206 urgueo,
1283 2119 1434 2203 Vergilius
1448 2109 1539 2203 (Aen.
1563 2119 1608 2182 VI
1617 2113 1710 2205 560)

375 2215 526 2302 ‘quibus
550 2231 731 2305 urgentur
755 2216 915 2306 poenae’,
938 2239 1019 2302 ungo
1044 2223 1130 2306 unxi,
1154 2221 1328 2304 quomodo
1352 2223 1443 2303 pingo
1467 2219 1565 2301 pinxi,
1588 2229 1708 2281 utrum-

372 2340 432 2403 que
448 2323 513 2384 sine
533 2341 567 2406 u;
587 2331 718 2385 attamen
738 2321 774 2384 ad
794 2339 905 2384 nomen
924 2319 1122 2384 derivativum
1143 2321 1235 2405 addit,
1253 2313 1708 2406 ui(l'erq.acorp.111450)

372 2414 541 2504 ‘pinguls
560 2417 748 2503 unguine'.
769 2419 774 2504 Ι
795 2420 887 2486 Vulva
905 2421 1001 2485 malva
1021 2423 1096 2484 stiva
1114 2440 1202 2504 perv
1222 2421 1288 2485 loco
1304 2421 1499 2484 consonantis
1518 2417 1707 2482 scribuntur.
1722 2434 1748 2473 ιο

372 2519 429 2583 Vas
453 2521 536 2584 vadis
559 2520 597 2583 de
621 2521 726 2584 lenore
751 2539 862 2603 genere
887 2520 1067 2602 masculino,
1091 2539 1142 2582 vas
1166 2522 1245 2582 vasis
1268 2520 1306 2582 de
1330 2519 1451 2582 vasculo
1475 2527 1599 2601 neutro,
1622 2528 1706 2581 utra-

372 2641 430 2702 que
450 2639 506 2703 per
524 2640 557 2705 v;
580 2621 625 2684 las
644 2639 701 2704 per
720 2620 734 2683 l
754 2619 978 2703 indeclinabile,
1002 2619 1082 2682 uude
1103 2621 1173 2682 lasti
1191 2619 1272 2702 dies,
1290 2618 1402 2700 quibus
1420 2619 1469 2680 ius
1489 2619 1578 2682 latur.
1611 2617 1707 2680 Vilius

372 2729 418 2783 est
434 2723 619 2803 vestimenti,
633 2720 699 2783 villa
714 2722 876 2802 possessio.
905 2717 1020 2802 Vesper
1033 2721 1144 2782 incerti
1158 2721 1280 2801 generis
1295 2727 1356 2802 cst,
1375 2727 1409 2781 ut
1422 2717 1578 2780 Prisciano
1594 2717 1706 2799 placet:

247 2873 250 2880 .
371 2819 439 2882 idco
464 2818 645 2900 evangelista
669 2819 745 2881 dixit
768 2813 938 2911 ‘vespere
963 2837 1054 2902 quae
1078 2818 1239 2882 lucescit
1261 2821 1297 2881 in
1320 2819 1435 2902 prima
1460 2811 1631 2880 sabbati’.

461 3000 479 3051 2
503 3011 553 3052 ner
571 2997 602 3050 et
619 2992 665 3050 uir
687 3011 739 3066 per
756 3011 777 3049 ιι
794 2991 945 3050 scribendo
962 2994 1030 3049 suni
1048 2992 1118 3064 pM
1138 2993 1252 3049 oereiur
1275 3009 1364 3065 pern
1387 2990 1470 3050 scrib.
1488 2989 1635 3067 diciiurS

371 3081 387 3132 o
407 3077 555 3133 humorem
569 3073 640 3146 pM
654 3074 847 3131 humerumS
910 3079 926 3130 l
946 3073 1047 3147 verbs]
1066 3073 1188 3131 uerbere
1206 3073 1245 3129 M
1307 3081 1341 3130 10
1360 3073 1476 3131 cirinus
1491 3071 1560 3143 pM
1574 3072 1665 3128 uirtus
1684 3070 1707 3127 S

373 3167 379 3178 ¹
422 3164 454 3214 11
470 3157 646 3214 uoconban
708 3175 814 3216 vervex
826 3187 861 3200 -
876 3156 1003 3214 vervecis
1017 3173 1040 3228 p
1106 3161 1140 3212 16
1160 3155 1237 3228 qnod
1251 3157 1416 3227 nosciinrp
1435 3155 1486 3226 qui
1504 3153 1631 3231 necuter
1644 3153 1710 3210 SM

422 3245 455 3296 i'l
474 3256 531 3297 non
550 3256 658 3312 argaeo
677 3240 700 3297 8
717 3258 775 3297 non
793 3256 885 3311 urguo
899 3256 922 3309 ρ
941 3255 999 3296 non
1016 3254 1089 3311 orgo
1102 3237 1142 3293 M
1210 3243 1244 3294 te
1263 3239 1367 3310 quibus
1385 3239 1524 3309 urgentur
1542 3251 1652 3308 poense
1670 3235 1709 3291 M

296 3369 300 3381 .
370 3323 508 3393 urgentur
524 3338 618 3392 poena.
636 3323 659 3378 S
677 3325 814 3396 urgentur
831 3322 969 3394 poenisp
1046 3323 1200 3392 utrumqne
1214 3320 1282 3392 pM
1301 3317 1465 3390 oterqoeS
1532 3323 1573 3374 -19
1595 3317 1705 3374 derive-

368 3404 461 3460 iivnm
487 3419 538 3461 οιιι.
558 3403 597 3459 M
665 3403 747 3460 addit
764 3420 821 3474 up
845 3419 865 3458 ιι
887 3400 970 3458 addit
987 3401 1069 3458 Beda
1087 3419 1118 3472 p.
1137 3407 1206 3470 294,
1223 3407 1263 3459 25
1338 3407 1373 3458 20
1396 3399 1557 3457 scribuntur
1581 3398 1619 3454 M
1639 3399 1703 3454 ecri-

369 3483 515 3542 bentan
537 3483 699 3562 scribentur
716 3502 740 3555 ρ
831 3489 866 3540 2³
886 3481 1091 3539 uestimentum
1110 3481 1149 3537 M
1234 3481 1377 3556 posversio
1392 3482 1461 3552 pM
1482 3481 1587 3553 positio
1610 3481 1634 3538 S

369 3564 528 3639 Priscieno]
552 3566 570 3622 l.
595 3565 623 3620 V
638 3581 670 3637 p.
689 3570 756 3632 169,
774 3569 812 3621 18
885 3569 922 3620 li
950 3563 1064 3620 sabbati
1081 3567 1145 3625 ῐιῑιῖ
1161 3583 1214 3636 ρει·
1231 3563 1257 3619 Χ
1276 3565 1307 3622 ei
1324 3563 1439 3621 Xrismo
1457 3562 1560 3620 l'lNl'l*
1581 3579 1663 3620 amen
1682 3563 1704 3618 S

369 3646 491 3704 sabbatii.
523 3649 597 3704 Acer
615 3647 726 3720 Ιίςιιιιιιι
745 3649 789 3703 esi
808 3647 838 3702 et
856 3647 930 3702 Acer
948 3645 1053 3702 dicitnr
1071 3649 1290 3719 purgamentum
1311 3645 1448 3702 frumenti
1462 3661 1486 3715 p
