3602 5482
373 355 441 424 324
867 379 868 385 ¹
958 357 1117 416 aroneis

374 461 503 510 p.·t.tii.

851 542 909 611 DE
935 541 1230 612 DEFlNlTlONE

279 705 352 758 uuas
443 689 583 754 Definitio
608 689 772 774 quidest?
810 692 914 756 Oratio
938 711 1014 776 quae
1039 691 1068 754 id
1093 691 1130 754 de
1156 711 1216 775 quo
1240 693 1397 774 quaeritur
1424 703 1529 775 aperte
1562 691 1706 754 describit

374 808 405 861 et
428 797 622 882 determinat,
645 807 680 862 ut
703 808 774 883 puta
800 800 892 863 veluti
917 803 942 863 si
966 817 1094 882 quaeras
1113 818 1129 862 a
1150 819 1213 884 me,
1236 801 1309 884 quid
1329 803 1368 864 sit
1387 800 1491 884 bomo,
1514 799 1704 884 respondebo

373 901 493 970 ‘animal
518 907 643 971 mortale
667 909 813 973 rationale
837 912 919 973 risus
942 903 1057 992 capor'.
1454 915 1465 928 “

278 1033 352 1085 saraa
464 981 620 1079 Seniculi:
645 1015 716 1098 quid
742 1013 810 1080 est?
847 1016 945 1081 Dictis
969 1016 1118 1100 generalis
1142 1017 1179 1080 ad
1203 1020 1280 1082 ritae
1306 1021 1454 1082 rationem
1483 1021 1514 1082 in
1544 1037 1732 1092 communes

372 1126 543 1208 pertinens,
567 1135 601 1188 ut
624 1135 697 1208 puta
722 1124 814 1188 veluti
831 1121 889 1188 '‘ne
913 1123 984 1208 quld
1009 1121 1121 1191 nimis’.

880 1319 939 1388 bu
965 1319 1194 1390 ORATIONE

293 1486 351 1538 unt
466 1470 569 1533 Oratio
594 1473 666 1554 quid
692 1469 761 1536 est?
799 1472 906 1534 Sereno
931 1479 1090 1535 contextus
1120 1471 1155 1534 ad
1186 1470 1349 1534 clausulam
1379 1470 1507 1535 tendens
1535 1491 1592 1554 per
1620 1491 1704 1555 argu·

372 1587 474 1642 tuorna
506 1581 689 1642 narrationis
722 1627 728 1640 .
763 1577 845 1640 Vnde
879 1577 959 1641 diota
992 1574 1111 1641 oratio?
1158 1578 1250 1653 Quasi
1288 1582 1350 1642 oris
1388 1583 1478 1662 ratio,
1515 1583 1565 1644 cui
1599 1579 1705 1645 accidit

372 1685 513 1749 clausula.
552 1685 692 1750 Clausula
717 1687 788 1769 qnid
814 1683 882 1749 cst?
921 1685 1105 1769 Compositio
1130 1687 1291 1751 rerborum
1316 1687 1467 1772 plausibili
1491 1697 1647 1754 structura
1670 1689 1703 1752 ad
1721 1705 1745 1744 ιο

372 1797 486 1858 erttnm
512 1797 679 1858 terruinata.

837 1971 897 2038 DE
923 1970 1240 2041 DISTINCTIONE

339 2140 350 2180 r
464 2119 622 2184 Distinctio
647 2121 719 2203 quid
744 2117 812 2184 est?
849 2121 994 2204 bdposlto
1018 2131 1131 2204 prurcto
1155 2130 1224 2186 noia
1250 2124 1326 2188 liniti
1347 2143 1455 2206 seriens
1475 2125 1520 2189 rel
1545 2125 1704 2208 pendentis

372 2247 465 2294 mora.
512 2229 594 2303 Quot
626 2230 701 2293 locis
734 2233 858 2312 ponitur·
889 2227 1066 2293 distinctio?
1107 2230 1219 2294 Tribus
1249 2281 1255 2295 .
1284 2229 1425 2306 Quibus?
1463 2233 1603 2316 Summo,
1637 2253 1704 2297 cuna

372 2356 494 2402 sensnm
525 2341 680 2423 terminat,
714 2349 744 2403 et
773 2347 898 2402 uocatur
927 2339 1024 2402 llraalis
1053 2349 1138 2423 troia,
1171 2359 1186 2402 a
1216 2339 1339 2404 Graecis
1373 2341 1455 2424 tella3
1489 2345 1603 2425 medio,
1637 2361 1704 2405 cum
1720 2355 1744 2394 1⁵

372 2448 541 2530 respirandi
566 2451 697 2530 spatium
721 2448 831 2530 legonti
857 2449 921 2532 dai,
946 2458 976 2511 et
999 2447 1111 2512 dicitur·
1135 2467 1232 2532 moseq
1256 2451 1330 2533 iano,
1354 2469 1423 2513 cum
1448 2451 1588 2514 lectionis
1612 2453 1704 2514 inter·

372 2564 495 2638 ruptum
530 2567 666 2619 tenorem
701 2555 780 2619 aliud
816 2555 913 2619 adlruo
946 2556 1075 2620 inlatura
1110 2558 1282 2642 srrspeudlt,
1315 2569 1346 2621 et
1379 2569 1503 2622 uocatur
1537 2578 1553 2622 a
1582 2559 1704 2622 Graecis

374 2663 576 2749 layposligme,
600 2685 615 2727 a
642 2668 753 2728 nostris
776 2664 999 2729 subdistinctio.
1020 2662 1024 2746 l

897 2860 957 2929 DE
982 2860 1183 2930 Liburnis

292 3037 352 3090 rara
465 3009 577 3074 Littera
602 3012 673 3092 qnid
699 3009 767 3074 est?
805 3011 967 3074 llnilornris
991 3012 1099 3094 ligura,
1128 3031 1187 3093 qua
1211 3032 1280 3076 crim
1305 3013 1371 3078 aliis
1401 3013 1567 3096 [partibus]
1593 3013 1742 3077 aduersu

375 3135 591 3144 ---—-——·

248 3241 254 3252 ,
446 3192 462 3242 2
482 3184 616 3243 Definitio
640 3215 670 3228 -·
690 3193 707 3242 4
730 3186 804 3242 risus
827 3203 918 3256 capax
945 3187 1081 3243 Iulianus
1104 3187 1138 3242 de
1160 3188 1272 3243 muriae
1290 3205 1321 3260 p.
1347 3195 1386 3246 62
1411 3191 1451 3245 ed.
1471 3189 1566 3258 Rern„
1591 3207 1704 3263 mamert.

372 3268 421 3324 lot.
440 3284 465 3323 o.
493 3265 561 3337 Vp.
582 3273 646 3334 317,
666 3273 704 3324 21
724 3266 800 3324 uude
819 3267 919 3324 Audax
939 3267 1066 3324 definitio
1087 3267 1154 3340 quid
1174 3271 1219 3325 est
1236 3285 1292 3341 sqq.

445 3435 555 3502 equae
574 3431 610 3486 de
628 3431 659 3486 id
674 3431 781 3502 dequo
797 3430 835 3486 M
895 3431 1025 3487 discribit
1043 3431 1078 3486 M
1092 3431 1297 3504 disscripbltB
1362 3433 1457 3489 drisu
1475 3433 1503 3488 Β
1568 3433 1704 3506 bulioiin]

372 3511 519 3569 distinctio
538 3511 566 3568 B
623 3514 692 3568 dut
709 3517 780 3585 pota
798 3531 848 3570 om.
869 3515 911 3581 B,
930 3513 994 3569 add.
1016 3513 1053 3568 M
1107 3511 1369 3588 80ratio]'Diom.
1389 3533 1417 3587 p.
1438 3521 1506 3585 300,
1526 3521 1562 3572 19
1583 3513 1704 3570 Scaurus

373 3594 427 3664 sic,
446 3594 539 3651 oratic
558 3596 603 3651 est
621 3611 669 3650 ore
689 3595 776 3650 missa
794 3599 824 3652 ct
842 3614 893 3667 per
907 3595 1046 3650 dictiones
1061 3593 1193 3651 ordinatu
1211 3597 1406 3668 pronuntiatio
1425 3615 1480 3669 sqq.
1555 3613 1607 3669 per
1622 3613 1703 3669 argu·

373 3677 469 3732 menta
488 3675 672 3747 narrationis,
697 3695 768 3748 quoe
787 3681 886 3734 dmarrat
905 3677 983 3748 apud
1008 3676 1182 3733 Victorinum
1201 3684 1226 3733 et
1245 3679 1418 3746 Diomedem,
1441 3679 1539 3735 alelen-lt
1560 3677 1669 3734 utin-or
1685 3679 1702 3733 1.

372 3773 395 3814 c.
411 3775 442 3828 p.
462 3761 519 3814 307
593 3767 608 3815 0
629 3760 682 3818 lut.
702 3760 777 3817 unda
797 3761 875 3817 dicta
893 3757 992 3816 oratio.
1013 3757 1044 3814 R.
1065 3759 1157 3814 oratio
1177 3759 1259 3828 quasi
1280 3761 1318 3815 M
1394 3767 1426 3816 10
1446 3759 1607 3832 plausibilis
1627 3760 1703 3816 atric-

372 3841 438 3894 tura
457 3839 631 3908 (stricturam
651 3839 699 3908 M)
718 3841 754 3898 ad
775 3842 881 3898 exilum
901 3839 1054 3898 terminato
1069 3839 1140 3896 ΒΜ
1155 3839 1314 3910 plausibilia
1334 3845 1491 3900 structurae
1512 3843 1591 3898 exitu
1608 3841 1704 3898 termi-

373 3924 441 3978 nata
466 3921 492 3975 V
508 3927 534 3978 et
552 3921 699 3978 Diomedes
757 3928 789 3977 12
810 3923 859 3979 DE
879 3921 1144 3978 DISTINCTIONE
1165 3921 1218 3976 int.
1239 3921 1337 3978 littera
1355 3923 1422 3995 qnid
1443 3927 1486 3980 est
1510 3923 1541 3978 R.
1557 3921 1704 3977 uniformia

372 4002 465 4071 ligura
485 4003 523 4058 M
539 4004 648 4058 omnnia
665 4003 715 4059 lroc
734 4003 791 4059 loeo
819 4004 857 4058 a'ia
883 4019 954 4072 quoe
980 4007 1207 4073 supro-322,19
1231 4005 1263 4058 in
1282 4005 1514 4061 alimoniorum
1532 4004 1705 4074 transposito

373 4089 456 4138 cram
513 4091 545 4140 te
566 4083 699 4156 apposito
718 4086 826 4156 puncto
843 4085 914 4139 nota
932 4083 1006 4140 liniti
1025 4101 1123 4140 sensus
1142 4085 1190 4141 vel
1206 4085 1358 4156 pendentia
1376 4103 1457 4142 mora
1482 4083 1545 4140 Vei
1560 4083 1705 4139 Diomedes

371 4183 399 4235 p.
420 4165 825 4238 437,14,sdpositapuneto
850 4167 919 4222 noia
941 4164 1032 4221 linitio
1057 4182 1155 4222 sensns
1174 4166 1221 4222 uel
1245 4165 1397 4237 pendentis
1421 4183 1502 4224 mora
1519 4166 1548 4221 B
1573 4165 1705 4236 adposita

373 4253 479 4322 puncto
498 4251 566 4304 nota
585 4247 660 4303 finiti
679 4264 777 4303 seruus
795 4245 842 4302 uel
861 4244 1016 4317 pendentes
1036 4263 1116 4303 mora
1132 4247 1169 4303 M
1225 4254 1259 4302 14
1278 4245 1352 4312 Quot
1366 4247 1451 4320 locis]
1472 4245 1563 4304 modis
1583 4246 1654 4302 locis
1671 4245 1707 4300 M

427 4329 543 4404 quibus]
568 4328 702 4399 qualibus
727 4329 765 4384 M
843 4334 876 4382 tir
900 4329 929 4382 ei
952 4329 1072 4384 uocatur
1095 4327 1189 4383 finalis
1217 4330 1285 4382 nola
1309 4327 1337 4382 B
1360 4331 1391 4384 et
1413 4327 1509 4384 uocati
1532 4332 1602 4383 nolu
1622 4327 1659 4382 M
1677 4329 1705 4381 et

373 4415 492 4468 vocatur
510 4410 603 4466 finalia
623 4427 640 4466 a
660 4409 740 4466 nobis
765 4409 790 4463 i'
808 4415 832 4463 et
851 4407 997 4464 Diomedes
1012 4427 1043 4479 p.
1062 4413 1126 4478 437,
1146 4414 1183 4465 10
1239 4407 1321 4482 teliu]
1343 4409 1417 4465 celia
1437 4409 1474 4464 Μ
1530 4417 1563 4466 16
1583 4409 1703 4484 legenti]

373 4490 486 4564 legendi
508 4493 544 4547 M
616 4491 808 4562 interruptum
831 4493 961 4546 tenorem
984 4490 1144 4558 Diomedes,
1167 4489 1329 4560 interrupto
1353 4493 1453 4546 tenore
1473 4491 1512 4546 Μ
1532 4490 1703 4562 interruptio

373 4577 470 4631 tenore
489 4572 517 4628 B
593 4579 625 4630 lt
646 4571 738 4646 aliud]
758 4572 846 4628 aliurn
867 4571 903 4627 Μ
975 4577 1005 4628 et
1023 4575 1179 4627 uocatura
1203 4571 1313 4644 graecis
1339 4571 1517 4641 hyposticme
1540 4572 1617 4627 anaia
1641 4572 1703 4628 sob-

373 4651 520 4709 distinctio
534 4653 572 4720 B,
587 4670 637 4709 orn.
653 4653 690 4709 Μ
738 4649 1381 4723 10οΕ1,11’ΤΕ111801η.Μ.·ο1.ειιρνιι12
1429 4651 1628 4709 aounitormis
1646 4653 1704 4724 (qui
1729 4655 1733 4662 '

373 4731 470 4789 formis
489 4733 529 4803 B)
553 4735 643 4807 ligura
667 4751 829 4810 quaecum
854 4734 917 4790 aliis
943 4734 1072 4804 qsartilros
1098 4733 1208 4790 adnexa
1233 4751 1303 4790 noes
1327 4751 1427 4790 mensa
1453 4733 1551 4802 (mirra
1571 4733 1620 4804 M)
1639 4751 1702 4791 cou-

370 4814 560 4886 prehenditur
586 4815 658 4869 ΒΜ
681 4815 815 4887 figuratio
839 4815 994 4887 quaedum,
1023 4829 1080 4886 qua
1104 4831 1168 4874 cum
1192 4816 1257 4875 allis
1282 4815 1394 4874 uolnera
1417 4833 1470 4871 ros
1495 4814 1601 4871 emissa
1629 4833 1701 4872 com·

373 4894 558 4966 prehenditur
583 4895 607 4950 V
