<?xml version="1.0" encoding="UTF-8"?>
<!DOCTYPE html PUBLIC "-//W3C//DTD XHTML 1.0 Transitional//EN"
    "http://www.w3.org/TR/xhtml1/DTD/xhtml1-transitional.dtd">
<html xmlns="http://www.w3.org/1999/xhtml" xml:lang="en" lang="en">
 <head>
  <title>
</title>
<meta http-equiv="Content-Type" content="text/html;charset=utf-8" />
  <meta name='ocr-system' content='tesseract 3.04.00' />
  <meta name='ocr-capabilities' content='ocr_page ocr_carea ocr_par ocr_line ocrx_word'/>
</head>
<body>
  <div class='ocr_page' id='page_1' title='image "./grammaticilatin00unkngoog/grammaticilatin00unkngoog_0258.png"; bbox 0 0 3590 5486; ppageno 0'>
   <div class='ocr_carea' id='block_1_1' title="bbox 99 359 1442 508">
    <p class='ocr_par' dir='ltr' id='par_1_1' title="bbox 99 359 1442 508">
     <span class='ocr_line' id='line_1_1' title="bbox 595 359 1442 426; baseline 0.011 -9"><span class='ocrx_word' id='word_1_1' title='bbox 595 359 644 417; x_wconf 85' lang='lat' dir='ltr'>DE</span> <span class='ocrx_word' id='word_1_2' title='bbox 664 359 764 418; x_wconf 73' lang='lat' dir='ltr'>ARTE</span> <span class='ocrx_word' id='word_1_3' title='bbox 783 359 952 420; x_wconf 79' lang='lat' dir='ltr'>MLTRICA</span> <span class='ocrx_word' id='word_1_4' title='bbox 1374 359 1442 426; x_wconf 78' lang='grc'>243</span> 
     </span>
     <span class='ocr_line' id='line_1_2' title="bbox 99 459 293 508; baseline 0 -8"><span class='ocrx_word' id='word_1_5' title='bbox 99 470 121 508; x_wconf 75' lang='lat' dir='ltr'>p.</span> <span class='ocrx_word' id='word_1_6' title='bbox 137 460 253 503; x_wconf 71' lang='grc'>2885-67</span> <span class='ocrx_word' id='word_1_7' title='bbox 267 459 293 501; x_wconf 84' lang='grc' dir='ltr'>Ρ.</span> 
     </span>
    </p>
   </div>
   <div class='ocr_carea' id='block_1_2' title="bbox 5 543 1501 3131">
    <p class='ocr_par' dir='ltr' id='par_1_2' title="bbox 5 543 1501 3131">
     <span class='ocr_line' id='line_1_3' title="bbox 100 543 1441 632; baseline 0.004 -26"><span class='ocrx_word' id='word_1_8' title='bbox 100 544 164 628; x_wconf 90' lang='lat' dir='ltr'>lus,</span> <span class='ocrx_word' id='word_1_9' title='bbox 189 546 289 627; x_wconf 89' lang='lat' dir='ltr'>liquae</span> <span class='ocrx_word' id='word_1_10' title='bbox 314 543 481 629; x_wconf 88' lang='lat' dir='ltr'>spondens,</span> <span class='ocrx_word' id='word_1_11' title='bbox 511 548 603 608; x_wconf 90' lang='lat' dir='ltr'>ritere</span> <span class='ocrx_word' id='word_1_12' title='bbox 627 558 821 632; x_wconf 76' lang='lat' dir='ltr'>anapaestus,</span> <span class='ocrx_word' id='word_1_13' title='bbox 841 547 970 632; x_wconf 72' lang='lat' dir='ltr'>¹gnapoli</span> <span class='ocrx_word' id='word_1_14' title='bbox 984 556 1187 632; x_wconf 80' lang='lat' dir='ltr'>anapaestus.</span> <span class='ocrx_word' id='word_1_15' title='bbox 1225 548 1306 632; x_wconf 89' lang='lat' dir='ltr'>quod</span> <span class='ocrx_word' id='word_1_16' title='bbox 1331 549 1441 612; x_wconf 89' lang='lat' dir='ltr'>rationi</span> 
     </span>
     <span class='ocr_line' id='line_1_4' title="bbox 100 653 1441 740; baseline 0.001 -24"><span class='ocrx_word' id='word_1_17' title='bbox 100 653 242 716; x_wconf 86' lang='lat' dir='ltr'>eiusdem</span> <span class='ocrx_word' id='word_1_18' title='bbox 271 655 374 738; x_wconf 93' lang='lat' dir='ltr'>metri,</span> <span class='ocrx_word' id='word_1_19' title='bbox 408 656 440 716; x_wconf 93' lang='lat' dir='ltr'>ni</span> <span class='ocrx_word' id='word_1_20' title='bbox 471 653 566 738; x_wconf 92' lang='lat' dir='ltr'>lallor,</span> <span class='ocrx_word' id='word_1_21' title='bbox 594 658 695 720; x_wconf 89' lang='lat' dir='ltr'>minus</span> <span class='ocrx_word' id='word_1_22' title='bbox 723 657 844 722; x_wconf 87' lang='lat' dir='ltr'>ridetur</span> <span class='ocrx_word' id='word_1_23' title='bbox 871 675 940 720; x_wconf 88' lang='lat' dir='ltr'>esse</span> <span class='ocrx_word' id='word_1_24' title='bbox 971 657 1170 740; x_wconf 83' lang='lat' dir='ltr'>conveniens,</span> <span class='ocrx_word' id='word_1_25' title='bbox 1204 675 1275 720; x_wconf 88' lang='lat' dir='ltr'>cum</span> <span class='ocrx_word' id='word_1_26' title='bbox 1306 659 1441 720; x_wconf 84' lang='lat' dir='ltr'>universi</span> 
     </span>
     <span class='ocr_line' id='line_1_5' title="bbox 100 761 1441 844; baseline 0.003 -20"><span class='ocrx_word' id='word_1_27' title='bbox 100 765 155 843; x_wconf 91' lang='lat' dir='ltr'>qui</span> <span class='ocrx_word' id='word_1_28' title='bbox 186 761 245 824; x_wconf 88' lang='lat' dir='ltr'>hoc</span> <span class='ocrx_word' id='word_1_29' title='bbox 274 771 372 826; x_wconf 90' lang='lat' dir='ltr'>metro</span> <span class='ocrx_word' id='word_1_30' title='bbox 401 764 450 825; x_wconf 90' lang='lat' dir='ltr'>usi</span> <span class='ocrx_word' id='word_1_31' title='bbox 479 771 550 825; x_wconf 87' lang='lat' dir='ltr'>sunt</span> <span class='ocrx_word' id='word_1_32' title='bbox 578 781 701 827; x_wconf 77' lang='lat' dir='ltr'>versum</span> <span class='ocrx_word' id='word_1_33' title='bbox 729 783 850 827; x_wconf 88' lang='lat' dir='ltr'>omnem</span> <span class='ocrx_word' id='word_1_34' title='bbox 879 765 910 826; x_wconf 93' lang='lat' dir='ltr'>in</span> <span class='ocrx_word' id='word_1_35' title='bbox 939 762 1039 826; x_wconf 91' lang='lat' dir='ltr'>medio</span> <span class='ocrx_word' id='word_1_36' title='bbox 1063 762 1248 844; x_wconf 72' lang='lat' dir='ltr'>diviserint!</span> <span class='ocrx_word' id='word_1_37' title='bbox 1269 775 1300 828; x_wconf 90' lang='lat' dir='ltr'>et</span> <span class='ocrx_word' id='word_1_38' title='bbox 1323 764 1441 828; x_wconf 85' lang='lat' dir='ltr'>duabus</span> 
     </span>
     <span class='ocr_line' id='line_1_6' title="bbox 99 869 1440 955; baseline 0.004 -23"><span class='ocrx_word' id='word_1_39' title='bbox 99 869 362 951; x_wconf 88' lang='lat' dir='ltr'>penthememerls</span> <span class='ocrx_word' id='word_1_40' title='bbox 385 877 525 934; x_wconf 80' lang='lat' dir='ltr'>constare</span> <span class='ocrx_word' id='word_1_41' title='bbox 550 869 714 954; x_wconf 81' lang='lat' dir='ltr'>voluerint,</span> <span class='ocrx_word' id='word_1_42' title='bbox 738 890 868 953; x_wconf 86' lang='lat' dir='ltr'>quarum</span> <span class='ocrx_word' id='word_1_43' title='bbox 891 874 977 954; x_wconf 87' lang='lat' dir='ltr'>prior</span> <span class='ocrx_word' id='word_1_44' title='bbox 1001 870 1151 954; x_wconf 75' lang='lat' dir='ltr'>dactylum</span> <span class='ocrx_word' id='word_1_45' title='bbox 1180 873 1242 935; x_wconf 88' lang='lat' dir='ltr'>sire</span> <span class='ocrx_word' id='word_1_46' title='bbox 1271 874 1440 955; x_wconf 88' lang='lat' dir='ltr'>spondeum</span> 
     </span>
     <span class='ocr_line' id='line_1_7' title="bbox 73 977 1484 1070; baseline 0.004 -30"><span class='ocrx_word' id='word_1_47' title='bbox 73 977 234 1042; x_wconf 78' lang='lat' dir='ltr'>elidenter</span> <span class='ocrx_word' id='word_1_48' title='bbox 257 988 385 1062; x_wconf 88' lang='lat' dir='ltr'>utraque</span> <span class='ocrx_word' id='word_1_49' title='bbox 409 982 441 1042; x_wconf 91' lang='lat' dir='ltr'>in</span> <span class='ocrx_word' id='word_1_50' title='bbox 464 980 588 1062; x_wconf 78' lang='lat' dir='ltr'>regione</span> <span class='ocrx_word' id='word_1_51' title='bbox 614 981 778 1062; x_wconf 90' lang='lat' dir='ltr'>reciperet,</span> <span class='ocrx_word' id='word_1_52' title='bbox 801 983 953 1063; x_wconf 89' lang='lat' dir='ltr'>posterior</span> <span class='ocrx_word' id='word_1_53' title='bbox 977 980 1057 1044; x_wconf 86' lang='lat' dir='ltr'>solos</span> <span class='ocrx_word' id='word_1_54' title='bbox 1082 979 1215 1063; x_wconf 82' lang='lat' dir='ltr'>dactylos</span> <span class='ocrx_word' id='word_1_55' title='bbox 1246 982 1277 1045; x_wconf 92' lang='lat' dir='ltr'>ln</span> <span class='ocrx_word' id='word_1_56' title='bbox 1301 993 1440 1070; x_wconf 82' lang='lat' dir='ltr'>uuaque.</span> <span class='ocrx_word' id='word_1_57' title='bbox 1476 989 1484 1014; x_wconf 83' lang='lat'><em>‘</em></span> 
     </span>
     <span class='ocr_line' id='line_1_8' title="bbox 99 1087 1440 1173; baseline 0.004 -24"><span class='ocrx_word' id='word_1_58' title='bbox 99 1087 160 1150; x_wconf 89' lang='lat' dir='ltr'>lroc</span> <span class='ocrx_word' id='word_1_59' title='bbox 176 1097 279 1151; x_wconf 87' lang='lat' dir='ltr'>autem</span> <span class='ocrx_word' id='word_1_60' title='bbox 295 1099 326 1152; x_wconf 92' lang='lat' dir='ltr'>et</span> <span class='ocrx_word' id='word_1_61' title='bbox 344 1090 486 1171; x_wconf 87' lang='lat' dir='ltr'>superius</span> <span class='ocrx_word' id='word_1_62' title='bbox 506 1096 637 1151; x_wconf 90' lang='lat' dir='ltr'>metrum</span> <span class='ocrx_word' id='word_1_63' title='bbox 652 1087 706 1150; x_wconf 92' lang='lat' dir='ltr'>ubi</span> <span class='ocrx_word' id='word_1_64' title='bbox 724 1089 827 1151; x_wconf 87' lang='lat' dir='ltr'>iuncta</span> <span class='ocrx_word' id='word_1_65' title='bbox 847 1089 970 1173; x_wconf 87' lang='lat' dir='ltr'>inerint,</span> <span class='ocrx_word' id='word_1_66' title='bbox 984 1089 1150 1172; x_wconf 84' lang='lat' dir='ltr'>elegiacum</span> <span class='ocrx_word' id='word_1_67' title='bbox 1170 1107 1291 1154; x_wconf 88' lang='lat' dir='ltr'>carmen</span> <span class='ocrx_word' id='word_1_68' title='bbox 1307 1101 1440 1155; x_wconf 80' lang='lat' dir='ltr'>vocatur.</span> 
     </span>
     <span class='ocr_line' id='line_1_9' title="bbox 5 1179 1440 1283; baseline 0.003 -23"><span class='ocrx_word' id='word_1_69' title='bbox 5 1223 7 1236; x_wconf 93' lang='lat'><em>·</em></span> <span class='ocrx_word' id='word_1_70' title='bbox 99 1197 218 1280; x_wconf 79' lang='lat' dir='ltr'>elegias</span> <span class='ocrx_word' id='word_1_71' title='bbox 248 1215 377 1280; x_wconf 89' lang='lat' dir='ltr'>namque</span> <span class='ocrx_word' id='word_1_72' title='bbox 402 1179 538 1262; x_wconf 84' lang='lat' dir='ltr'>miseros¹</span> <span class='ocrx_word' id='word_1_73' title='bbox 554 1197 705 1282; x_wconf 88' lang='lat' dir='ltr'>appellant</span> <span class='ocrx_word' id='word_1_74' title='bbox 730 1197 916 1283; x_wconf 81' lang='lat' dir='ltr'>philosophi,</span> <span class='ocrx_word' id='word_1_75' title='bbox 939 1209 971 1263; x_wconf 94' lang='lat' dir='ltr'>et</span> <span class='ocrx_word' id='word_1_76' title='bbox 993 1199 1084 1263; x_wconf 91' lang='lat' dir='ltr'>huius</span> <span class='ocrx_word' id='word_1_77' title='bbox 1109 1198 1272 1263; x_wconf 85' lang='lat' dir='ltr'>modulatio</span> <span class='ocrx_word' id='word_1_78' title='bbox 1297 1203 1440 1264; x_wconf 79' lang='lat' dir='ltr'>conuiuis</span> 
     </span>
     <span class='ocr_line' id='line_1_10' title="bbox 100 1307 1439 1404; baseline 0.003 -35"><span class='ocrx_word' id='word_1_79' title='bbox 100 1309 287 1370; x_wconf 84' lang='lat' dir='ltr'>miserorum</span> <span class='ocrx_word' id='word_1_80' title='bbox 306 1309 512 1404; x_wconf 77' lang='lat' dir='ltr'>querimoniae</span> <span class='ocrx_word' id='word_1_81' title='bbox 528 1310 678 1391; x_wconf 81' lang='lat' dir='ltr'>congruit,</span> <span class='ocrx_word' id='word_1_82' title='bbox 697 1307 750 1371; x_wconf 88' lang='lat' dir='ltr'>obi</span> <span class='ocrx_word' id='word_1_83' title='bbox 769 1311 854 1390; x_wconf 91' lang='lat' dir='ltr'>prior</span> <span class='ocrx_word' id='word_1_84' title='bbox 868 1327 975 1372; x_wconf 84' lang='lat' dir='ltr'>versus</span> <span class='ocrx_word' id='word_1_85' title='bbox 990 1307 1174 1392; x_wconf 83' lang='lat' dir='ltr'>hexameter,</span> <span class='ocrx_word' id='word_1_86' title='bbox 1189 1327 1321 1391; x_wconf 87' lang='lat' dir='ltr'>sequens</span> <span class='ocrx_word' id='word_1_87' title='bbox 1335 1320 1439 1391; x_wconf 92' lang='lat' dir='ltr'>penta·</span> 
     </span>
     <span class='ocr_line' id='line_1_11' title="bbox 81 1415 1440 1504; baseline 0.003 -26"><span class='ocrx_word' id='word_1_88' title='bbox 81 1424 211 1494; x_wconf 83' lang='lat' dir='ltr'>meter.</span> <span class='ocrx_word' id='word_1_89' title='bbox 249 1435 309 1498; x_wconf 91' lang='lat' dir='ltr'>quo</span> <span class='ocrx_word' id='word_1_90' title='bbox 339 1435 451 1500; x_wconf 73' lang='lat' dir='ltr'>genere</span> <span class='ocrx_word' id='word_1_91' title='bbox 486 1419 576 1480; x_wconf 89' lang='lat' dir='ltr'>metri</span> <span class='ocrx_word' id='word_1_92' title='bbox 606 1417 710 1479; x_wconf 85' lang='lat' dir='ltr'>lerrrnt</span> <span class='ocrx_word' id='word_1_93' title='bbox 738 1419 889 1480; x_wconf 77' lang='lat' dir='ltr'>canhcnm</span> <span class='ocrx_word' id='word_1_94' title='bbox 920 1415 1148 1482; x_wconf 67' lang='lat' dir='ltr'>[deuteronomii</span> <span class='ocrx_word' id='word_1_95' title='bbox 1171 1418 1251 1501; x_wconf 88' lang='lat' dir='ltr'>apud</span> <span class='ocrx_word' id='word_1_96' title='bbox 1276 1417 1440 1504; x_wconf 88' lang='lat' dir='ltr'>llebraeos,</span> 
     </span>
     <span class='ocr_line' id='line_1_12' title="bbox 63 1523 1501 1609; baseline 0.006 -26"><span class='ocrx_word' id='word_1_97' title='bbox 63 1544 87 1583; x_wconf 84' lang='lat' dir='ltr'>ro</span> <span class='ocrx_word' id='word_1_98' title='bbox 100 1523 157 1588; x_wconf 89' lang='lat' dir='ltr'>sed</span> <span class='ocrx_word' id='word_1_99' title='bbox 182 1533 214 1588; x_wconf 90' lang='lat' dir='ltr'>et</span> <span class='ocrx_word' id='word_1_100' title='bbox 237 1525 368 1607; x_wconf 89' lang='lat' dir='ltr'>psalmos</span> <span class='ocrx_word' id='word_1_101' title='bbox 391 1524 511 1589; x_wconf 86' lang='lat' dir='ltr'>CXVlll</span> <span class='ocrx_word' id='word_1_102' title='bbox 534 1535 566 1590; x_wconf 89' lang='lat' dir='ltr'>et</span> <span class='ocrx_word' id='word_1_103' title='bbox 588 1524 723 1589; x_wconf 84' lang='lat' dir='ltr'>CXLllll</span> <span class='ocrx_word' id='word_1_104' title='bbox 753 1545 820 1589; x_wconf 89' lang='lat' dir='ltr'>esse</span> <span class='ocrx_word' id='word_1_105' title='bbox 844 1525 1023 1609; x_wconf 90' lang='lat' dir='ltr'>descriptos.</span> <span class='ocrx_word' id='word_1_106' title='bbox 1062 1545 1190 1609; x_wconf 89' lang='lat' dir='ltr'>namque</span> <span class='ocrx_word' id='word_1_107' title='bbox 1219 1527 1331 1591; x_wconf 89' lang='lat' dir='ltr'>librum</span> <span class='ocrx_word' id='word_1_108' title='bbox 1360 1528 1440 1592; x_wconf 88' lang='lat' dir='ltr'>beati</span> <span class='ocrx_word' id='word_1_109' title='bbox 1500 1525 1501 1530; x_wconf 69' lang='grc'>’</span> 
     </span>
     <span class='ocr_line' id='line_1_13' title="bbox 99 1631 1439 1718; baseline 0.005 -24"><span class='ocrx_word' id='word_1_110' title='bbox 99 1631 155 1694; x_wconf 89' lang='lat' dir='ltr'>lob</span> <span class='ocrx_word' id='word_1_111' title='bbox 180 1632 310 1715; x_wconf 84' lang='lat' dir='ltr'>simplici</span> <span class='ocrx_word' id='word_1_112' title='bbox 334 1634 509 1698; x_wconf 81' lang='lat' dir='ltr'>hexametro</span> <span class='ocrx_word' id='word_1_113' title='bbox 534 1637 682 1718; x_wconf 87' lang='lat' dir='ltr'>scriptum</span> <span class='ocrx_word' id='word_1_114' title='bbox 706 1653 774 1698; x_wconf 89' lang='lat' dir='ltr'>esse</span> <span class='ocrx_word' id='word_1_115' title='bbox 798 1635 984 1699; x_wconf 83' lang='lat' dir='ltr'>adseverant.</span> <span class='ocrx_word' id='word_1_116' title='bbox 1022 1635 1244 1700; x_wconf 77' lang='lat' dir='ltr'>observandum</span> <span class='ocrx_word' id='word_1_117' title='bbox 1267 1647 1315 1700; x_wconf 89' lang='lat' dir='ltr'>est</span> <span class='ocrx_word' id='word_1_118' title='bbox 1338 1646 1439 1701; x_wconf 90' lang='lat' dir='ltr'>autem</span> 
     </span>
     <span class='ocr_line' id='line_1_14' title="bbox 87 1741 1440 1827; baseline 0.005 -24"><span class='ocrx_word' id='word_1_119' title='bbox 87 1743 131 1804; x_wconf 59' lang='lat' dir='ltr'>»in</span> <span class='ocrx_word' id='word_1_120' title='bbox 159 1745 293 1805; x_wconf 89' lang='lat' dir='ltr'>carmine</span> <span class='ocrx_word' id='word_1_121' title='bbox 317 1741 450 1825; x_wconf 79' lang='lat' dir='ltr'>elegiaco</span> <span class='ocrx_word' id='word_1_122' title='bbox 475 1743 588 1826; x_wconf 88' lang='lat' dir='ltr'>nequid</span> <span class='ocrx_word' id='word_1_123' title='bbox 612 1763 756 1826; x_wconf 91' lang='lat' dir='ltr'>umquam</span> <span class='ocrx_word' id='word_1_124' title='bbox 780 1743 818 1807; x_wconf 90' lang='lat' dir='ltr'>de</span> <span class='ocrx_word' id='word_1_125' title='bbox 838 1763 929 1808; x_wconf 91' lang='lat' dir='ltr'>sensu</span> <span class='ocrx_word' id='word_1_126' title='bbox 949 1763 1056 1808; x_wconf 85' lang='lat' dir='ltr'>versus</span> <span class='ocrx_word' id='word_1_127' title='bbox 1079 1749 1262 1827; x_wconf 86' lang='lat' dir='ltr'>pentametri</span> <span class='ocrx_word' id='word_1_128' title='bbox 1286 1757 1440 1810; x_wconf 86' lang='lat' dir='ltr'>remaneat</span> 
     </span>
     <span class='ocr_line' id='line_1_15' title="bbox 99 1849 1438 1939; baseline 0.004 -27"><span class='ocrx_word' id='word_1_129' title='bbox 99 1849 332 1933; x_wconf 83' lang='lat' dir='ltr'>inexplicatum,</span> <span class='ocrx_word' id='word_1_130' title='bbox 357 1850 437 1933; x_wconf 90' lang='lat' dir='ltr'>quod</span> <span class='ocrx_word' id='word_1_131' title='bbox 466 1853 647 1934; x_wconf 85' lang='lat' dir='ltr'>insequente</span> <span class='ocrx_word' id='word_1_132' title='bbox 672 1871 761 1916; x_wconf 88' lang='lat' dir='ltr'>rersu</span> <span class='ocrx_word' id='word_1_133' title='bbox 786 1852 961 1916; x_wconf 89' lang='lat' dir='ltr'>hexametro</span> <span class='ocrx_word' id='word_1_134' title='bbox 986 1852 1139 1939; x_wconf 89' lang='lat' dir='ltr'>reddatur,</span> <span class='ocrx_word' id='word_1_135' title='bbox 1165 1853 1284 1917; x_wconf 80' lang='lat' dir='ltr'>sedvel</span> <span class='ocrx_word' id='word_1_136' title='bbox 1308 1864 1438 1936; x_wconf 90' lang='lat' dir='ltr'>uterque</span> 
     </span>
     <span class='ocr_line' id='line_1_16' title="bbox 101 1956 911 2036; baseline 0.006 -17"><span class='ocrx_word' id='word_1_137' title='bbox 101 1956 246 2020; x_wconf 84' lang='lat' dir='ltr'>sensibus</span> <span class='ocrx_word' id='word_1_138' title='bbox 270 1960 334 2021; x_wconf 89' lang='lat' dir='ltr'>suls</span> <span class='ocrx_word' id='word_1_139' title='bbox 360 1961 542 2022; x_wconf 89' lang='lat' dir='ltr'>terminetur</span> <span class='ocrx_word' id='word_1_140' title='bbox 565 1977 685 2036; x_wconf 84' lang='lat' dir='ltr'>versus,</span> <span class='ocrx_word' id='word_1_141' title='bbox 710 1971 745 2024; x_wconf 94' lang='lat' dir='ltr'>ut</span> <span class='ocrx_word' id='word_1_142' title='bbox 769 1960 911 2024; x_wconf 88' lang='lat' dir='ltr'>Sedulius</span> 
     </span>
     <span class='ocr_line' id='line_1_17' title="bbox 27 2069 1179 2153; baseline 0.001 -20"><span class='ocrx_word' id='word_1_143' title='bbox 27 2126 29 2133; x_wconf 93' lang='lat'><em>.</em></span> <span class='ocrx_word' id='word_1_144' title='bbox 63 2085 86 2125; x_wconf 83' lang='lat' dir='ltr'>n</span> <span class='ocrx_word' id='word_1_145' title='bbox 267 2075 455 2131; x_wconf 87' lang='lat' dir='ltr'>cantemus</span> <span class='ocrx_word' id='word_1_146' title='bbox 480 2071 573 2132; x_wconf 87' lang='lat' dir='ltr'>socii</span> <span class='ocrx_word' id='word_1_147' title='bbox 596 2069 755 2148; x_wconf 90' lang='lat' dir='ltr'>domino,</span> <span class='ocrx_word' id='word_1_148' title='bbox 780 2079 969 2134; x_wconf 86' lang='lat' dir='ltr'>cantemus</span> <span class='ocrx_word' id='word_1_149' title='bbox 992 2069 1179 2153; x_wconf 89' lang='lat' dir='ltr'>honorem,</span> 
     </span>
     <span class='ocr_line' id='line_1_18' title="bbox 116 2174 1183 2264; baseline 0.006 -28"><span class='ocrx_word' id='word_1_150' title='bbox 116 2245 120 2251; x_wconf 49' lang='grc'><strong>,</strong></span> <span class='ocrx_word' id='word_1_151' title='bbox 321 2174 441 2240; x_wconf 90' lang='lat' dir='ltr'>dulcis</span> <span class='ocrx_word' id='word_1_152' title='bbox 465 2194 564 2240; x_wconf 86' lang='lat' dir='ltr'>amor</span> <span class='ocrx_word' id='word_1_153' title='bbox 587 2175 727 2241; x_wconf 86' lang='lat' dir='ltr'>Christi</span> <span class='ocrx_word' id='word_1_154' title='bbox 752 2187 929 2260; x_wconf 89' lang='lat' dir='ltr'>personet</span> <span class='ocrx_word' id='word_1_155' title='bbox 953 2197 1014 2242; x_wconf 90' lang='lat' dir='ltr'>ore</span> <span class='ocrx_word' id='word_1_156' title='bbox 1038 2181 1112 2264; x_wconf 90' lang='lat' dir='ltr'>plo,</span> <span class='ocrx_word' id='word_1_157' title='bbox 1179 2176 1183 2184; x_wconf 89' lang='grc'><strong><em>’</em></strong></span> 
     </span>
     <span class='ocr_line' id='line_1_19' title="bbox 100 2284 1437 2371; baseline 0.006 -27"><span class='ocrx_word' id='word_1_158' title='bbox 100 2285 148 2348; x_wconf 88' lang='lat' dir='ltr'>rel</span> <span class='ocrx_word' id='word_1_159' title='bbox 172 2284 231 2348; x_wconf 90' lang='lat' dir='ltr'>sihi</span> <span class='ocrx_word' id='word_1_160' title='bbox 259 2293 365 2348; x_wconf 90' lang='lat' dir='ltr'>mutuo</span> <span class='ocrx_word' id='word_1_161' title='bbox 393 2287 478 2368; x_wconf 89' lang='lat' dir='ltr'>prior</span> <span class='ocrx_word' id='word_1_162' title='bbox 505 2286 680 2350; x_wconf 89' lang='lat' dir='ltr'>hexameter</span> <span class='ocrx_word' id='word_1_163' title='bbox 704 2306 738 2351; x_wconf 89' lang='lat' dir='ltr'>ac</span> <span class='ocrx_word' id='word_1_164' title='bbox 767 2298 957 2371; x_wconf 88' lang='lat' dir='ltr'>pentameter</span> <span class='ocrx_word' id='word_1_165' title='bbox 981 2287 1185 2371; x_wconf 89' lang='lat' dir='ltr'>subsequens,</span> <span class='ocrx_word' id='word_1_166' title='bbox 1212 2297 1303 2370; x_wconf 91' lang='lat' dir='ltr'>prout</span> <span class='ocrx_word' id='word_1_167' title='bbox 1331 2297 1437 2370; x_wconf 90' lang='lat' dir='ltr'>poetae</span> 
     </span>
     <span class='ocr_line' id='line_1_20' title="bbox 99 2394 875 2480; baseline 0.003 -23"><span class='ocrx_word' id='word_1_168' title='bbox 99 2394 264 2478; x_wconf 82' lang='lat' dir='ltr'>placuerit,</span> <span class='ocrx_word' id='word_1_169' title='bbox 287 2402 489 2458; x_wconf 89' lang='lat' dir='ltr'>conserantur</span> <span class='ocrx_word' id='word_1_170' title='bbox 512 2396 596 2458; x_wconf 90' lang='lat' dir='ltr'>iuxta</span> <span class='ocrx_word' id='word_1_171' title='bbox 620 2394 693 2458; x_wconf 89' lang='lat' dir='ltr'>illud</span> <span class='ocrx_word' id='word_1_172' title='bbox 718 2395 875 2480; x_wconf 86' lang='lat' dir='ltr'>Prosperi,</span> 
     </span>
     <span class='ocr_line' id='line_1_21' title="bbox 265 2503 1178 2590; baseline 0.002 -24"><span class='ocrx_word' id='word_1_173' title='bbox 265 2503 368 2567; x_wconf 91' lang='lat' dir='ltr'>solus</span> <span class='ocrx_word' id='word_1_174' title='bbox 390 2512 567 2587; x_wconf 90' lang='lat' dir='ltr'>peccator</span> <span class='ocrx_word' id='word_1_175' title='bbox 591 2507 708 2567; x_wconf 81' lang='lat' dir='ltr'>serait</span> <span class='ocrx_word' id='word_1_176' title='bbox 732 2505 838 2590; x_wconf 89' lang='lat' dir='ltr'>male,</span> <span class='ocrx_word' id='word_1_177' title='bbox 862 2509 923 2588; x_wconf 95' lang='lat' dir='ltr'>qul</span> <span class='ocrx_word' id='word_1_178' title='bbox 946 2505 1037 2570; x_wconf 91' lang='lat' dir='ltr'>licet</span> <span class='ocrx_word' id='word_1_179' title='bbox 1061 2505 1178 2589; x_wconf 91' lang='lat' dir='ltr'>amplo</span> 
     </span>
     <span class='ocr_line' id='line_1_22' title="bbox 62 2597 1086 2696; baseline 0.002 -21"><span class='ocrx_word' id='word_1_180' title='bbox 62 2625 86 2667; x_wconf 76' lang='lat'>²⁰</span> <span class='ocrx_word' id='word_1_181' title='bbox 320 2620 447 2676; x_wconf 84' lang='lat' dir='ltr'>utatur</span> <span class='ocrx_word' id='word_1_182' title='bbox 471 2631 597 2696; x_wconf 82' lang='lat' dir='ltr'>regno,</span> <span class='ocrx_word' id='word_1_183' title='bbox 621 2623 675 2677; x_wconf 88' lang='lat' dir='ltr'>sat</span> <span class='ocrx_word' id='word_1_184' title='bbox 699 2597 894 2678; x_wconf 86' lang='lat' dir='ltr'>miserest</span> <span class='ocrx_word' id='word_1_185' title='bbox 918 2615 1086 2679; x_wconf 88' lang='lat' dir='ltr'>lamulus.</span> 
     </span>
     <span class='ocr_line' id='line_1_23' title="bbox 100 2720 1435 2806; baseline 0.001 -24"><span class='ocrx_word' id='word_1_186' title='bbox 100 2737 170 2782; x_wconf 89' lang='lat' dir='ltr'>uam</span> <span class='ocrx_word' id='word_1_187' title='bbox 200 2729 364 2803; x_wconf 86' lang='lat' dir='ltr'>sequentes</span> <span class='ocrx_word' id='word_1_188' title='bbox 392 2720 548 2805; x_wconf 82' lang='lat' dir='ltr'>versiculi,</span> <span class='ocrx_word' id='word_1_189' title='bbox 576 2725 633 2786; x_wconf 87' lang='lat' dir='ltr'>etsi</span> <span class='ocrx_word' id='word_1_190' title='bbox 662 2721 708 2784; x_wconf 88' lang='lat' dir='ltr'>his</span> <span class='ocrx_word' id='word_1_191' title='bbox 737 2732 809 2786; x_wconf 91' lang='lat' dir='ltr'>sunt</span> <span class='ocrx_word' id='word_1_192' title='bbox 834 2721 1001 2806; x_wconf 88' lang='lat' dir='ltr'>subiuncti,</span> <span class='ocrx_word' id='word_1_193' title='bbox 1025 2723 1146 2786; x_wconf 87' lang='lat' dir='ltr'>sibimet</span> <span class='ocrx_word' id='word_1_194' title='bbox 1170 2731 1243 2786; x_wconf 89' lang='lat' dir='ltr'>sunt</span> <span class='ocrx_word' id='word_1_195' title='bbox 1267 2732 1367 2786; x_wconf 91' lang='lat' dir='ltr'>tamen</span> <span class='ocrx_word' id='word_1_196' title='bbox 1391 2724 1435 2784; x_wconf 93' lang='lat' dir='ltr'>in·</span> 
     </span>
     <span class='ocr_line' id='line_1_24' title="bbox 101 2807 1358 2913; baseline 0.004 -25"><span class='ocrx_word' id='word_1_197' title='bbox 101 2829 198 2889; x_wconf 87' lang='lat' dir='ltr'>ricem</span> <span class='ocrx_word' id='word_1_198' title='bbox 222 2807 379 2891; x_wconf 77' lang='lat' dir='ltr'>coniuncti</span> <span class='ocrx_word' id='word_1_199' title='bbox 402 2838 433 2892; x_wconf 94' lang='lat' dir='ltr'>et</span> <span class='ocrx_word' id='word_1_200' title='bbox 457 2827 612 2900; x_wconf 81' lang='lat' dir='ltr'>secrrndus¹</span> <span class='ocrx_word' id='word_1_201' title='bbox 633 2832 732 2913; x_wconf 90' lang='lat' dir='ltr'>primo</span> <span class='ocrx_word' id='word_1_202' title='bbox 757 2829 807 2892; x_wconf 89' lang='lat' dir='ltr'>dat</span> <span class='ocrx_word' id='word_1_203' title='bbox 832 2830 1088 2912; x_wconf 86' lang='lat' dir='ltr'>supplementum:</span> <span class='ocrx_word' id='word_1_204' title='bbox 1114 2834 1253 2913; x_wconf 89' lang='lat' dir='ltr'>sequitur</span> <span class='ocrx_word' id='word_1_205' title='bbox 1277 2835 1358 2904; x_wconf 83' lang='lat' dir='ltr'>enim</span> 
     </span>
     <span class='ocr_line' id='line_1_25' title="bbox 267 2939 1220 3023; baseline 0.005 -26"><span class='ocrx_word' id='word_1_206' title='bbox 267 2954 346 2998; x_wconf 79' lang='lat' dir='ltr'>carm</span> <span class='ocrx_word' id='word_1_207' title='bbox 370 2954 470 3001; x_wconf 88' lang='lat' dir='ltr'>meus</span> <span class='ocrx_word' id='word_1_208' title='bbox 494 2939 633 3003; x_wconf 91' lang='lat' dir='ltr'>carnali</span> <span class='ocrx_word' id='word_1_209' title='bbox 657 2941 807 3008; x_wconf 89' lang='lat' dir='ltr'>nimium</span> <span class='ocrx_word' id='word_1_210' title='bbox 831 2939 1039 3004; x_wconf 84' lang='lat' dir='ltr'>dominante</span> <span class='ocrx_word' id='word_1_211' title='bbox 1066 2951 1220 3023; x_wconf 84' lang='lat' dir='ltr'>tyranno</span> 
     </span>
     <span class='ocr_line' id='line_1_26' title="bbox 320 3046 1112 3131; baseline 0.006 -24"><span class='ocrx_word' id='word_1_212' title='bbox 320 3052 375 3107; x_wconf 91' lang='lat' dir='ltr'>tot</span> <span class='ocrx_word' id='word_1_213' title='bbox 399 3049 518 3110; x_wconf 83' lang='lat' dir='ltr'>servit</span> <span class='ocrx_word' id='word_1_214' title='bbox 541 3049 716 3130; x_wconf 85' lang='lat' dir='ltr'>sceptris,</span> <span class='ocrx_word' id='word_1_215' title='bbox 741 3046 866 3111; x_wconf 89' lang='lat' dir='ltr'>dedita</span> <span class='ocrx_word' id='word_1_216' title='bbox 891 3058 979 3131; x_wconf 94' lang='lat' dir='ltr'>quot</span> <span class='ocrx_word' id='word_1_217' title='bbox 1002 3051 1112 3112; x_wconf 82' lang='lat' dir='ltr'>vitiis.</span> 
     </span>
    </p>
   </div>
   <div class='ocr_carea' id='block_1_3' title="bbox 61 3192 1118 3262">
    <p class='ocr_par' dir='ltr' id='par_1_3' title="bbox 61 3192 1118 3262">
     <span class='ocr_line' id='line_1_27' title="bbox 61 3192 1118 3262; baseline 0.008 -16"><span class='ocrx_word' id='word_1_218' title='bbox 61 3207 86 3246; x_wconf 74' lang='lat' dir='ltr'>aa</span> <span class='ocrx_word' id='word_1_219' title='bbox 425 3192 526 3262; x_wconf 77' lang='lat' dir='ltr'><strong>QVAE</strong></span> <span class='ocrx_word' id='word_1_220' title='bbox 546 3193 604 3250; x_wconf 74' lang='lat' dir='ltr'>stu</span> <span class='ocrx_word' id='word_1_221' title='bbox 625 3193 769 3251; x_wconf 83' lang='grc' dir='ltr'><strong>ΟΡΤΙΜΔ</strong></span> <span class='ocrx_word' id='word_1_222' title='bbox 789 3195 969 3254; x_wconf 79' lang='lat' dir='ltr'>CARMINIS</span> <span class='ocrx_word' id='word_1_223' title='bbox 989 3195 1118 3254; x_wconf 74' lang='lat' dir='ltr'>sortita</span> 
     </span>
    </p>
   </div>
   <div class='ocr_carea' id='block_1_4' title="bbox 61 3289 1479 4806">
    <p class='ocr_par' dir='ltr' id='par_1_4' title="bbox 99 3289 1479 3712">
     <span class='ocr_line' id='line_1_28' title="bbox 191 3289 1435 3385; baseline 0.004 -23"><span class='ocrx_word' id='word_1_224' title='bbox 191 3301 230 3362; x_wconf 81' lang='lat' dir='ltr'>at</span> <span class='ocrx_word' id='word_1_225' title='bbox 249 3316 321 3361; x_wconf 84' lang='lat' dir='ltr'>vero</span> <span class='ocrx_word' id='word_1_226' title='bbox 341 3301 373 3362; x_wconf 91' lang='lat' dir='ltr'>in</span> <span class='ocrx_word' id='word_1_227' title='bbox 397 3289 572 3362; x_wconf 76' lang='lat' dir='ltr'>hexametro</span> <span class='ocrx_word' id='word_1_228' title='bbox 592 3303 726 3364; x_wconf 89' lang='lat' dir='ltr'>carmine</span> <span class='ocrx_word' id='word_1_229' title='bbox 746 3305 955 3365; x_wconf 87' lang='lat' dir='ltr'>concatenatio</span> <span class='ocrx_word' id='word_1_230' title='bbox 974 3320 1118 3366; x_wconf 82' lang='lat' dir='ltr'>versuum</span> <span class='ocrx_word' id='word_1_231' title='bbox 1137 3301 1338 3385; x_wconf 89' lang='lat' dir='ltr'>plurimorum</span> <span class='ocrx_word' id='word_1_232' title='bbox 1358 3302 1435 3367; x_wconf 91' lang='lat' dir='ltr'>solet</span> 
     </span>
     <span class='ocr_line' id='line_1_29' title="bbox 99 3408 1479 3495; baseline 0.002 -25"><span class='ocrx_word' id='word_1_233' title='bbox 99 3425 167 3470; x_wconf 88' lang='lat' dir='ltr'>esse</span> <span class='ocrx_word' id='word_1_234' title='bbox 192 3409 377 3492; x_wconf 78' lang='lat' dir='ltr'>gratissima,</span> <span class='ocrx_word' id='word_1_235' title='bbox 399 3408 480 3490; x_wconf 92' lang='lat' dir='ltr'>quod</span> <span class='ocrx_word' id='word_1_236' title='bbox 505 3411 536 3472; x_wconf 93' lang='lat' dir='ltr'>in</span> <span class='ocrx_word' id='word_1_237' title='bbox 557 3411 682 3473; x_wconf 71' lang='lat' dir='ltr'>aratore</span> <span class='ocrx_word' id='word_1_238' title='bbox 708 3409 885 3474; x_wconf 83' lang='lat' dir='ltr'>et·sedutio</span> <span class='ocrx_word' id='word_1_239' title='bbox 910 3411 1055 3492; x_wconf 82' lang='lat' dir='ltr'>frequens</span> <span class='ocrx_word' id='word_1_240' title='bbox 1076 3413 1228 3495; x_wconf 81' lang='lat' dir='ltr'>invenies,</span> <span class='ocrx_word' id='word_1_241' title='bbox 1253 3411 1341 3474; x_wconf 87' lang='lat' dir='ltr'>modo</span> <span class='ocrx_word' id='word_1_242' title='bbox 1361 3410 1434 3473; x_wconf 91' lang='lat' dir='ltr'>duo·</span> <span class='ocrx_word' id='word_1_243' title='bbox 1476 3459 1479 3464; x_wconf 89' lang='lat'>.</span> 
     </span>
     <span class='ocr_line' id='line_1_30' title="bbox 99 3516 1434 3601; baseline 0.002 -22"><span class='ocrx_word' id='word_1_244' title='bbox 99 3516 171 3599; x_wconf 89' lang='lat' dir='ltr'>bns,</span> <span class='ocrx_word' id='word_1_245' title='bbox 200 3516 290 3580; x_wconf 90' lang='lat' dir='ltr'>modo</span> <span class='ocrx_word' id='word_1_246' title='bbox 319 3517 431 3600; x_wconf 87' lang='lat' dir='ltr'>tribus,</span> <span class='ocrx_word' id='word_1_247' title='bbox 460 3517 548 3580; x_wconf 90' lang='lat' dir='ltr'>modo</span> <span class='ocrx_word' id='word_1_248' title='bbox 569 3521 721 3601; x_wconf 84' lang='lat' dir='ltr'>&#39;quattuor</span> <span class='ocrx_word' id='word_1_249' title='bbox 750 3528 801 3582; x_wconf 89' lang='lat' dir='ltr'>aut</span> <span class='ocrx_word' id='word_1_250' title='bbox 832 3521 967 3600; x_wconf 90' lang='lat' dir='ltr'>quinque</span> <span class='ocrx_word' id='word_1_251' title='bbox 997 3517 1148 3601; x_wconf 82' lang='lat' dir='ltr'>versibus,</span> <span class='ocrx_word' id='word_1_252' title='bbox 1180 3537 1240 3582; x_wconf 91' lang='lat' dir='ltr'>non</span> <span class='ocrx_word' id='word_1_253' title='bbox 1270 3537 1434 3601; x_wconf 87' lang='lat' dir='ltr'>numquam</span> 
     </span>
     <span class='ocr_line' id='line_1_31' title="bbox 99 3625 1383 3712; baseline 0.004 -26"><span class='ocrx_word' id='word_1_254' title='bbox 99 3644 152 3687; x_wconf 90' lang='lat' dir='ltr'>sex</span> <span class='ocrx_word' id='word_1_255' title='bbox 177 3625 224 3688; x_wconf 89' lang='lat' dir='ltr'>vel</span> <span class='ocrx_word' id='word_1_256' title='bbox 249 3633 365 3708; x_wconf 89' lang='lat' dir='ltr'>septem</span> <span class='ocrx_word' id='word_1_257' title='bbox 391 3625 550 3690; x_wconf 80' lang='lat' dir='ltr'>ueletiam</span> <span class='ocrx_word' id='word_1_258' title='bbox 575 3627 713 3710; x_wconf 88' lang='lat' dir='ltr'>pluribus</span> <span class='ocrx_word' id='word_1_259' title='bbox 737 3626 773 3688; x_wconf 88' lang='lat' dir='ltr'>ad</span> <span class='ocrx_word' id='word_1_260' title='bbox 798 3628 927 3689; x_wconf 85' lang='lat' dir='ltr'>invicem</span> <span class='ocrx_word' id='word_1_261' title='bbox 951 3630 1088 3711; x_wconf 88' lang='lat' dir='ltr'>conexis,</span> <span class='ocrx_word' id='word_1_262' title='bbox 1112 3627 1199 3709; x_wconf 90' lang='lat' dir='ltr'>quale</span> <span class='ocrx_word' id='word_1_263' title='bbox 1224 3637 1271 3690; x_wconf 89' lang='lat' dir='ltr'>est</span> <span class='ocrx_word' id='word_1_264' title='bbox 1294 3626 1383 3712; x_wconf 88' lang='lat' dir='ltr'>illud,</span> 
     </span>
    </p>

    <p class='ocr_par' dir='ltr' id='par_1_5' title="bbox 61 3733 1349 4360">
     <span class='ocr_line' id='line_1_32' title="bbox 61 3733 1313 3820; baseline 0.002 -24"><span class='ocrx_word' id='word_1_265' title='bbox 61 3747 85 3787; x_wconf 61' lang='grc' dir='ltr'><em>ω</em></span> <span class='ocrx_word' id='word_1_266' title='bbox 263 3733 356 3798; x_wconf 90' lang='lat' dir='ltr'>Loth</span> <span class='ocrx_word' id='word_1_267' title='bbox 379 3733 556 3798; x_wconf 90' lang='lat' dir='ltr'>Sodomae</span> <span class='ocrx_word' id='word_1_268' title='bbox 582 3737 748 3816; x_wconf 78' lang='lat' dir='ltr'>lugiente</span> <span class='ocrx_word' id='word_1_269' title='bbox 773 3734 896 3818; x_wconf 89' lang='lat' dir='ltr'>chaos,</span> <span class='ocrx_word' id='word_1_270' title='bbox 920 3734 1003 3798; x_wconf 90' lang='lat' dir='ltr'>dum</span> <span class='ocrx_word' id='word_1_271' title='bbox 1028 3738 1185 3818; x_wconf 87' lang='lat' dir='ltr'>respicit</span> <span class='ocrx_word' id='word_1_272' title='bbox 1209 3754 1313 3820; x_wconf 88' lang='lat' dir='ltr'>uxor,</span> 
     </span>
     <span class='ocr_line' id='line_1_33' title="bbox 263 3835 1205 3928; baseline 0.002 -22"><span class='ocrx_word' id='word_1_273' title='bbox 263 3845 299 3906; x_wconf 91' lang='lat' dir='ltr'>in</span> <span class='ocrx_word' id='word_1_274' title='bbox 322 3835 479 3906; x_wconf 87' lang='lat' dir='ltr'>statuam</span> <span class='ocrx_word' id='word_1_275' title='bbox 504 3851 640 3905; x_wconf 89' lang='lat' dir='ltr'>mutata</span> <span class='ocrx_word' id='word_1_276' title='bbox 664 3841 753 3904; x_wconf 92' lang='lat' dir='ltr'>salis</span> <span class='ocrx_word' id='word_1_277' title='bbox 778 3843 991 3924; x_wconf 78' lang='lat' dir='ltr'>stupefacta</span> <span class='ocrx_word' id='word_1_278' title='bbox 1015 3847 1205 3928; x_wconf 89' lang='lat' dir='ltr'>remansit,</span> 
     </span>
     <span class='ocr_line' id='line_1_34' title="bbox 262 3950 1283 4032; baseline 0.004 -20"><span class='ocrx_word' id='word_1_279' title='bbox 262 3950 304 4013; x_wconf 90' lang='lat' dir='ltr'>ad</span> <span class='ocrx_word' id='word_1_280' title='bbox 328 3969 478 4032; x_wconf 88' lang='lat' dir='ltr'>poenam</span> <span class='ocrx_word' id='word_1_281' title='bbox 502 3967 681 4012; x_wconf 83' lang='lat' dir='ltr'>conversa</span> <span class='ocrx_word' id='word_1_282' title='bbox 705 3967 819 4032; x_wconf 89' lang='lat' dir='ltr'>suam,</span> <span class='ocrx_word' id='word_1_283' title='bbox 843 3952 926 4031; x_wconf 93' lang='lat' dir='ltr'>quia</span> <span class='ocrx_word' id='word_1_284' title='bbox 950 3970 1053 4015; x_wconf 88' lang='lat' dir='ltr'>nemo</span> <span class='ocrx_word' id='word_1_285' title='bbox 1078 3963 1283 4016; x_wconf 88' lang='lat' dir='ltr'>retrorsum</span> 
     </span>
     <span class='ocr_line' id='line_1_35' title="bbox 263 4057 1151 4142; baseline 0.006 -22"><span class='ocrx_word' id='word_1_286' title='bbox 263 4061 369 4121; x_wconf 86' lang='lat' dir='ltr'>noxia</span> <span class='ocrx_word' id='word_1_287' title='bbox 393 4061 594 4141; x_wconf 90' lang='lat' dir='ltr'>contempti</span> <span class='ocrx_word' id='word_1_288' title='bbox 620 4059 741 4122; x_wconf 80' lang='lat' dir='ltr'>vitans</span> <span class='ocrx_word' id='word_1_289' title='bbox 764 4058 977 4122; x_wconf 89' lang='lat' dir='ltr'>discrimina</span> <span class='ocrx_word' id='word_1_290' title='bbox 1003 4061 1125 4124; x_wconf 87' lang='lat' dir='ltr'>mundi</span> <span class='ocrx_word' id='word_1_291' title='bbox 1146 4057 1151 4142; x_wconf 86' lang='grc' dir='ltr'>Ι</span> 
     </span>
     <span class='ocr_line' id='line_1_36' title="bbox 263 4165 1149 4250; baseline 0.003 -21"><span class='ocrx_word' id='word_1_292' title='bbox 263 4168 450 4250; x_wconf 88' lang='lat' dir='ltr'>aspiciens</span> <span class='ocrx_word' id='word_1_293' title='bbox 474 4165 670 4230; x_wconf 84' lang='lat' dir='ltr'>salvandus</span> <span class='ocrx_word' id='word_1_294' title='bbox 695 4169 778 4248; x_wconf 91' lang='lat' dir='ltr'>erlt,</span> <span class='ocrx_word' id='word_1_295' title='bbox 802 4185 868 4230; x_wconf 87' lang='lat' dir='ltr'>nec</span> <span class='ocrx_word' id='word_1_296' title='bbox 893 4168 1002 4232; x_wconf 89' lang='lat' dir='ltr'>dehet</span> <span class='ocrx_word' id='word_1_297' title='bbox 1026 4179 1149 4233; x_wconf 89' lang='lat' dir='ltr'>arator</span> 
     </span>
     <span class='ocr_line' id='line_1_37' title="bbox 263 4274 1349 4360; baseline 0.003 -22"><span class='ocrx_word' id='word_1_298' title='bbox 263 4275 409 4358; x_wconf 78' lang='lat' dir='ltr'>dignum</span> <span class='ocrx_word' id='word_1_299' title='bbox 432 4293 523 4358; x_wconf 89' lang='lat' dir='ltr'>opus</span> <span class='ocrx_word' id='word_1_300' title='bbox 548 4295 725 4339; x_wconf 88' lang='lat' dir='ltr'>exercens</span> <span class='ocrx_word' id='word_1_301' title='bbox 750 4274 891 4340; x_wconf 82' lang='lat' dir='ltr'>ruitum</span> <span class='ocrx_word' id='word_1_302' title='bbox 915 4279 950 4339; x_wconf 89' lang='lat' dir='ltr'>iu</span> <span class='ocrx_word' id='word_1_303' title='bbox 975 4295 1039 4341; x_wconf 90' lang='lat' dir='ltr'>sua</span> <span class='ocrx_word' id='word_1_304' title='bbox 1064 4287 1165 4360; x_wconf 78' lang='lat' dir='ltr'>terga</span> <span class='ocrx_word' id='word_1_305' title='bbox 1190 4278 1349 4343; x_wconf 82' lang='lat' dir='ltr'>referre:</span> 
     </span>
    </p>

    <p class='ocr_par' dir='ltr' id='par_1_6' title="bbox 99 4412 1433 4806">
     <span class='ocr_line' id='line_1_38' title="bbox 188 4412 1433 4490; baseline 0.004 -20"><span class='ocrx_word' id='word_1_306' title='bbox 188 4421 205 4470; x_wconf 99' lang='grc'><strong>3</strong></span> <span class='ocrx_word' id='word_1_307' title='bbox 226 4429 339 4470; x_wconf 85' lang='lat' dir='ltr'>omnem</span> <span class='ocrx_word' id='word_1_308' title='bbox 360 4413 421 4484; x_wconf 75' lang='lat' dir='ltr'>Psi</span> <span class='ocrx_word' id='word_1_309' title='bbox 437 4419 501 4472; x_wconf 67' lang='lat' dir='ltr'>omi</span> <span class='ocrx_word' id='word_1_310' title='bbox 520 4413 560 4483; x_wconf 87' lang='lat' dir='ltr'>L,</span> <span class='ocrx_word' id='word_1_311' title='bbox 580 4430 631 4471; x_wconf 83' lang='lat' dir='ltr'>om.</span> <span class='ocrx_word' id='word_1_312' title='bbox 653 4412 685 4468; x_wconf 83' lang='lat' dir='ltr'><em>F</em></span> <span class='ocrx_word' id='word_1_313' title='bbox 772 4412 880 4470; x_wconf 65' lang='lat' dir='ltr'>dimac</span> <span class='ocrx_word' id='word_1_314' title='bbox 901 4414 930 4471; x_wconf 96' lang='lat' dir='ltr'><strong><em>P</em></strong></span> <span class='ocrx_word' id='word_1_315' title='bbox 1020 4423 1037 4472; x_wconf 84' lang='lat'>4</span> <span class='ocrx_word' id='word_1_316' title='bbox 1056 4415 1268 4489; x_wconf 82' lang='lat' dir='ltr'>pentimemsria</span> <span class='ocrx_word' id='word_1_317' title='bbox 1288 4417 1319 4474; x_wconf 82' lang='lat' dir='ltr'><em>F</em></span> <span class='ocrx_word' id='word_1_318' title='bbox 1335 4419 1433 4490; x_wconf 81' lang='lat' dir='ltr'>pente·</span> 
     </span>
     <span class='ocr_line' id='line_1_39' title="bbox 99 4493 1432 4570; baseline 0.007 -20"><span class='ocrx_word' id='word_1_319' title='bbox 99 4495 231 4554; x_wconf 76' lang='lat' dir='ltr'>memoria</span> <span class='ocrx_word' id='word_1_320' title='bbox 249 4495 276 4551; x_wconf 98' lang='lat' dir='ltr'><strong><em>L</em></strong></span> <span class='ocrx_word' id='word_1_321' title='bbox 295 4493 503 4568; x_wconf 83' lang='lat' dir='ltr'>pentimemixis</span> <span class='ocrx_word' id='word_1_322' title='bbox 523 4495 552 4550; x_wconf 94' lang='lat' dir='ltr'><strong><em>P</em></strong></span> <span class='ocrx_word' id='word_1_323' title='bbox 613 4493 690 4567; x_wconf 76' lang='lat' dir='ltr'>dei]</span> <span class='ocrx_word' id='word_1_324' title='bbox 711 4497 745 4552; x_wconf 82' lang='lat' dir='ltr'>ui</span> <span class='ocrx_word' id='word_1_325' title='bbox 763 4495 792 4549; x_wconf 94' lang='lat' dir='ltr'><strong><em>P</em></strong></span> <span class='ocrx_word' id='word_1_326' title='bbox 852 4496 975 4555; x_wconf 82' lang='lat' dir='ltr'>eliseum</span> <span class='ocrx_word' id='word_1_327' title='bbox 996 4497 1025 4552; x_wconf 93' lang='lat' dir='ltr'><strong><em>P</em></strong></span> <span class='ocrx_word' id='word_1_328' title='bbox 1091 4496 1234 4570; x_wconf 76' lang='lat' dir='ltr'>ialegios</span> <span class='ocrx_word' id='word_1_329' title='bbox 1254 4497 1316 4554; x_wconf 82' lang='lat' dir='ltr'>FL</span> <span class='ocrx_word' id='word_1_330' title='bbox 1336 4499 1432 4559; x_wconf 73' lang='lat' dir='ltr'>staca</span> 
     </span>
     <span class='ocr_line' id='line_1_40' title="bbox 99 4573 1432 4653; baseline 0.007 -22"><span class='ocrx_word' id='word_1_331' title='bbox 99 4591 167 4632; x_wconf 74' lang='lat' dir='ltr'>corr.</span> <span class='ocrx_word' id='word_1_332' title='bbox 187 4575 286 4649; x_wconf 73' lang='lat' dir='ltr'>elegos</span> <span class='ocrx_word' id='word_1_333' title='bbox 305 4575 334 4632; x_wconf 91' lang='lat' dir='ltr'><strong><em>P</em></strong></span> <span class='ocrx_word' id='word_1_334' title='bbox 349 4576 471 4636; x_wconf 81' lang='lat' dir='ltr'>elsioss</span> <span class='ocrx_word' id='word_1_335' title='bbox 549 4573 725 4648; x_wconf 89' lang='lat' dir='ltr'>philosophi]</span> <span class='ocrx_word' id='word_1_336' title='bbox 745 4576 878 4647; x_wconf 77' lang='lat' dir='ltr'>graecis</span> <span class='ocrx_word' id='word_1_337' title='bbox 956 4577 1191 4648; x_wconf 74' lang='lat' dir='ltr'>aquaerimonia</span> <span class='ocrx_word' id='word_1_338' title='bbox 1209 4578 1241 4634; x_wconf 84' lang='lat' dir='ltr'><em>F</em></span> <span class='ocrx_word' id='word_1_339' title='bbox 1311 4598 1432 4653; x_wconf 86' lang='lat' dir='ltr'>aequem</span> 
     </span>
     <span class='ocr_line' id='line_1_41' title="bbox 99 4655 1430 4732; baseline 0.003 -18"><span class='ocrx_word' id='word_1_340' title='bbox 99 4657 401 4732; x_wconf 76' lang='lat' dir='ltr'>eaipeniameiersP</span> <span class='ocrx_word' id='word_1_341' title='bbox 454 4656 610 4716; x_wconf 83' lang='lat' dir='ltr'>lonamL</span> <span class='ocrx_word' id='word_1_342' title='bbox 668 4655 1019 4716; x_wconf 76' lang='lat' dir='ltr'>ldmorLPhonorF</span> <span class='ocrx_word' id='word_1_343' title='bbox 1073 4665 1105 4718; x_wconf 81' lang='grc'>13</span> <span class='ocrx_word' id='word_1_344' title='bbox 1116 4663 1302 4720; x_wconf 78' lang='lat' dir='ltr'>conserantur</span> <span class='ocrx_word' id='word_1_345' title='bbox 1314 4663 1430 4720; x_wconf 77' lang='lat' dir='ltr'>iuxteL</span> 
     </span>
     <span class='ocr_line' id='line_1_42' title="bbox 99 4737 1386 4806; baseline 0.002 -9"><span class='ocrx_word' id='word_1_346' title='bbox 99 4742 284 4797; x_wconf 71' lang='lat' dir='ltr'>contemptur</span> <span class='ocrx_word' id='word_1_347' title='bbox 297 4743 330 4796; x_wconf 84' lang='lat' dir='ltr'>ut</span> <span class='ocrx_word' id='word_1_348' title='bbox 343 4740 422 4797; x_wconf 83' lang='lat' dir='ltr'>iuxta</span> <span class='ocrx_word' id='word_1_349' title='bbox 438 4737 468 4796; x_wconf 85' lang='lat' dir='ltr'><em>F</em></span> <span class='ocrx_word' id='word_1_350' title='bbox 481 4740 667 4797; x_wconf 84' lang='lat' dir='ltr'>conseruntur</span> <span class='ocrx_word' id='word_1_351' title='bbox 680 4737 762 4794; x_wconf 85' lang='lat' dir='ltr'>iuxta</span> <span class='ocrx_word' id='word_1_352' title='bbox 776 4739 827 4799; x_wconf 82' lang='lat' dir='ltr'>sP</span> <span class='ocrx_word' id='word_1_353' title='bbox 887 4747 922 4797; x_wconf 75' lang='lat'>20</span> <span class='ocrx_word' id='word_1_354' title='bbox 936 4741 1033 4797; x_wconf 63' lang='lat' dir='ltr'>amtor</span> <span class='ocrx_word' id='word_1_355' title='bbox 1048 4740 1080 4796; x_wconf 85' lang='lat' dir='ltr'><strong><em>F</em></strong></span> <span class='ocrx_word' id='word_1_356' title='bbox 1146 4747 1179 4798; x_wconf 77' lang='lat'>21</span> <span class='ocrx_word' id='word_1_357' title='bbox 1198 4743 1319 4802; x_wconf 75' lang='lat' dir='ltr'>subiecti</span> <span class='ocrx_word' id='word_1_358' title='bbox 1334 4746 1386 4806; x_wconf 85' lang='grc' dir='ltr'>ςΡ</span> 
     </span>
    </p>
   </div>
   <div class='ocr_carea' id='block_1_5' title="bbox 100 4819 1434 4978">
    <p class='ocr_par' dir='ltr' id='par_1_7' title="bbox 100 4819 1434 4978">
     <span class='ocr_line' id='line_1_43' title="bbox 100 4819 1381 4895; baseline 0.006 -19"><span class='ocrx_word' id='word_1_359' title='bbox 100 4825 134 4877; x_wconf 76' lang='lat' dir='ltr'>tt</span> <span class='ocrx_word' id='word_1_360' title='bbox 152 4822 317 4880; x_wconf 74' lang='lat' dir='ltr'>contemtio</span> <span class='ocrx_word' id='word_1_361' title='bbox 339 4838 454 4878; x_wconf 79' lang='lat' dir='ltr'>nemum</span> <span class='ocrx_word' id='word_1_362' title='bbox 474 4820 506 4876; x_wconf 84' lang='lat' dir='ltr'><em>F</em></span> <span class='ocrx_word' id='word_1_363' title='bbox 575 4825 610 4875; x_wconf 71' lang='lat' dir='ltr'>ti</span> <span class='ocrx_word' id='word_1_364' title='bbox 630 4819 761 4891; x_wconf 81' lang='lat' dir='ltr'>hequem</span> <span class='ocrx_word' id='word_1_365' title='bbox 778 4821 838 4878; x_wconf 80' lang='lat' dir='ltr'>PL</span> <span class='ocrx_word' id='word_1_366' title='bbox 858 4823 1021 4895; x_wconf 81' lang='lat' dir='ltr'>frequenter</span> <span class='ocrx_word' id='word_1_367' title='bbox 1035 4823 1086 4882; x_wconf 79' lang='grc' dir='ltr'>ςΡ</span> <span class='ocrx_word' id='word_1_368' title='bbox 1156 4831 1191 4880; x_wconf 87' lang='grc'>30</span> <span class='ocrx_word' id='word_1_369' title='bbox 1211 4825 1335 4883; x_wconf 85' lang='lat' dir='ltr'>sodomis</span> <span class='ocrx_word' id='word_1_370' title='bbox 1353 4827 1381 4883; x_wconf 88' lang='lat' dir='ltr'><strong><em>L</em></strong></span> 
     </span>
     <span class='ocr_line' id='line_1_44' title="bbox 100 4903 1434 4978; baseline 0.003 -20"><span class='ocrx_word' id='word_1_371' title='bbox 100 4909 134 4958; x_wconf 75' lang='lat'>³2</span> <span class='ocrx_word' id='word_1_372' title='bbox 148 4918 372 4973; x_wconf 76' lang='lat' dir='ltr'>concessamque</span> <span class='ocrx_word' id='word_1_373' title='bbox 386 4917 457 4960; x_wconf 85' lang='lat' dir='ltr'>corr.</span> <span class='ocrx_word' id='word_1_374' title='bbox 473 4919 610 4960; x_wconf 82' lang='lat' dir='ltr'>conuersa</span> <span class='ocrx_word' id='word_1_375' title='bbox 625 4919 707 4958; x_wconf 83' lang='lat' dir='ltr'>suam</span> <span class='ocrx_word' id='word_1_376' title='bbox 721 4903 790 4974; x_wconf 81' lang='lat' dir='ltr'>quia</span> <span class='ocrx_word' id='word_1_377' title='bbox 804 4903 836 4960; x_wconf 80' lang='lat' dir='ltr'><strong><em>F</em></strong></span> <span class='ocrx_word' id='word_1_378' title='bbox 884 4911 918 4960; x_wconf 84' lang='grc'>33</span> <span class='ocrx_word' id='word_1_379' title='bbox 933 4903 1061 4960; x_wconf 79' lang='lat' dir='ltr'>contenti</span> <span class='ocrx_word' id='word_1_380' title='bbox 1076 4903 1108 4959; x_wconf 79' lang='lat' dir='ltr'><strong><em>F</em></strong></span> <span class='ocrx_word' id='word_1_381' title='bbox 1155 4910 1189 4960; x_wconf 79' lang='lat' dir='ltr'>ilo</span> <span class='ocrx_word' id='word_1_382' title='bbox 1200 4903 1295 4978; x_wconf 78' lang='lat' dir='ltr'>terga]</span> <span class='ocrx_word' id='word_1_383' title='bbox 1310 4909 1388 4964; x_wconf 59' lang='lat' dir='ltr'>maru</span> <span class='ocrx_word' id='word_1_384' title='bbox 1403 4906 1434 4962; x_wconf 80' lang='lat' dir='ltr'><strong><em>F</em></strong></span> 
     </span>
    </p>
   </div>
   <div class='ocr_carea' id='block_1_6' title="bbox 1155 5000 1210 5052">
    <p class='ocr_par' dir='ltr' id='par_1_8' title="bbox 1155 5000 1210 5052">
     <span class='ocr_line' id='line_1_45' title="bbox 1155 5000 1210 5052; baseline 0 0"><span class='ocrx_word' id='word_1_385' title='bbox 1155 5000 1210 5052; x_wconf 76' lang='lat'>16*</span> 
     </span>
    </p>
   </div>
   <div class='ocr_carea' id='block_1_7' title="bbox 0 0 1800 5486">
    <p class='ocr_par' dir='ltr' id='par_1_9' title="bbox 0 0 1800 5486">
     <span class='ocr_line' id='line_1_46' title="bbox 0 0 1800 5486; baseline 0 2"><span class='ocrx_word' id='word_1_386' title='bbox 0 0 1800 5486; x_wconf 95' lang='lat' dir='ltr'> </span> 
     </span>
    </p>
   </div>
  </div>
 </body>
</html>
