3590 5486
367 331 435 398 274
974 333 1099 392 BHDAH

365 445 387 484 a.
402 435 463 476 ansa.
475 433 504 476 aa
518 433 543 476 a.

455 519 570 583 Goblus
593 521 698 604 piscis,
723 537 784 584 non
808 539 973 603 numquam
997 521 1086 604 gobio
1109 521 1228 606 legitur.

455 627 604 691 Gaudium
618 631 724 712 aniani,
743 627 854 692 laetitia
870 637 901 693 et
920 629 1064 694 exultatio
1084 635 1174 696 etlam
1194 631 1357 696 verborum
1372 643 1461 717 atque
1480 634 1695 699 membrorum.
1746 643 1748 652 '

454 735 610 800 Gremium
633 736 763 801 dicimus
790 739 920 802 interius
943 741 1095 803 accinctae
1121 743 1212 806 restis
1240 752 1407 828 secretum,
1435 747 1536 807 sinum
1560 746 1695 807 exterius

267 831 269 836 ’
362 847 499 908 sinuatae
523 847 615 909 vestis
644 844 879 928 receptaculum.
1518 917 1522 925 ,

453 953 564 1018 Gluten
584 965 693 1018 neutro
712 973 825 1037 genere
845 954 969 1036 glutinis
993 956 1116 1043 glutini,
1139 959 1193 1022 sed
1213 969 1244 1022 et
1262 959 1413 1041 glutinum
1433 959 1595 1023 Sallustius
1614 959 1718 1042 dicits

363 1061 471 1145 glutini
494 1043 619 1145 glutino.

453 1169 504 1234 Git
526 1180 724 1253 monoptoton
748 1181 779 1234 et
803 1171 951 1254 pluralem
976 1193 1137 1238 numerum
1161 1175 1344 1240 nonhabet
1393 1185 1440 1240 est
1468 1185 1569 1240 autem
1595 1179 1692 1240 neutri

362 1281 484 1361 generis
508 1289 538 1344 et
561 1299 617 1363 per
640 1298 745 1344 omnes
769 1299 858 1345 casus
882 1281 1059 1347 declinatur.

453 1388 579 1452 Gracilis
603 1387 801 1472 gracillimus,
825 1408 886 1453 non
910 1391 1136 1473 gracilissimas.

452 1497 574 1561 Gaudeo
598 1497 712 1580 gaudes
736 1493 906 1580 perlectum
929 1499 1021 1563 habet
1043 1503 1164 1582 gavisus
1188 1521 1265 1566 sum.

453 1605 574 1670 Hilarus
597 1606 670 1669 lacit
692 1605 841 1688 pluralem
864 1606 965 1692 hilari,
989 1608 1093 1671 hilaris
1116 1608 1263 1692 pluralem
1286 1608 1407 1672 bileres.

450 1713 569 1798 Hospes
592 1723 624 1778 et
647 1716 700 1796 qui
723 1717 833 1797 recipit
856 1725 888 1779 et
911 1718 964 1798 qui
986 1719 1142 1800 recipitur.

449 1821 643 1886 Horrendum
657 1822 786 1886 dicimus
805 1833 836 1887 et
854 1823 1037 1906 despicabile
1052 1824 1164 1908 aliquid
1184 1835 1215 1890 et
1233 1826 1419 1890 mirandum:
1438 1824 1588 1907 Vergilius
1602 1820 1689 1911 (Aea.

358 1925 520 2016 X1507)
545 1926 689 1995 ‘oculos
712 1931 896 1995 horrenda
919 1934 956 1996 in
981 1935 1125 2015 virgine
1150 1930 1271 1998 lixcs'.

449 2037 617 2102 Herbidum
640 2038 740 2102 locum
763 2040 892 2105 dicimus
915 2043 946 2104 in
972 2061 1031 2124 quc
1055 2042 1149 2106 herba
1172 2053 1233 2128 est,
1261 2045 1379 2107 etiamsi
1402 2043 1506 2106 aridus
1529 2061 1597 2106 esse
1621 2055 1729 2106 con-1⁵

361 2149 508 2231 sueverit,
528 2146 693 2211 herbosum
713 2151 766 2228 qui
784 2149 910 2213 herbam
930 2150 1016 2214 lacile
1035 2160 1174 2236 generat,
1193 2154 1311 2215 etiamsi
1331 2151 1367 2214 ad
1388 2161 1508 2233 tempus
1522 2150 1627 2214 aridus
1644 2153 1689 2213 sit

449 2255 562 2319 llaurio
587 2265 618 2320 et
641 2256 768 2321 haustus
792 2277 848 2340 per
871 2258 1107 2340 adspirationem
1132 2259 1335 2324 scribendum.
1378 2259 1491 2322 harena
1515 2278 1571 2342 per
1595 2259 1689 2342 adspi-

357 2367 521 2448 rationem,
545 2367 615 2448 quia
638 2364 676 2428 ab
698 2365 852 2430 haerendo
877 2366 923 2429 rel
947 2366 983 2430 ab
1007 2367 1174 2432 hauriendo
1199 2387 1306 2450 aquarn
1330 2368 1410 2432 dictu
1434 2367 1516 2446 esti

391 2460 395 2466 ’
448 2471 593 2536 Hebescit
616 2476 669 2556 qui
692 2484 799 2548 natura
823 2477 986 2557 stupescit,
1009 2473 1178 2538 hebetescit
1201 2478 1252 2557 qui
1277 2478 1388 2539 amittit
1410 2479 1514 2540 aciem.

448 2579 487 2643 Hi
505 2599 674 2663 pronomen
693 2581 809 2662 plurale
829 2599 885 2664 per
904 2601 994 2645 unam
1013 2585 1023 2644 i
1043 2580 1251 2666 scribendum,
1271 2584 1318 2646 bis
1332 2585 1473 2648 similiter
1491 2603 1546 2666 per
1561 2603 1652 2646 ranam
1671 2588 1689 2647 i.
1702 2597 1729 2637 2⁰

449 2688 681 2752 llolocaustoma
705 2707 832 2752 numero
857 2690 1016 2774 singulari,
1039 2690 1296 2756 holocaustomata
1319 2690 1437 2772 plurali.

449 2796 544 2860 llamo
573 2798 676 2860 hamas
704 2807 735 2860 et
763 2816 873 2861 numen
907 2798 1014 2861 bamus
1042 2817 1112 2862 cum
1140 2798 1345 2882 adspiratione
1374 2797 1542 2864 scribenda.
1587 2804 1631 2864 sic
1661 2811 1692 2864 et

359 2907 480 2970 inbamo
505 2915 536 2970 et
558 2907 729 2989 perlectum
752 2905 909 2969 inhumari.
1358 2971 1361 2980 ,

450 3013 611 3078 Herbescit
629 3033 710 3098 ager,
734 3033 804 3076 cum
823 3015 948 3078 herbam
967 3024 1106 3100 generat,
1130 3018 1210 3080 sicut
1228 3015 1373 3080 adolescit
1391 3027 1422 3081 et
1443 3016 1598 3100 pubescit,
1622 3036 1689 3080 curn

358 3125 459 3206 spicae
482 3125 663 3206 proximant
1703 3136 1727 3178 ²⁵

336 3215 350 3242 ¹
449 3229 579 3294 Humilis
611 3237 641 3293 et
671 3232 843 3294 contrarius
874 3228 1007 3311 superbo
1038 3230 1158 3315 dicitur,
1189 3233 1270 3314 qued
1301 3243 1348 3296 est
1375 3235 1496 3296 virtutis
1525 3236 1632 3318 animi,
1661 3244 1692 3297 et

357 3341 529 3403 contrarius
549 3336 680 3422 sublimi,
698 3339 779 3421 quod
799 3348 846 3402 est
865 3338 1059 3402 condicionis.
1092 3341 1144 3403 sed
1165 3349 1196 3403 et
1215 3341 1300 3404 locus
1320 3340 1472 3424 humilior,
1490 3343 1544 3422 qui
1563 3343 1691 3405 inierius

356 3451 449 3531 iacet,
473 3446 551 3510 solet
573 3447 726 3528 appellari.
765 3447 940 3511 humiliatus
964 3449 1053 3510 etiarn
1077 3453 1231 3531 pressuris
1254 3450 1386 3513 sillictus
1409 3439 1586 3531 appellatur.

448 3571 510 3626 tet
523 3584 573 3625 ora.
589 3566 682 3638 PLr,
704 3568 769 3624 odd.
786 3569 861 3624 Met
874 3567 1028 3638 Agroecius
1040 3574 1096 3625 121
1104 3611 1111 3638 ‚
1126 3575 1163 3625 15
1214 3569 1313 3644 etiam]
1336 3572 1380 3627 eat
1394 3574 1424 3626 et
1439 3569 1468 3624 P
1520 3575 1538 3625 b
1557 3569 1690 3642 glutinis]
1758 3563 1762 3568 ’

357 3649 488 3724 gluttinis
500 3648 529 3703 P
581 3647 631 3704 sed
646 3650 676 3704 et
690 3649 834 3720 glutinum
847 3655 934 3706 maa'r'a.
951 3649 1084 3707 salustim
1099 3650 1204 3706 dicitur
1217 3651 1360 3723 glutinum
1376 3650 1481 3722 glutini
1496 3650 1655 3722 glutinoM

356 3731 487 3792 uioitcL
501 3729 606 3786 dicitur
621 3727 650 3782 P
702 3735 716 3784 7
731 3729 776 3802 git
790 3729 838 3789 sL
853 3729 916 3802 gith
932 3729 1000 3784 ΡΜ
1051 3737 1067 3786 9
1083 3747 1140 3786 non
1154 3733 1371 3802 gracillissinaus
1387 3730 1456 3787 ML
1523 3740 1557 3789 10
1571 3731 1691 3804 gauisus

356 3831 418 3868 snm
442 3814 472 3870 at
494 3810 638 3866 iubeamus
662 3811 734 3867 facit
756 3811 907 3882 pluraliter
931 3809 1016 3866 hilari
1040 3813 1070 3866 et
1099 3811 1221 3867 inhermi
1247 3817 1276 3868 et
1300 3811 1399 3869 hilaris
1423 3815 1453 3868 et
1476 3813 1613 3871 inhermis
1637 3816 1692 3873 iac.

356 3895 471 3951 Hilarus
485 3893 591 3948 hilares
606 3894 635 3946 et
649 3890 792 3949 inhermes
806 3892 917 3963 Hospes
932 3893 961 3946 P
1014 3898 1047 3946 1³
1062 3891 1230 3962 dispicabile
1246 3893 1302 3949 PL
1357 3896 1387 3950 et
1405 3893 1604 3951 admirandum
1619 3895 1646 3950 L
1667 3901 1693 3950 et

355 3976 510 4047 Aproecs‘ats
522 3991 554 4045 p.
574 3977 682 4040 121,1
758 3971 903 4044 Vergilius
922 3989 973 4028 oea.
994 3972 1020 4027 L
1095 3979 1128 4029 15
1148 3973 1263 4030 etiamsi
1282 3973 1378 4031 aridus
1398 3990 1460 4030 esse
1479 3977 1621 4033 consuent
1638 3976 1693 4032 ari·

357 4059 409 4114 dus
425 4056 463 4112 sit
479 4055 508 4110 P
524 4054 549 4110 si
563 4051 660 4110 aridus
676 4069 736 4109 esse
752 4053 933 4110 consueuerit
951 4055 989 4108 M
1006 4053 1119 4110 etiamsi
1137 4053 1233 4110 aridus
1253 4071 1315 4112 ease
1330 4055 1478 4112 consueuit
1495 4054 1523 4110 L
1580 4063 1614 4112 te
1628 4055 1692 4111 laen

355 4137 435 4212 Mau]
459 4137 550 4194 betha
569 4135 608 4191 M
679 4142 713 4191 17
738 4137 845 4193 harena
868 4151 920 4206 per
938 4134 1163 4207 adspirationem
1186 4135 1237 4208 qui
1262 4136 1299 4192 ab
1318 4151 1406 4192 arem
1424 4137 1472 4193 uel
1494 4134 1531 4192 ab
1555 4137 1693 4194 sariendo

357 4237 462 4292 aquam
486 4219 565 4275 diota
585 4217 614 4272 P
634 4218 743 4275 harena
766 4233 818 4288 per
840 4215 1162 4288 adspirationem·quae
1186 4217 1223 4274 ab
1243 4216 1386 4274 haerendo
1404 4218 1454 4272 usi
1472 4215 1509 4272 ab
1533 4215 1693 4275 hauriendo

357 4319 462 4375 aquam
481 4299 560 4357 dicta
580 4299 618 4354 M
634 4298 772 4354 harenam
791 4296 925 4353 similiter
943 4297 1011 4368 quia
1025 4298 1062 4353 ab
1081 4298 1208 4356 harundo
1222 4297 1270 4356 uel
1287 4297 1325 4354 ab
1339 4295 1477 4353 sariendo
1491 4313 1597 4367 uquam
1612 4297 1694 4354 dicta

356 4388 401 4443 est
418 4383 445 4439 L
510 4387 543 4437 19
564 4379 614 4451 qui
632 4396 650 4435 a
668 4380 773 4436 ustura
791 4395 843 4435 usu
861 4376 984 4449 tepescit
1002 4378 1031 4433 P
1045 4379 1094 4450 qui
1114 4379 1192 4451 (quia
1211 4378 1249 4450 L)
1268 4380 1388 4434 naturae
1407 4394 1458 4433 usu
1478 4377 1601 4448 tepescit
1623 4378 1698 4433 ML

410 4471 445 4521 20
464 4481 516 4536 per
532 4481 621 4519 unum
640 4462 651 4519 i
670 4461 851 4519 scribendum
871 4459 937 4514 ML
956 4477 1007 4531 per
1025 4477 1082 4517 uua
1101 4462 1111 4516 i
1130 4461 1221 4517 scribe
1242 4459 1271 4514 P
1348 4474 1507 4530 perunum
1525 4458 1537 4514 i
1556 4457 1622 4513 ML
1641 4477 1694 4531 per

355 4545 442 4602 usai
466 4545 495 4600 P
583 4551 619 4600 22
643 4561 747 4601 nomen
769 4542 858 4598 habes
885 4559 950 4596 cum
974 4541 1197 4612 adspirationem
1216 4540 1307 4597 scribo
1326 4539 1355 4594 P
1442 4545 1477 4595 2³
1501 4537 1599 4595 inam
1621 4539 1696 4595 PM

354 4626 441 4682 bama
459 4626 485 4682 L
507 4626 632 4684 hamos
703 4621 835 4682 inhamui
853 4622 921 4677 PM
944 4623 1039 4680 amani
1065 4641 1135 4680 corr.
1155 4621 1271 4679 hnmani
1289 4619 1316 4675 L
1341 4619 1495 4680 humanis
1568 4625 1604 4675 24
1622 4621 1694 4677 udu-

355 4707 439 4763 lescit
456 4705 483 4761 L
537 4713 573 4764 ib
592 4695 729 4779 Humilis]
750 4703 905 4760 Humilitas
928 4701 957 4756 P
1010 4706 1040 4758 et
1053 4708 1151 4775 priore
1164 4705 1222 4758 loco
1236 4719 1287 4757 orn.
1303 4701 1342 4757 M
1396 4717 1469 4773 quaa
1484 4703 1530 4757 eat
1545 4701 1640 4756 uirtus
1657 4703 1695 4758 M

358 4789 449 4844 otest
467 4786 583 4844 uirtutis
604 4787 631 4842 L
704 4793 738 4843 at
759 4785 836 4857 quod
856 4788 900 4842 est
919 4784 1105 4842 condictionis
1124 4785 1153 4840 P
1166 4799 1240 4855 quaa
1259 4785 1304 4839 est
1322 4780 1494 4839 conditionis
1514 4781 1553 4836 M
1628 4783 1693 4854 sed]

355 4869 396 4924 sic
413 4867 442 4923 L
514 4875 549 4926 28
569 4868 658 4925 etiam
676 4867 707 4924 in
724 4867 862 4939 pressuris
884 4865 951 4921 ML
970 4865 1057 4920 etiam
1076 4865 1215 4936 presserit
1235 4864 1264 4919 P
