3602 5482
709 229 908 302 sicema
1410 229 1476 296 337

154 361 161 373 .
175 335 208 378 rr.
224 335 252 376 is
266 334 297 378 Η.

138 439 231 503 qnem
256 419 294 484 de
322 399 428 482 metris
457 421 593 503 scripsit,
622 414 822 483 ‘hexameter'
850 421 949 502 inquit
978 413 1119 502 ‘versus',
1148 428 1255 483 contra
1283 436 1375 500 quem
1403 419 1477 480 item

139 528 266 593 Caesius
288 527 418 612 Bassus,
448 529 493 590 vir
521 527 629 591 doctus
652 537 743 610 atqua
768 527 920 609 eruditus,
948 528 979 590 in
1007 525 1086 590 libro
1115 526 1152 590 de
1183 529 1287 592 metris
1318 523 1478 590 ‘iambicus

139 631 312 700 trimetrus'
340 637 413 700 ait.
437 636 612 700 hexameter
640 655 712 719 ergo
741 639 804 700 sire
834 635 1029 699 hexametrus
1058 645 1133 716 quot
1160 635 1290 718 pedibus
1318 631 1478 698 caeditur?

139 745 213 829 Sex,
252 744 370 828 dactylo
404 753 435 810 et
467 744 602 828 spondeo
635 747 752 808 circum
785 764 818 808 se
851 745 959 827 positis
995 751 1049 806 aut
1085 742 1200 807 alterna
1241 745 1483 826 interpositione

111 857 272 918 semissis.

230 960 407 1026 llexametri
432 979 538 1025 versus
561 978 672 1044 genera
697 970 772 1043 quot
800 956 896 1023 sunt?
931 958 1012 1021 Tria.
1050 959 1133 1032 Quae
1162 958 1256 1025 sunt?
1292 961 1476 1025 llexameter
1497 975 1573 1027 uest

138 1069 320 1154 dactylicus,
353 1073 535 1134 hexameter
564 1072 740 1150 dactylicus
773 1067 928 1152 heroicus,
960 1057 1136 1131 hexameter
1169 1069 1329 1154 iambicus,
1362 1073 1415 1152 qni
1447 1078 1478 1133 et

138 1181 294 1263 senar‘ins,
318 1181 371 1262 qui
394 1187 512 1244 coriaut
536 1198 573 1242 ex
597 1177 787 1262 simplicibus
810 1197 877 1262 sex,
906 1161 1046 1258 idemque
1071 1195 1109 1240 ex
1132 1177 1304 1260 duplicibus
1329 1181 1477 1262 trimeter,

139 1287 333 1372 Quid'ergo,
356 1291 383 1352 si
406 1307 513 1352 versus
536 1287 712 1351 hexameter
736 1305 787 1350 sex
808 1285 950 1370 spondeis
970 1287 1156 1369 constiterit,
1180 1289 1292 1369 poterit
1311 1286 1477 1369 dactylicus

99 1415 125 1456 ro
139 1393 223 1461 dici?
260 1395 330 1460 Erit
348 1397 471 1478 quidem
490 1415 597 1460 versus
616 1395 813 1478 spondiazon,
837 1393 891 1457 sed
910 1403 1042 1456 metrum
1062 1393 1256 1481 dactylicum,
1280 1398 1391 1478 quippe
1412 1398 1478 1458 eius

139 1506 224 1570 modi
247 1508 427 1589 compositio
452 1524 513 1568 non
538 1508 597 1568 nisi
620 1507 652 1568 in
682 1503 862 1586 dactylicum
894 1513 1026 1565 metrum
1056 1503 1144 1567 cadit.
1182 1504 1241 1577 Qui
1270 1513 1342 1567 sunt
1372 1521 1477 1567 versus

138 1615 310 1680 hexametri
333 1609 496 1698 dactylici?
534 1614 593 1687 uui
617 1623 735 1677 mutum
760 1631 812 1676 sex
836 1611 964 1695 pedibus
988 1611 1144 1696 dactylicis
1174 1621 1328 1698 consent,
1357 1623 1478 1696 praeter

139 1723 219 1788 bella
248 1732 280 1788 et
307 1724 386 1786 lacta
414 1723 542 1786 heroum
572 1721 729 1804 quodlibet
758 1720 838 1784 alind
868 1723 1074 1804 continentes,
1106 1731 1140 1784 ut
1174 1729 1246 1804 puta
1276 1721 1373 1785 'veluti
1406 1731 1479 1785 sunt

138 1831 279 1896 bucolica
303 1840 334 1893 et
357 1831 497 1914 georgica
522 1839 684 1913 ceteraque
709 1830 800 1893 huius
825 1829 915 1892 modi.
955 1828 1014 1901 Qui
1042 1837 1116 1892 sunt
1143 1829 1311 1894 hexametri
1339 1829 1479 1911 dactylici

101 1959 125 2000 rs
138 1936 282 2004 heroici?
319 1939 379 2012 Oui
407 1937 485 2002 bella
501 1947 544 2026 ,et
571 1937 699 2002 heroum
728 1956 779 2000 res
808 1948 909 2019 gestas
933 1937 1193 2023 complectuntur,
1221 1949 1255 2001 ut
1282 1949 1355 2021 puta
1385 1938 1479 2001 veluti

140 2059 189 2113 est
216 2049 286 2112 llias
314 2047 439 2111 Homeri
468 2048 514 2110 rel
542 2046 658 2131 Virgilii
682 2047 840 2110 Aeneidos.
879 2045 939 2119 Qui
967 2054 1015 2109 est
1034 2064 1097 2128 ‚pes
1128 2043 1275 2128 quintus?
1312 2046 1395 2110 ldem
1425 2048 1478 2128 qui

139 2157 288 2240 dactylus.
321 2156 422 2231 Quare
442 2153 589 2240 quintus?
620 2156 697 2230 Quia
717 2174 838 2238 semper
858 2157 888 2218 in
909 2173 999 2218 versu
1019 2156 1155 2238 exceptis
1174 2153 1240 2218 aliis
1259 2155 1343 2240 loeis,
1367 2154 1479 2237 quibus

139 2269 223 2330 rarie
242 2267 381 2350 ponitur,
401 2267 536 2348 quintam
557 2266 712 2346 regionem
732 2265 855 2347 proprie
874 2262 1005 2347 obtinet,
1028 2265 1190 2346 minusque
1210 2263 1287 2328 lenis
1306 2273 1353 2326 est
1372 2281 1479 2327 versus

139 2379 195 2458 qui
224 2377 331 2460 quinto
359 2374 427 2438 loco
456 2372 625 2456 spondeum
653 2374 749 2455 magis
779 2389 869 2453 qnam
898 2370 1050 2453 dactylum
1080 2371 1234 2456 habuerit,
1262 2383 1293 2437 et
1321 2370 1478 2436 vocabitur

99 2502 125 2542 so
139 2483 341 2568 spondiazon,
361 2481 453 2546 veluti
476 2489 524 2545 est
546 2480 610 2562 ille,
817 2467 818 2470 ¹

361 2601 428 2656 aut
450 2589 551 2655 leves
574 2607 705 2653 ocreas
729 2587 831 2651 lento
854 2588 996 2651 ducunt
1020 2599 1182 2670 argento.

141 2710 174 2765 et
201 2699 270 2764 ideo
299 2718 355 2763 nec
384 2701 415 2762 ln
444 2701 504 2762 line
533 2699 669 2782 dactylus
698 2696 790 2761 debet
817 2700 904 2780 poni,
932 2699 1011 2760 sicut
1041 2717 1100 2762 nee
1128 2699 1281 2781 spondeus
1310 2701 1341 2762 in
1371 2703 1477 2782 quinto

140 2809 209 2874 loco
224 2857 232 2872 .
247 2808 401 2891 spondeus
413 2803 417 2888 i
429 2818 530 2871 autern
550 2827 566 2870 a
586 2805 766 2889 quibusdam
785 2807 864 2869 imus
883 2824 937 2889 pes
957 2807 1201 2890 cognominatur;
1221 2806 1300 2889 quod
1321 2810 1476 2889 regionem

142 2927 259 2982 sextam
283 2934 404 2998 semper
427 2915 563 2980 obtineat
586 2903 643 2979 nec
666 2933 811 2996 umquam
835 2915 970 2997 dactylus
994 2919 1026 2978 in
1050 2916 1109 2978 line
1133 2926 1272 2999 ponatur.

99 3044 127 3086 ss
235 3025 296 3098 Qui
319 3024 427 3088 modus
451 3035 499 3088 est
522 3021 704 3107 syllabarum
727 3025 759 3085 in
778 3040 868 3084 versu
888 3021 1063 3085 hexametro
1083 3022 1228 3106 dactylico
1249 3025 1311 3087 sire
1330 3022 1477 3089 heroico?
1498 3038 1573 3091 ²1⁰‚1t

234 3233 252 3285 a
271 3229 438 3285 hexameter
456 3244 525 3300 ergo
540 3256 574 3268 -
589 3231 606 3284 5
626 3225 744 3282 rametis
764 3224 901 3282 Iulianus
914 3225 949 3282 de
961 3226 1071 3284 retiam
1084 3232 1232 3284 remorsus
1243 3244 1274 3299 p.
1290 3232 1325 3284 51
1342 3228 1382 3284 ed.
1397 3225 1478 3284 Rern

236 3399 251 3449 1
272 3407 357 3464 quem
376 3389 411 3448 de
430 3389 530 3447 metris
550 3387 663 3460 scripsit
681 3390 826 3444 exemeter
843 3386 944 3458 inquid
962 3404 1062 3444 uersus
1077 3391 1177 3446 eontra
1192 3407 1275 3461 quem
1290 3391 1333 3446 ita
1348 3390 1439 3448 casios
1450 3391 1479 3446 Β

142 3472 278 3546 quamde
297 3473 397 3529 metria
416 3463 515 3528 examt
530 3470 631 3541 inquid
650 3472 750 3527 contre
769 3484 854 3540 quem
876 3467 947 3524 item
966 3469 1057 3527 ossius
1078 3471 1117 3527 M
1188 3479 1204 3528 3
1226 3465 1340 3529 exarmet
1357 3487 1426 3544 ergo
1442 3473 1481 3528 M

142 3559 288 3614 exametre
307 3570 377 3628 ergo
395 3554 424 3609 Β
497 3559 515 3609 t
534 3569 583 3610 sax
602 3551 718 3622 dactylo
737 3554 767 3607 et
785 3549 905 3622 spondio
920 3550 1026 3608 cheam
1041 3568 1071 3608 se
1085 3553 1186 3625 positis
1202 3557 1253 3611 eut
1267 3554 1379 3611 alterna
1391 3553 1478 3610 inter·

142 3635 285 3709 positione
299 3633 422 3692 namacio
438 3633 477 3691 M
494 3631 525 3690 st
543 3651 579 3690 ex
597 3631 704 3689 dactilo
723 3629 890 3688 nariastatis
908 3630 937 3687 B
1012 3638 1028 3688 6
1047 3631 1101 3696 lnt
1118 3651 1190 3707 quae
1205 3639 1273 3691 sunt
1285 3635 1319 3690 R.
1335 3637 1479 3691 exameter

142 3721 264 3791 (amabar
279 3721 323 3789 Μ)
341 3714 492 3774 dactilions
511 3713 621 3772 eroiens
635 3711 708 3768 ΒΜ
724 3713 801 3781 Quae
821 3714 904 3769 sunt?
938 3711 991 3769 Est
1003 3712 1169 3772 hexameter
1183 3716 1341 3788 dactylicos
1354 3721 1477 3786 tanturn,

143 3803 187 3859 est
213 3801 381 3856 hexameter
399 3796 567 3868 'dactylicus
595 3797 698 3852 herous
732 3795 759 3850 l⁷
789 3794 887 3863 Quae?
915 3794 1080 3852 hexameter
1109 3797 1280 3871 dactylicus,
1313 3799 1478 3856 hexameter

142 3881 275 3940 heroicus
294 3881 456 3936 aldhelmus
518 3879 683 3936 asenarius
698 3878 737 3934 M
798 3893 847 3934 sex
865 3875 998 3950 idemque
1017 3895 1052 3934 ex
1066 3875 1227 3950 duplicibus
1242 3897 1294 3936 om.
1308 3880 1345 3949 Β,
1361 3880 1425 3936 aad.
1441 3880 1480 3936 M

160 3961 271 4034 equod
285 3978 354 4035 ergo
370 3961 408 4017 M
463 3965 496 4016 ta
517 3959 578 4034 sex]
599 3959 623 4016 si
642 3976 676 4016 ex
690 3959 718 4015 Β
775 3965 809 4014 14
829 3957 889 4016 eins
904 3957 1023 4014 modiB
1080 3961 1147 4016 sunt
1165 3977 1216 4019 orn.
1233 3961 1313 4029 ΒΜ,
1333 3961 1397 4017 cdd.
1419 3959 1478 4016 Vei

82 4039 89 4046 ⁶
142 4047 308 4105 Aldlselmsss
382 4048 416 4098 15
435 4040 527 4098 ueluti
546 4045 590 4098 est
604 4040 668 4098 ilias
684 4041 723 4096 M
735 4039 827 4097 ueluti
841 4042 908 4096 sunt
921 4037 1007 4095 hiliae
1021 4041 1049 4096 Β
1126 4047 1158 4096 te
1174 4041 1225 4114 qni
1239 4044 1283 4098 est
1296 4059 1345 4112 pes
1361 4041 1478 4113 quintus

142 4127 221 4186 idern
240 4127 290 4198 qni
309 4123 461 4182 dactiliens
479 4137 567 4193 qnare
586 4120 703 4192 qnintns
722 4125 767 4179 est
786 4139 820 4179 eo
839 4119 917 4193 qnod
935 4136 1047 4194 semper
1065 4123 1150 4178 codes
1174 4121 1327 4190 Victorini,
1347 4122 1414 4190 Quis
1435 4129 1479 4182 est

143 4225 195 4282 pes
214 4205 353 4283 quintus?
373 4203 503 4276 dactylus
523 4248 530 4261 .
551 4221 639 4274 qnare
659 4203 776 4274 quintus
795 4202 911 4275 dactylo
931 4203 1079 4273 conpetit?
1098 4202 1167 4274 qnia
1180 4221 1293 4275 semper
1307 4205 1477 4262 aldhelmus.

144 4289 199 4359 Qui
223 4291 269 4346 est
291 4305 342 4360 pes
367 4285 504 4358 qnintnsi
527 4284 643 4356 quintus
667 4283 784 4356 quidem
808 4300 858 4356 pes
882 4299 994 4356 semper
1018 4285 1149 4357 dactylus
1172 4328 1180 4343 .
1209 4291 1314 4358 qnare?
1341 4302 1374 4342 eo
1402 4286 1480 4359 qnod

144 4387 258 4444 semper
276 4369 352 4427 edidi
371 4367 450 4441 opud
470 4366 646 4424 Victorinum
665 4411 671 4426 .
691 4367 739 4424 aed
756 4367 956 4439 grammatices
975 4367 1117 4442 dactylum
1135 4367 1211 4423 dicit
1229 4369 1357 4438 quintum
1373 4368 1479 4438 peden,

139 4457 291 4525 maen
299 4450 458 4524 quoditie
471 4449 629 4506 emmetra
641 4465 722 4506 verm
736 4449 969 4521 quietantiarum
983 4449 1116 4506 obtineret
1188 4447 1265 4504 idem
1280 4447 1342 4522 qui]
1362 4447 1479 4517 quidem

144 4532 195 4606 qni
213 4532 287 4590 ΒΜ
360 4537 393 4589 17
413 4532 444 4588 in
467 4547 567 4589 uersas
591 4530 718 4602 exceptis
742 4530 806 4587 eliis
828 4530 899 4588 loeis
918 4531 947 4586 B
969 4529 1001 4587 in
1024 4548 1108 4588 neren
1132 4529 1257 4601 exeeptis
1281 4528 1332 4585 elii
1350 4529 1421 4586 loeis
1442 4531 1481 4586 M

182 4619 217 4671 te
231 4613 304 4672 lenis
318 4612 357 4670 M
371 4611 487 4670 lenisB
543 4611 1102 4685 tlaatleves]Verp.Aen.V11634
1157 4611 1266 4668 ducunt
1279 4610 1307 4671 Β
1322 4609 1427 4668 ducent
1442 4612 1481 4668 M

151 4769 153 4773 ,
181 4701 218 4754 2⁸
236 4711 256 4752 a
273 4712 325 4753 osa
344 4695 386 4766 Β,
405 4695 471 4753 add.
492 4695 532 4752 M
603 4699 637 4752 25
661 4692 692 4751 in
713 4709 797 4750 nereo
820 4697 966 4749 exametro
986 4691 1121 4750 dactilico
1140 4692 1201 4750 siue
1220 4691 1336 4750 heroico
1354 4691 1383 4748 Β
1401 4693 1479 4751 inter

144 4793 259 4834 ameum
277 4779 422 4834 exametro
442 4775 585 4848 dactylico
604 4774 664 4832 sine
683 4776 827 4832 exametro
848 4774 886 4830 M
