3616 5482
602 324 651 382 DE
672 323 967 384 OBTHOGRAPHIA
1390 327 1454 394 169

119 436 140 476 p.
156 425 219 468 raas.
233 425 260 468 aa
273 425 300 468 1³.

118 509 277 574 benivolus
300 509 462 588 benificus,
492 511 648 576 dumtaxat
671 533 687 576 a
710 513 942 578 benefaciendo:
972 533 1040 576 narn
1065 534 1081 577 a
1105 533 1221 579 veneno
1245 535 1301 598 per
1325 536 1342 576 r
1366 515 1458 580 scribi

10 613 12 624 '
119 619 221 683 nullus
244 621 372 700 ignorat.
412 623 641 686 meminerimus
666 633 765 687 tamen
789 623 952 687 beatum-a
972 625 1130 705 superiore
1153 622 1319 688 abhorrere
1343 624 1457 708 regula,

118 727 200 808 quod
224 728 352 808 primam
372 727 515 812 syllabam
539 731 621 794 nulla
643 735 783 814 sequitur
802 750 981 794 consonans.
1020 741 1051 794 et
1074 734 1217 814 quoniam
1240 733 1312 796 huic
1331 736 1458 816 opponi·

70 899 73 903 ,
118 845 169 912 tur
197 835 320 917 regulae
351 839 514 902 vehemens
542 849 574 902 ct
602 839 787 914 vehiculum,
815 857 1023 902 ammonemus
1047 839 1067 902 b
1096 840 1196 904 lacere
1225 839 1459 922 adspirationem

10 935 11 984 ἶ
91 937 168 1028 slot
197 945 230 1006 in
255 945 372 1030 mullis,
399 947 449 1011 bic
478 967 599 1032 quoque
623 947 834 1030 rpraelatam
863 943 1031 1034 ridemus),
1060 967 1150 1031 quam
1173 951 1247 1031 poni
1269 967 1326 1031 pro
1352 968 1460 1012 conso-

118 1061 210 1116 nante
239 1054 383 1136 possibile
413 1065 469 1118 est.
511 1075 547 1118 ve
575 1054 723 1138 producta
754 1055 895 1118 similiter
925 1057 1077 1138 incapite
1103 1059 1282 1140 constituta,
1310 1057 1459 1139 siquidem

10 1175 11 1226 ἲ
117 1161 278 1226 masculini
307 1163 353 1226 rel
380 1166 483 1228 neutri
511 1168 632 1249 generis
661 1172 751 1228 erunt
779 1165 915 1247 nomina,
943 1165 975 1226 in
1004 1163 1115 1246 quibus
1145 1165 1220 1228 haec
1245 1166 1346 1244 fuerit
1375 1185 1460 1249 prae·

10 1255 11 1346 l
117 1273 216 1352 posita
240 1271 369 1356 syllaba,
391 1292 448 1356 per
470 1293 489 1334 s
512 1272 646 1336 sordem
668 1291 725 1355 pro
745 1280 932 1335 consonante
952 1270 1134 1356 signabitur,
1159 1282 1193 1336 ut
1216 1284 1341 1338 venator
1360 1275 1459 1338 velum

10 1439 11 1464 ,
115 1388 273 1444 veratrum
297 1382 487 1448 venabulum.
534 1383 561 1446 si
581 1399 656 1444 nero
683 1390 774 1444 erunt
803 1380 947 1444 leminina
971 1380 1193 1465 tautummodo,
1217 1400 1349 1462 quorum
1373 1385 1458 1465 origo

10 1465 11 1536 d
80 1507 133 1550 roa
152 1489 321 1554 masculino
341 1495 444 1556 venire
465 1511 530 1555 nou.
545 1493 697 1574 cernitur,
720 1487 815 1572 perb
839 1497 953 1552 mutam
976 1487 1164 1570 scribentur,
1187 1497 1222 1552 ut
1244 1488 1346 1551 besica
1370 1489 1460 1554 belua

10 1593 11 1636 ἒ
118 1596 232 1682 bestia,
255 1583 296 1662 ita
317 1597 421 1663 'tamen
441 1602 467 1663 si
486 1615 547 1664 uma
566 1599 695 1662 duarum
718 1598 833 1661 luerint
852 1597 1050 1680 syllabarum:
1070 1594 1075 1680 Ι
1096 1615 1165 1660 uam
1185 1597 1346 1662 mutabunt
1365 1601 1459 1682 scrip·
1521 1654 1524 1664 ,

10 1793 11 1798 ¹
118 1715 233 1790 turam,
263 1715 298 1771 ut
319 1681 401 1772 *roua
429 1726 519 1791 respa
547 1717 579 1771 et
606 1707 654 1770 bis
682 1707 799 1770 similla.
836 1707 884 1770 bis
913 1726 1036 1790 quoque
1064 1707 1229 1789 opponitur
1257 1706 1341 1790 beta,
1369 1726 1459 1789 quam

193 1889 207 1938 1
230 1881 366 1938 benificus
382 1879 412 1950 0,
427 1882 654 1939 constanciacus
668 1882 706 1952 B,
720 1881 863 1938 &nubens
878 1881 907 1937 A
962 1889 978 1937 3
998 1882 1089 1956 quod]
1105 1899 1179 1953 qnae
1192 1883 1221 1938 Β
1276 1888 1294 1938 4
1313 1898 1458 1939 ammone·

118 1981 181 2019 mua
200 1962 256 2020 boc
274 1962 368 2021 lacere
383 1963 621 2034 adspirationem,
639 1966 673 2019 ut
691 1963 721 2019 in
736 1963 834 2020 multis
853 1963 896 2020 ita
913 1963 961 2018 hic
976 1979 1089 2034 quoque
1103 1980 1122 2019 v
1137 1961 1298 2034 praelatam
1312 1961 1461 2020 rideamus
1487 2003 1499 2020 ,.

120 2042 222 2100 Gonia
286 2043 319 2118 b]
339 2045 395 2101 boc
413 2043 507 2102 ABG
569 2051 585 2101 θ
604 2044 739 2117 possibile
753 2047 805 2102 est.
827 2061 882 2101 rae
901 2044 1096 2116 diphthongus
1115 2044 1175 2100 sire
1195 2044 1257 2101 sols
1275 2047 1335 2112 est,
1354 2048 1388 2100 ut
1406 2061 1461 2100 vae

119 2125 224 2184 mismo
243 2125 328 2196 mibi,
349 2125 409 2182 sive
428 2141 493 2182 cum
511 2123 627 2181 nomine
645 2125 793 2197 componit
811 2141 892 2194 usus,
910 2127 944 2198 ut
957 2139 1098 2180 vaesanus
1118 2123 1153 2195 (si
1172 2141 1240 2181 uero
1254 2124 1373 2181 minime
1393 2142 1459 2182 con·

118 2206 288 2278 puniturus
307 2210 340 2262 ut
358 2223 481 2263 nesanus
502 2205 526 2264 G
543 2207 568 2262 si
586 2223 622 2263 ue
641 2206 758 2263 minime
775 2211 808 2262 nt
826 2221 948 2262 uesanos
966 2204 1005 2274 A)
1025 2221 1078 2277 per
1096 2223 1115 2260 n
1133 2204 1300 2277 digammon
1314 2205 1459 2276 scribitur,

13 2313 16 2318 ·
119 2305 154 2345 re
171 2286 313 2360 producta
326 2288 386 2345 Ac
398 2293 424 2344 et
438 2287 541 2346 Carrio
599 2295 614 2345 'l
634 2287 721 2345 fuerit
734 2289 786 2344 osu.
801 2285 894 2344 ABG
941 2287 963 2342 ’9
983 2287 1143 2360 veratrum]
1163 2303 1261 2342 uerum
1275 2285 1305 2343 Β
1313 2283 1338 2342 0
1347 2305 1418 2344 nsru
1432 2288 1460 2342 A

118 2373 265 2427 ueremni
283 2365 424 2441 pisanas
498 2375 639 2441 taquam
657 2367 755 2442 graeci
774 2366 835 2425 Ao
851 2383 926 2440 quae
946 2383 1031 2440 grece
1050 2367 1079 2422 Β
1172 2426 1176 2434 ,

583 2675 998 2734 bremonensis

30 2823 41 2840 ἱ
120 2849 275 2914 benificus
314 2849 542 2911 meminerimus
566 2855 667 2910 manen
693 2846 815 2910 beatum
838 2865 854 2908 a
878 2847 1020 2928 superius
1044 2845 1123 2908 dicta
1152 2841 1317 2907 abhorrere
1332 2845 1455 2927 regula,

121 2959 203 3041 quod
229 2960 360 3041 primam
388 2954 531 3039 syllabam
559 2955 640 3019 nulla
669 2956 808 3036 sequitur
831 2972 1010 3018 consonans.
1054 2963 1085 3016 et
1108 2955 1250 3036 quoniam
1274 2951 1345 3016 buic
1369 2956 1459 3016 etiam

122 3070 285 3150 opponitur
313 3065 436 3148 regulae
464 3064 627 3128 vehemens
656 3073 687 3126 et
714 3061 900 3145 vehiculum,
931 3060 1129 3125 admonemus
1153 3060 1402 3146 adspirationem,
1426 3071 1460 3126 ul

123 3177 153 3238 in
180 3175 297 3258 multis,
325 3173 375 3237 bic
404 3192 525 3256 quoquc
552 3173 648 3235 inseri
675 3190 730 3253 pro
760 3179 945 3233 consonante
980 3167 1133 3252 possibile.
1176 3187 1211 3230 ve
1243 3167 1392 3251 producta
1430 3171 1460 3232 in

97 3283 228 3347 academ
246 3282 318 3346 sede
339 3281 507 3365 conlocata,
531 3279 680 3362 siquidem
699 3278 859 3342 masculini
877 3278 923 3341 rel
948 3280 1050 3342 neutri
1073 3278 1206 3359 generis
1214 3285 1305 3340 eruut
1330 3279 1460 3361 uomina,

124 3391 233 3473 utribus
257 3391 331 3454 baec
355 3391 448 3454 luerit
471 3391 643 3472 praeposita
662 3387 786 3470 syllaba,
810 3405 865 3468 per
884 3407 901 3445 r
921 3387 1054 3450 vocalem
1079 3405 1134 3469 pro
1154 3397 1340 3448 consonante
1360 3388 1459 3478 signa3

40 3575 44 3584 1
82 3554 85 3560 .
124 3500 218 3583 bitur,
246 3511 281 3562 ut
309 3505 434 3561 venator
462 3496 561 3560 selum
591 3495 760 3576 [veretrum
787 3488 827 3558 sd
851 3488 989 3579 μόριον]
1019 3503 1172 3558 veratrum
1206 3493 1395 3559 venabulum.
1434 3499 1459 3558 si

124 3615 213 3672 erunt
240 3625 312 3670 vero
344 3607 487 3670 feminina
516 3604 736 3688 tantummodo,
767 3621 897 3685 quorum
926 3605 1012 3686 origo
1038 3623 1053 3666 a
1079 3603 1244 3667 masculino
1269 3608 1373 3690 venire
1398 3625 1458 3669 non

124 3718 273 3799 cernitur,
295 3733 351 3798 per
371 3714 390 3777 b
411 3724 524 3778 mutarn
544 3713 731 3796 scribentur,
754 3711 854 3774 besica
874 3701 895 3792 ἡ
915 3709 1026 3794 φῦσα,
1046 3711 1148 3794 belua,
1168 3711 1278 3796 bestia,
1297 3715 1338 3776 ita
1358 3724 1459 3784 tamen
1498 3697 1500 3702 ¹

87 3828 150 3886 1⁰si
177 3843 239 3887 non
268 3825 396 3888 duarum
425 3825 540 3888 luerim
568 3820 766 3904 syllabarum:
793 3838 864 3882 nam
894 3818 1053 3882 mutabunt
1082 3821 1279 3904 scripturam,
1313 3831 1347 3884 ut
1375 3841 1459 3906 vena,

126 3950 213 4015 respa
232 3921 401 4014 dvdpdm'v
420 3941 451 3994 et
470 3930 587 3994 similia.
620 3929 667 3992 bis
687 3947 808 4011 quoque
823 3931 988 4011 opponitur
1003 3927 1081 4012 beta,
1096 3948 1173 4010 quae
1193 3949 1300 4011 graece
1316 3929 1460 3995 σεῦτλον

125 4029 145 4122 ἢ
163 4030 250 4102 κατὰ
267 4028 438 4113 Ἀττικοὺς
455 4034 598 4100 τεῦτλον
617 4044 755 4118 uocatur,
778 4039 922 4119 quoniam
944 4039 977 4102 in
1001 4056 1110 4119 graeco
1133 4038 1213 4102 idem
1236 4058 1333 4120 genus
1357 4040 1459 4103 obser·

125 4167 194 4212 rare
224 4165 286 4212 non
316 4149 424 4230 potnit.
469 4155 625 4228 praeterea
657 4147 847 4230 quaerimus,
877 4164 934 4209 eor
963 4147 1075 4208 veritas
1106 4154 1138 4210 et
1168 4146 1306 4210 leminini
1339 4150 1460 4230 generis

40 4375 49 4388 ,
210 4322 385 4380 lbsnsflcns
406 4320 436 4376 P
497 4336 580 4376 acm.
595 4317 628 4374 Ν
631 4340 638 4374 :
657 4335 675 4374 a
691 4319 820 4391 superius
836 4319 914 4376 dicta
929 4320 1029 4392 regola
1044 4318 1206 4392 discrepare
1227 4321 1256 4376 P
1311 4321 1377 4377 tet
1396 4328 1460 4379 uate

98 4431 102 4438 ⁴
126 4401 304 4477 quoniam‘rl
320 4403 420 4461 Mace
438 4399 525 4458 stiam
544 4415 596 4456 osu.
616 4399 644 4454 P
714 4405 730 4455 ³
750 4416 946 4457 ammonemus
964 4401 984 4456 b
1009 4399 1213 4471 aspirationem
1235 4400 1264 4455 P
1334 4405 1460 4475 dpossi-

127 4485 181 4544 rile
201 4487 232 4543 st
255 4501 307 4542 rae
327 4485 502 4559 dipthongae
521 4480 581 4539 aire
601 4480 663 4537 sola
681 4483 727 4537 est
750 4484 783 4537 ut
807 4501 843 4540 rs
861 4484 965 4540 misero
985 4483 1056 4540 mibi
1074 4482 1134 4538 sive
1154 4482 1262 4539 nomini
1281 4483 1462 4555 componitur

10 4617 12 4628 .
127 4571 158 4624 nt
175 4583 316 4626 raemnua
334 4583 423 4638 perv
441 4564 607 4637 digammon
626 4561 766 4621 scribitur.
795 4581 830 4621 re
843 4565 983 4636 producta
999 4563 1028 4618 P
1089 4561 1228 4634 aquibus
1249 4564 1278 4619 P
1295 4579 1416 4636 qnorum
1429 4567 1465 4622 N

123 4717 127 4726 ’
179 4701 312 4760 'lrelm
331 4703 477 4759 ambrum
494 4697 667 4756 venabulum
689 4698 718 4754 P
734 4700 830 4756 velum
849 4659 992 4772 veratrum
1015 4695 1048 4755 τὸ
1074 4694 1176 4769 μόριον
1195 4699 1369 4757 venabulum
1386 4707 1412 4758 et
1431 4704 1463 4759 in

127 4801 212 4856 scorp.
237 4785 384 4840 vesamum
406 4781 441 4838 N
511 4786 544 4836 11
569 4796 643 4850 qnae
666 4795 768 4851 graece
793 4781 821 4836 P
843 4782 921 4852 quod
944 4779 1102 4854 graech
1174 4785 1207 4835 tt
1233 4779 1307 4838 eard
1324 4777 1464 4850 Ἀπικοός

128 4883 178 4924 ona
197 4865 226 4924 Ρ
297 4865 449 4923 chamere
467 4877 525 4919 non
542 4861 639 4934 potnit
658 4861 687 4916 P
703 4867 740 4918 nb
759 4862 943 4935 obseruatum
961 4878 1020 4917 non
1037 4860 1132 4932 potnit
1149 4861 1185 4916 N
