3590 5486
620 292 669 350 DE
688 293 790 351 nitrio
809 292 979 352 iterumn
1400 294 1466 358 247

130 412 152 450 p.
167 397 229 440 aeta.
244 399 272 439 ao
285 396 310 439 Ρ.
1176 445 1179 450 .

292 490 371 547 arta
397 482 452 544 vla
475 491 533 545 est
556 499 661 545 verae
687 499 778 565 quae
803 481 907 546 ducit
929 480 972 544 ad
996 483 1090 545 atria
1114 483 1224 546 ritae:

126 593 284 656 scanditur
311 593 392 654 enim
412 587 418 674 Ι
439 593 496 674 ita,
522 593 616 654 artari
639 589 790 674 dactylus,
819 601 903 654 estve
934 589 1089 672 spondeus
1120 592 1288 674 intercepta
1313 611 1329 654 a
1355 592 1466 676 syllaba

126 720 181 784 per
205 699 402 784 synalipham.
440 697 611 765 absumitur
635 710 666 764 et
693 699 840 783 particula
864 698 1008 784 syllabae,
1038 718 1108 763 cnm
1132 698 1206 762 dicit
1229 699 1310 764 idem
1334 700 1467 785 Prosper

290 812 423 873 sumite
448 826 538 891 quae
564 827 688 892 magua
709 809 884 891 adposuit
907 810 1090 890 sapientia
1109 827 1246 872 mensa:
1533 799 1536 808 ’

89 935 101 974 ⁵
127 918 284 982 scanditur
308 921 389 982 enim
412 919 469 1000 ita,
492 917 603 980 sumite
626 916 777 1000 dactylus,
806 936 934 999 quaema
958 917 1126 1002 spondeus,
1148 917 1305 1002 gnadposu
1329 919 1466 1002 dactylus

126 1027 286 1110 absumpta
315 1037 401 1111 parte
429 1024 559 1111 syllabae
589 1044 645 1108 per
673 1024 869 1110 synalipbam.
911 1029 985 1090 item
1014 1045 1084 1110 pars
1107 1025 1237 1109 syllabae
1271 1047 1347 1110 quiae
1377 1031 1408 1092 in
1435 1047 1464 1091 m

126 1136 259 1200 desierat
284 1135 437 1218 synalipba
461 1136 664 1218 intercipitur,
687 1153 759 1198 cum
781 1133 855 1199 dicit

290 1244 417 1309 nullus
441 1247 536 1307 enirn
559 1253 615 1308 est
637 1246 766 1307 insons
790 1243 867 1306 sola
890 1243 1090 1307 formidine
1113 1263 1268 1329 poenae,

348 1357 411 1436 qui
434 1364 603 1418 sanctum
626 1362 663 1417 et
685 1353 823 1416 iustum
847 1372 919 1416 non
942 1361 1037 1416 amat
1061 1355 1268 1436 imperium:

89 1463 282 1528 rescandilur
306 1481 436 1544 namque
460 1463 516 1545 lla,
540 1463 659 1526 nulluse
683 1460 833 1546 dactylus,
858 1465 958 1526 nostin
985 1461 1141 1545 spondeus
1171 1462 1313 1546 absorpta
1342 1465 1384 1526 im
1408 1483 1464 1546 per
1491 1446 1496 1456 ’

126 1573 328 1656 synalipbam3
363 1579 395 1634 et
427 1573 501 1635 item
529 1575 654 1654 quisanc
683 1569 851 1654 spondeus,
885 1573 962 1635 tetiu
996 1571 1151 1654 spondeus
1185 1557 1363 1636 absumente
1395 1591 1463 1654 syn·

40 1673 53 1694 ‘
126 1682 223 1765 alipba
245 1680 427 1764 particulam
450 1681 579 1764 syllabae
600 1697 660 1746 um.
698 1683 773 1744 item
796 1689 860 1744 tola
884 1678 996 1762 syllaba
1020 1697 1097 1773 quae
1122 1681 1152 1743 in
1177 1699 1207 1744 m
1231 1683 1393 1745 terminata
1418 1689 1464 1744 est

126 1811 181 1873 per
205 1789 392 1873 synalipbam
415 1791 533 1874 interit,
557 1809 627 1854 cum
651 1790 725 1854 dicit

290 1917 455 1982 magnum
477 1898 707 1982 praesidium
730 1908 787 1961 est
810 1916 916 1961 sacro
940 1896 1114 1961 libamine
1138 1899 1256 1982 pasci,

45 2067 49 2078 ,
88 2021 112 2063 1⁵
343 2010 375 2070 si
398 1997 682 2090 cor'participis
706 2009 861 2070 crimina
884 2005 984 2068 nulla
1008 2013 1192 2087 premunt:
1419 2089 1422 2096 ι

125 2115 282 2180 scanditur
308 2134 438 2200 namque
467 2118 525 2193 sic,
554 2133 696 2198 maguum
725 2114 893 2198 spondeus,
920 2113 1053 2197 praesidi
1085 2112 1235 2198 dactylus,
1264 2123 1345 2178 estsa
1373 2135 1478 2199 spon.

124 2224 200 2288 deus
224 2227 393 2308 intercepta
412 2243 464 2289 nm
488 2223 600 2307 syllaba
623 2243 679 2306 per
699 2222 893 2306 synallplram.
931 2238 1141 2304 quaecumque
1165 2240 1237 2304 ergo
1263 2223 1353 2286 verba
1376 2227 1409 2287 in
1433 2244 1463 2289 m
1494 2237 1497 2246 ·

125 2335 336 2419 terminantur,
370 2337 429 2398 nisi
462 2333 651 2415 adpositione
680 2335 875 2396 consonantis
903 2309 1034 2394 alicuius
1062 2329 1274 2416 defendantur,
1307 2333 1463 2416 synaltpla

123 2447 319 2526 inrumpente
344 2442 486 2527 syllabam
513 2441 648 2505 ultimam
677 2451 730 2504 aut
757 2441 891 2524 perdunt
919 2459 1041 2523 semper
1070 2448 1122 2504 aut
1149 2441 1306 2525 minuunt,
1335 2453 1461 2524 excepto

84 2566 194 2617 tecum
220 2553 258 2616 ab
281 2553 302 2614 b
325 2551 426 2616 littera
449 2569 581 2632 sequens
605 2567 706 2612 sermo
730 2549 924 2613 inchoaverit.
962 2557 1036 2612 tunc
1056 2551 1169 2613 etenim
1193 2551 1225 2612 in
1244 2547 1371 2614 arbitrio
1390 2569 1461 2634 poe·

123 2672 223 2727 tarum
251 2669 316 2745 est,
344 2669 449 2725 utrum
477 2658 552 2722 haec
582 2659 678 2722 instar
701 2657 863 2721 lortlorum
886 2660 1118 2722 consonantium
1141 2637 1327 2742 spnaiipbam
1351 2670 1462 2746 arceat,

122 2791 160 2834 an
189 2790 247 2854 pro
275 2769 364 2833 modo
393 2787 465 2832 suae
495 2767 664 2850 fragilitatis
692 2766 768 2830 nibil
796 2765 898 2830 valeat.
940 2767 1033 2830 valuit
1061 2785 1190 2850 nauaque
1218 2771 1250 2833 ln
1282 2767 1354 2846 hoc,
1388 2773 1458 2851 qnia

125 2879 219 2944 voluit
242 2888 346 2963 poeta,
993 2866 997 2872 ⁴

287 2988 428 3050 nomine
452 2985 649 3050 iohannem
673 2986 768 3050 bunc
793 2994 830 3047 tu
856 2987 1019 3049 vocitare
1044 2994 1223 3049 memento

97 3089 154 3142 let
286 3152 524 3231 progenitum
550 3148 703 3212 fulsisse
728 3148 855 3211 ducem
878 3147 946 3210 hoc
970 3129 1128 3212 caelitus
1152 3158 1258 3213 astra.
1371 3146 1376 3154 '

123 3260 195 3322 ilem
220 3255 296 3320 nibil
318 3258 394 3320 iuvit
418 3256 454 3320 ad
478 3255 705 3338 propellendam
729 3255 928 3340 synallpham,
953 3260 1022 3338 qnia
1046 3268 1134 3339 poeta
1158 3258 1303 3343 neglexit,

288 3368 348 3447 qui
371 3374 588 3449 pereuntem
612 3364 794 3428 hominem
817 3367 924 3434 vetiti
949 3365 1145 3430 dttloedine
1170 3369 1264 3449 poni.

215 3474 380 3538 Sciendum
404 3484 504 3538 autem
528 3473 610 3556 quod
634 3491 800 3556 numquam
818 3476 849 3536 in
870 3473 975 3536 eadern
992 3482 1079 3556 parts
1099 3476 1245 3538 orationis
1270 3476 1367 3540 media
1392 3479 1457 3541 lteri

86 3599 111 3638 so
125 3593 226 3666 potest
249 3583 411 3666 spnalipha.
450 3600 555 3645 rerum
579 3583 605 3644 si
629 3583 660 3644 in
684 3580 783 3645 medio
804 3581 895 3644 verbo
920 3582 997 3645 duae
1022 3580 1139 3644 vocales
1164 3587 1361 3668 conveniunt,
1385 3605 1456 3667 qua-

125 3712 193 3756 rrum
216 3695 301 3775 prior
326 3694 365 3755 sit
392 3691 494 3774 longa,
522 3699 623 3773 potest
645 3689 695 3755 illa
719 3709 795 3773 quae
821 3692 960 3771 sequitur
990 3693 1125 3773 priorem
1149 3691 1249 3754 lacere
1273 3692 1396 3756 brevem
1420 3695 1457 3757 de

125 3801 226 3884 longa,
245 3803 271 3862 sl
291 3802 335 3863 sic
353 3808 442 3883 poeta
461 3799 605 3882 soluerit3
627 3797 784 3861 aulerendl
804 3808 905 3862 alitem
925 3800 1062 3863 lundilus
1081 3809 1262 3882 potestatem
1277 3821 1338 3865 non
1358 3802 1455 3866 habel„

126 3920 171 3973 est
197 3911 278 3972 enlm
300 3907 389 3990 longa
413 3907 590 3972 naturaliter
615 3909 645 3970 in
669 3905 721 3968 illo
743 3905 876 3990 Paulini,

288 4025 326 4079 ut
349 4016 504 4080 citharis
529 4014 718 4078 modulans
741 4017 851 4078 unius
877 4017 1030 4080 verbere
1054 4017 1203 4101 plectri:

218 4199 231 4248 1
252 4191 289 4248 ad
308 4189 395 4265 atria]
415 4190 452 4246 ad
471 4189 528 4246 iria
548 4187 580 4245 F
632 4195 648 4245 3
668 4189 756 4262 idern]
776 4190 847 4247 item
865 4191 895 4246 P
947 4199 1083 4250 amensa
1102 4191 1166 4248 FP
1184 4209 1312 4250 mensam
1332 4193 1358 4248 L
1378 4211 1457 4251 men·

124 4289 208 4334 saec
273 4278 288 4328 ‘l
309 4271 434 4328 desierat
452 4271 515 4327 LP
532 4271 643 4328 desinet
662 4269 694 4325 F
755 4287 820 4327 cum
839 4271 944 4329 dicitnr
962 4272 989 4328 L
1054 4277 1099 4330 '10
1118 4275 1254 4347 namque]
1275 4274 1351 4331 enim
1370 4275 1424 4334 sP

124 4355 220 4412 nullos
244 4357 289 4412 esi
312 4351 443 4423 dactylus
468 4353 550 4409 neesi
573 4352 602 4409 in
626 4351 768 4425 spondens
793 4353 819 4408 L
898 4355 1035 4426 absorpta
1058 4373 1086 4410 ιιι
1111 4356 1174 4412 LP
1195 4357 1296 4412 aborta
1318 4355 1358 4411 im
1383 4355 1415 4410 F

126 4445 157 4494 il
177 4437 253 4494 teiiu
273 4435 337 4491 FP
353 4437 415 4490 lum
434 4433 554 4492 elinaL
637 4440 671 4490 12
690 4432 721 4490 in
741 4451 786 4490 em
805 4433 837 4490 F
918 4442 952 4492 ld
972 4437 1107 4509 nemque]
1128 4437 1267 4498 enimsP
1348 4438 1457 4495 tenisi

124 4517 334 4592 adpositionem
353 4515 534 4572 consonantis
554 4514 674 4573 alicuine
694 4516 757 4573 FP
771 4516 828 4573 nisi
847 4517 1006 4589 aposiiione
1027 4521 1107 4588 (corr.
1123 4519 1305 4590 appositione
1323 4519 1344 4590 l)
1364 4519 1456 4575 cuins·

124 4616 246 4672 cumque
266 4597 448 4654 consonantia
467 4596 494 4652 L
583 4603 615 4653 te
638 4614 750 4670 semper
769 4615 819 4655 ora.
841 4597 881 4666 L,
906 4599 971 4656 add.
992 4597 1054 4654 FP
1137 4605 1170 4654 21
1196 4599 1313 4656 formum
1333 4600 1386 4659 ςΡ

67 4720 72 4731 .
124 4687 158 4738 33
176 4681 272 4738 lucem
291 4696 361 4736 corr.
381 4677 484 4734 ducem
504 4678 533 4734 P
593 4685 626 4734 27
647 4681 864 4752 propellandam
885 4681 916 4736 F
978 4688 1012 4737 39
1032 4679 1180 4738 sciendum
1199 4683 1243 4738 eal
1261 4683 1358 4739 autem
1375 4682 1404 4739 P

124 4769 158 4820 lli
172 4760 294 4820 habebit
307 4777 378 4818 corr.
393 4759 482 4818 babet
495 4759 524 4815 P
575 4765 609 4817 33
629 4759 716 4833 longa
730 4762 899 4820 naturaliter
913 4761 945 4818 F
958 4769 983 4818 el
996 4765 1183 4834 superscripto
1196 4763 1284 4837 longa
1298 4763 1327 4818 P
1341 4769 1456 4824 natura·

124 4841 190 4902 liter
209 4843 298 4916 longa
316 4841 343 4898 L
882 4873 888 4879 -
