<?xml version="1.0" encoding="UTF-8"?>
<!DOCTYPE html PUBLIC "-//W3C//DTD XHTML 1.0 Transitional//EN"
    "http://www.w3.org/TR/xhtml1/DTD/xhtml1-transitional.dtd">
<html xmlns="http://www.w3.org/1999/xhtml" xml:lang="en" lang="en">
 <head>
  <title>
</title>
<meta http-equiv="Content-Type" content="text/html;charset=utf-8" />
  <meta name='ocr-system' content='tesseract 3.04.00' />
  <meta name='ocr-capabilities' content='ocr_page ocr_carea ocr_par ocr_line ocrx_word'/>
</head>
<body>
  <div class='ocr_page' id='page_1' title='image "./grammaticilatin00unkngoog/grammaticilatin00unkngoog_0507.png"; bbox 0 0 3604 5486; ppageno 0'>
   <div class='ocr_carea' id='block_1_1' title="bbox 352 311 1174 467">
    <p class='ocr_par' dir='ltr' id='par_1_1' title="bbox 352 311 1174 467">
     <span class='ocr_line' id='line_1_1' title="bbox 352 311 1174 376; baseline -0.007 0"><span class='ocrx_word' id='word_1_1' title='bbox 352 311 419 376; x_wconf 77' lang='lat'>494</span> <span class='ocrx_word' id='word_1_2' title='bbox 853 313 1033 371; x_wconf 77' lang='lat' dir='ltr'>anvstnttt</span> <span class='ocrx_word' id='word_1_3' title='bbox 1051 313 1174 372; x_wconf 80' lang='lat' dir='ltr'>nnssn</span> 
     </span>
     <span class='ocr_line' id='line_1_2' title="bbox 352 414 470 467; baseline 0.017 -11"><span class='ocrx_word' id='word_1_4' title='bbox 352 427 374 467; x_wconf 70' lang='lat' dir='ltr'>p.</span> <span class='ocrx_word' id='word_1_5' title='bbox 389 416 430 458; x_wconf 83' lang='lat' dir='ltr'>res</span> <span class='ocrx_word' id='word_1_6' title='bbox 444 414 470 458; x_wconf 84' lang='lat' dir='ltr'>n.</span> 
     </span>
    </p>
   </div>
   <div class='ocr_carea' id='block_1_2' title="bbox 352 501 1730 2854">
    <p class='ocr_par' dir='ltr' id='par_1_2' title="bbox 352 501 1686 691">
     <span class='ocr_line' id='line_1_3' title="bbox 352 501 1686 588; baseline 0.003 -28"><span class='ocrx_word' id='word_1_7' title='bbox 352 501 401 575; x_wconf 86' lang='lat' dir='ltr'>(V</span> <span class='ocrx_word' id='word_1_8' title='bbox 420 501 489 578; x_wconf 84' lang='grc'><em>8,6)</em></span> <span class='ocrx_word' id='word_1_9' title='bbox 519 503 671 583; x_wconf 88' lang='lat' dir='ltr'>primum</span> <span class='ocrx_word' id='word_1_10' title='bbox 700 502 810 566; x_wconf 87' lang='lat' dir='ltr'>huius</span> <span class='ocrx_word' id='word_1_11' title='bbox 840 503 944 566; x_wconf 88' lang='lat' dir='ltr'>uxorl</span> <span class='ocrx_word' id='word_1_12' title='bbox 974 510 1031 565; x_wconf 87' lang='lat' dir='ltr'>est</span> <span class='ocrx_word' id='word_1_13' title='bbox 1064 511 1178 565; x_wconf 89' lang='lat' dir='ltr'>mater</span> <span class='ocrx_word' id='word_1_14' title='bbox 1207 551 1214 564; x_wconf 94' lang='lat'><strong><em>.</em></strong></span> <span class='ocrx_word' id='word_1_15' title='bbox 1245 511 1340 566; x_wconf 85' lang='lat' dir='ltr'>mater</span> <span class='ocrx_word' id='word_1_16' title='bbox 1367 503 1462 588; x_wconf 88' lang='lat' dir='ltr'>illius,</span> <span class='ocrx_word' id='word_1_17' title='bbox 1491 502 1600 567; x_wconf 88' lang='lat' dir='ltr'>Cicero</span> <span class='ocrx_word' id='word_1_18' title='bbox 1627 522 1686 585; x_wconf 92' lang='lat' dir='ltr'>pro</span> 
     </span>
     <span class='ocr_line' id='line_1_4' title="bbox 354 608 1332 691; baseline 0.004 -19"><span class='ocrx_word' id='word_1_19' title='bbox 354 609 493 674; x_wconf 76' lang='lat' dir='ltr'>clarentio</span> <span class='ocrx_word' id='word_1_20' title='bbox 517 608 619 686; x_wconf 79' lang='lat'>(5,12)</span> <span class='ocrx_word' id='word_1_21' title='bbox 644 628 721 672; x_wconf 84' lang='lat' dir='ltr'>nam</span> <span class='ocrx_word' id='word_1_22' title='bbox 746 609 882 691; x_wconf 77' lang='lat' dir='ltr'>Sassia,</span> <span class='ocrx_word' id='word_1_23' title='bbox 906 609 1015 673; x_wconf 88' lang='lat' dir='ltr'>huius</span> <span class='ocrx_word' id='word_1_24' title='bbox 1040 619 1154 674; x_wconf 85' lang='lat' dir='ltr'>mater</span> <span class='ocrx_word' id='word_1_25' title='bbox 1178 609 1301 676; x_wconf 82' lang='lat' dir='ltr'>Habiti</span> <span class='ocrx_word' id='word_1_26' title='bbox 1325 660 1332 675; x_wconf 91' lang='lat'>.</span> 
     </span>
    </p>

    <p class='ocr_par' dir='ltr' id='par_1_3' title="bbox 443 716 1686 802">
     <span class='ocr_line' id='line_1_5' title="bbox 443 716 1686 802; baseline 0.002 -22"><span class='ocrx_word' id='word_1_27' title='bbox 443 716 584 780; x_wconf 81' lang='lat' dir='ltr'>lloderor</span> <span class='ocrx_word' id='word_1_28' title='bbox 599 717 672 801; x_wconf 88' lang='lat' dir='ltr'>lllia,</span> <span class='ocrx_word' id='word_1_29' title='bbox 697 717 755 781; x_wconf 83' lang='lat' dir='ltr'>Sal.</span> <span class='ocrx_word' id='word_1_30' title='bbox 770 717 855 782; x_wconf 83' lang='lat' dir='ltr'>Catil.</span> <span class='ocrx_word' id='word_1_31' title='bbox 870 718 994 795; x_wconf 62' lang='lat'><em>(5125)</em></span> <span class='ocrx_word' id='word_1_32' title='bbox 1009 719 1114 782; x_wconf 79' lang='lat' dir='ltr'>cultas</span> <span class='ocrx_word' id='word_1_33' title='bbox 1133 718 1248 782; x_wconf 90' lang='lat' dir='ltr'>libldo</span> <span class='ocrx_word' id='word_1_34' title='bbox 1266 720 1444 802; x_wconf 74' lang='lat' dir='ltr'>gentibus</span> <span class='ocrx_word' id='word_1_35' title='bbox 1463 720 1686 784; x_wconf 78' lang='lat' dir='ltr'><strong>moderatur.</strong></span> 
     </span>
    </p>

    <p class='ocr_par' dir='ltr' id='par_1_4' title="bbox 353 824 1716 1107">
     <span class='ocr_line' id='line_1_6' title="bbox 444 824 1686 912; baseline 0.002 -24"><span class='ocrx_word' id='word_1_36' title='bbox 444 825 543 890; x_wconf 87' lang='lat' dir='ltr'>illotus</span> <span class='ocrx_word' id='word_1_37' title='bbox 567 824 648 911; x_wconf 90' lang='lat' dir='ltr'>loco,</span> <span class='ocrx_word' id='word_1_38' title='bbox 672 825 734 890; x_wconf 85' lang='lat' dir='ltr'>Cic.</span> <span class='ocrx_word' id='word_1_39' title='bbox 757 825 842 890; x_wconf 87' lang='lat' dir='ltr'>Catil.</span> <span class='ocrx_word' id='word_1_40' title='bbox 865 825 893 888; x_wconf 95' lang='lat' dir='ltr'>ll</span> <span class='ocrx_word' id='word_1_41' title='bbox 916 826 993 902; x_wconf 68' lang='lat' dir='ltr'>(AI)</span> <span class='ocrx_word' id='word_1_42' title='bbox 1017 826 1098 890; x_wconf 91' lang='lat' dir='ltr'>loco</span> <span class='ocrx_word' id='word_1_43' title='bbox 1121 825 1183 890; x_wconf 90' lang='lat' dir='ltr'>ille</span> <span class='ocrx_word' id='word_1_44' title='bbox 1208 839 1326 892; x_wconf 91' lang='lat' dir='ltr'>motus</span> <span class='ocrx_word' id='word_1_45' title='bbox 1350 837 1419 912; x_wconf 89' lang='lat' dir='ltr'>est,</span> <span class='ocrx_word' id='word_1_46' title='bbox 1447 848 1525 893; x_wconf 90' lang='lat' dir='ltr'>cum</span> <span class='ocrx_word' id='word_1_47' title='bbox 1554 839 1613 892; x_wconf 88' lang='lat' dir='ltr'>est</span> <span class='ocrx_word' id='word_1_48' title='bbox 1643 847 1686 890; x_wconf 85' lang='lat' dir='ltr'>ex</span> 
     </span>
     <span class='ocr_line' id='line_1_7' title="bbox 353 933 1716 1020; baseline -0.001 -22"><span class='ocrx_word' id='word_1_49' title='bbox 353 934 425 998; x_wconf 87' lang='lat' dir='ltr'>ud.</span> <span class='ocrx_word' id='word_1_50' title='bbox 460 945 560 998; x_wconf 88' lang='lat' dir='ltr'>motus</span> <span class='ocrx_word' id='word_1_51' title='bbox 584 933 621 997; x_wconf 87' lang='lat' dir='ltr'>eh</span> <span class='ocrx_word' id='word_1_52' title='bbox 645 933 696 998; x_wconf 95' lang='lat' dir='ltr'>lllo</span> <span class='ocrx_word' id='word_1_53' title='bbox 720 934 800 1020; x_wconf 91' lang='lat' dir='ltr'>loco,</span> <span class='ocrx_word' id='word_1_54' title='bbox 824 933 883 998; x_wconf 90' lang='lat' dir='ltr'>Sal.</span> <span class='ocrx_word' id='word_1_55' title='bbox 908 935 976 998; x_wconf 83' lang='lat' dir='ltr'>ltlst</span> <span class='ocrx_word' id='word_1_56' title='bbox 1001 953 1119 1018; x_wconf 89' lang='lat' dir='ltr'>neque</span> <span class='ocrx_word' id='word_1_57' title='bbox 1143 954 1196 999; x_wconf 88' lang='lat' dir='ltr'>me</span> <span class='ocrx_word' id='word_1_58' title='bbox 1220 935 1367 1000; x_wconf 80' lang='lat' dir='ltr'>diversa</span> <span class='ocrx_word' id='word_1_59' title='bbox 1394 956 1477 1020; x_wconf 89' lang='lat' dir='ltr'>pers</span> <span class='ocrx_word' id='word_1_60' title='bbox 1501 939 1537 1001; x_wconf 93' lang='lat' dir='ltr'>in</span> <span class='ocrx_word' id='word_1_61' title='bbox 1562 937 1716 1001; x_wconf 65' lang='lat' dir='ltr'>culli-s</span> 
     </span>
     <span class='ocr_line' id='line_1_8' title="bbox 353 1042 868 1107; baseline -0.004 -1"><span class='ocrx_word' id='word_1_62' title='bbox 353 1042 419 1106; x_wconf 90' lang='lat' dir='ltr'>bus</span> <span class='ocrx_word' id='word_1_63' title='bbox 443 1046 553 1106; x_wconf 89' lang='lat' dir='ltr'>armis</span> <span class='ocrx_word' id='word_1_64' title='bbox 577 1045 688 1107; x_wconf 88' lang='lat' dir='ltr'>morit</span> <span class='ocrx_word' id='word_1_65' title='bbox 712 1064 728 1106; x_wconf 92' lang='lat' dir='ltr'>a</span> <span class='ocrx_word' id='word_1_66' title='bbox 752 1063 868 1106; x_wconf 88' lang='lat' dir='ltr'>rero.</span> 
     </span>
    </p>

    <p class='ocr_par' dir='ltr' id='par_1_5' title="bbox 354 1150 1686 1452">
     <span class='ocr_line' id='line_1_9' title="bbox 445 1150 1686 1238; baseline 0.004 -24"><span class='ocrx_word' id='word_1_67' title='bbox 445 1151 583 1214; x_wconf 78' lang='lat' dir='ltr'>Minister</span> <span class='ocrx_word' id='word_1_68' title='bbox 606 1152 667 1236; x_wconf 89' lang='lat' dir='ltr'>his,</span> <span class='ocrx_word' id='word_1_69' title='bbox 692 1151 750 1216; x_wconf 87' lang='lat' dir='ltr'>Sal.</span> <span class='ocrx_word' id='word_1_70' title='bbox 769 1151 838 1216; x_wconf 87' lang='lat' dir='ltr'>hist</span> <span class='ocrx_word' id='word_1_71' title='bbox 858 1150 913 1214; x_wconf 92' lang='lat' dir='ltr'>llll</span> <span class='ocrx_word' id='word_1_72' title='bbox 938 1152 1167 1216; x_wconf 76' lang='lat' dir='ltr'>multitudini</span> <span class='ocrx_word' id='word_1_73' title='bbox 1192 1152 1406 1238; x_wconf 88' lang='lat' dir='ltr'>ostendens,</span> <span class='ocrx_word' id='word_1_74' title='bbox 1430 1173 1534 1236; x_wconf 88' lang='lat' dir='ltr'>quam</span> <span class='ocrx_word' id='word_1_75' title='bbox 1559 1156 1686 1219; x_wconf 90' lang='lat' dir='ltr'>colere</span> 
     </span>
     <span class='ocr_line' id='line_1_10' title="bbox 354 1259 1686 1345; baseline 0.005 -23"><span class='ocrx_word' id='word_1_76' title='bbox 354 1259 566 1343; x_wconf 91' lang='lat' dir='ltr'>plurimum,</span> <span class='ocrx_word' id='word_1_77' title='bbox 609 1271 647 1323; x_wconf 91' lang='lat' dir='ltr'>ut</span> <span class='ocrx_word' id='word_1_78' title='bbox 683 1279 762 1324; x_wconf 86' lang='lat' dir='ltr'>mox</span> <span class='ocrx_word' id='word_1_79' title='bbox 799 1261 938 1342; x_wconf 86' lang='lat' dir='ltr'>cupitis</span> <span class='ocrx_word' id='word_1_80' title='bbox 975 1263 1180 1324; x_wconf 88' lang='lat' dir='ltr'>ministram</span> <span class='ocrx_word' id='word_1_81' title='bbox 1218 1259 1383 1345; x_wconf 87' lang='lat' dir='ltr'>lraberet,</span> <span class='ocrx_word' id='word_1_82' title='bbox 1425 1261 1648 1328; x_wconf 82' lang='lat' dir='ltr'>decreverat</span> <span class='ocrx_word' id='word_1_83' title='bbox 1679 1315 1686 1328; x_wconf 94' lang='lat'><strong>.</strong></span> 
     </span>
     <span class='ocr_line' id='line_1_11' title="bbox 355 1367 1686 1452; baseline 0.004 -21"><span class='ocrx_word' id='word_1_84' title='bbox 355 1372 494 1432; x_wconf 82' lang='lat' dir='ltr'>minister</span> <span class='ocrx_word' id='word_1_85' title='bbox 508 1368 608 1452; x_wconf 89' lang='lat' dir='ltr'>huius,</span> <span class='ocrx_word' id='word_1_86' title='bbox 622 1368 708 1450; x_wconf 74' lang='lat' dir='ltr'>l&#39;erg.</span> <span class='ocrx_word' id='word_1_87' title='bbox 724 1372 796 1432; x_wconf 91' lang='lat' dir='ltr'>Aen.</span> <span class='ocrx_word' id='word_1_88' title='bbox 812 1367 853 1430; x_wconf 85' lang='lat' dir='ltr'>XI</span> <span class='ocrx_word' id='word_1_89' title='bbox 868 1369 964 1444; x_wconf 78' lang='grc'><em>(658)</em></span> <span class='ocrx_word' id='word_1_90' title='bbox 978 1372 1153 1452; x_wconf 81' lang='lat' dir='ltr'>pacisque</span> <span class='ocrx_word' id='word_1_91' title='bbox 1174 1369 1285 1433; x_wconf 90' lang='lat' dir='ltr'>bonas</span> <span class='ocrx_word' id='word_1_92' title='bbox 1304 1368 1467 1452; x_wconf 88' lang='lat' dir='ltr'>bellique</span> <span class='ocrx_word' id='word_1_93' title='bbox 1483 1375 1686 1436; x_wconf 85' lang='lat' dir='ltr'>ministras.</span> 
     </span>
    </p>

    <p class='ocr_par' dir='ltr' id='par_1_6' title="bbox 444 1475 1729 1560">
     <span class='ocr_line' id='line_1_12' title="bbox 444 1475 1729 1560; baseline 0.004 -22"><span class='ocrx_word' id='word_1_94' title='bbox 444 1475 523 1539; x_wconf 87' lang='lat' dir='ltr'>llille</span> <span class='ocrx_word' id='word_1_95' title='bbox 547 1476 692 1540; x_wconf 88' lang='lat' dir='ltr'>librarum</span> <span class='ocrx_word' id='word_1_96' title='bbox 716 1487 855 1540; x_wconf 89' lang='lat' dir='ltr'>mutuum</span> <span class='ocrx_word' id='word_1_97' title='bbox 880 1477 974 1560; x_wconf 89' lang='lat' dir='ltr'>dedit,</span> <span class='ocrx_word' id='word_1_98' title='bbox 998 1478 1160 1542; x_wconf 81' lang='lat' dir='ltr'>Terentius</span> <span class='ocrx_word' id='word_1_99' title='bbox 1183 1476 1289 1544; x_wconf 86' lang='lat' dir='ltr'>lleaut</span> <span class='ocrx_word' id='word_1_100' title='bbox 1314 1480 1389 1552; x_wconf 88' lang='lat' dir='ltr'><strong><em>(III</em></strong></span> <span class='ocrx_word' id='word_1_101' title='bbox 1406 1481 1501 1557; x_wconf 77' lang='lat'><em>3,40)</em></span> <span class='ocrx_word' id='word_1_102' title='bbox 1703 1498 1729 1536; x_wconf 77' lang='lat' dir='ltr'>ao</span> 
     </span>
    </p>

    <p class='ocr_par' dir='ltr' id='par_1_7' title="bbox 449 1585 1583 1668">
     <span class='ocr_line' id='line_1_13' title="bbox 449 1585 1583 1668; baseline 0.003 -20"><span class='ocrx_word' id='word_1_103' title='bbox 449 1587 508 1648; x_wconf 91' lang='lat' dir='ltr'>cui</span> <span class='ocrx_word' id='word_1_104' title='bbox 532 1585 781 1649; x_wconf 84' lang='lat' dir='ltr'>drachmarum</span> <span class='ocrx_word' id='word_1_105' title='bbox 805 1585 894 1649; x_wconf 87' lang='lat' dir='ltr'>haec</span> <span class='ocrx_word' id='word_1_106' title='bbox 917 1588 1061 1668; x_wconf 82' lang='lat' dir='ltr'>argenti</span> <span class='ocrx_word' id='word_1_107' title='bbox 1084 1590 1185 1649; x_wconf 88' lang='lat' dir='ltr'>mitte</span> <span class='ocrx_word' id='word_1_108' title='bbox 1209 1589 1368 1651; x_wconf 84' lang='lat' dir='ltr'>dederat</span> <span class='ocrx_word' id='word_1_109' title='bbox 1390 1597 1552 1651; x_wconf 86' lang='lat' dir='ltr'>mutuum</span> <span class='ocrx_word' id='word_1_110' title='bbox 1576 1637 1583 1651; x_wconf 90' lang='lat'><em>.</em></span> 
     </span>
    </p>

    <p class='ocr_par' dir='ltr' id='par_1_8' title="bbox 356 1693 1686 1878">
     <span class='ocr_line' id='line_1_14' title="bbox 445 1693 1686 1778; baseline 0.003 -22"><span class='ocrx_word' id='word_1_111' title='bbox 445 1693 544 1756; x_wconf 80' lang='lat' dir='ltr'>lllnrrs</span> <span class='ocrx_word' id='word_1_112' title='bbox 568 1693 659 1757; x_wconf 87' lang='lat' dir='ltr'>habet</span> <span class='ocrx_word' id='word_1_113' title='bbox 682 1713 756 1778; x_wconf 79' lang='lat' dir='ltr'>rino,</span> <span class='ocrx_word' id='word_1_114' title='bbox 780 1693 841 1758; x_wconf 86' lang='lat' dir='ltr'>Cio.</span> <span class='ocrx_word' id='word_1_115' title='bbox 865 1693 902 1758; x_wconf 88' lang='lat' dir='ltr'>de</span> <span class='ocrx_word' id='word_1_116' title='bbox 926 1705 1067 1778; x_wconf 80' lang='lat' dir='ltr'>praetura</span> <span class='ocrx_word' id='word_1_117' title='bbox 1092 1694 1207 1758; x_wconf 88' lang='lat' dir='ltr'>rrrbana</span> <span class='ocrx_word' id='word_1_118' title='bbox 1231 1694 1332 1760; x_wconf 87' lang='lat' dir='ltr'>Verris</span> <span class='ocrx_word' id='word_1_119' title='bbox 1357 1700 1404 1771; x_wconf 91' lang='lat' dir='ltr'>(in</span> <span class='ocrx_word' id='word_1_120' title='bbox 1436 1697 1522 1761; x_wconf 87' lang='lat' dir='ltr'>Verr.</span> <span class='ocrx_word' id='word_1_121' title='bbox 1542 1707 1604 1762; x_wconf 85' lang='lat' dir='ltr'>oct.</span> <span class='ocrx_word' id='word_1_122' title='bbox 1622 1717 1686 1762; x_wconf 86' lang='lat' dir='ltr'>sec.</span> 
     </span>
     <span class='ocr_line' id='line_1_15' title="bbox 356 1801 1347 1878; baseline 0.004 -14"><span class='ocrx_word' id='word_1_123' title='bbox 356 1801 531 1878; x_wconf 62' lang='lat' dir='ltr'>lenire)</span> <span class='ocrx_word' id='word_1_124' title='bbox 556 1811 595 1866; x_wconf 94' lang='lat' dir='ltr'>ut</span> <span class='ocrx_word' id='word_1_125' title='bbox 619 1821 689 1866; x_wconf 88' lang='lat' dir='ltr'>uno</span> <span class='ocrx_word' id='word_1_126' title='bbox 713 1804 832 1865; x_wconf 83' lang='lat' dir='ltr'>mintrs</span> <span class='ocrx_word' id='word_1_127' title='bbox 855 1812 952 1866; x_wconf 88' lang='lat' dir='ltr'>teste</span> <span class='ocrx_word' id='word_1_128' title='bbox 976 1801 1128 1866; x_wconf 86' lang='lat' dir='ltr'>haberet</span> <span class='ocrx_word' id='word_1_129' title='bbox 1152 1802 1316 1867; x_wconf 79' lang='lat' dir='ltr'>llslronlo</span> <span class='ocrx_word' id='word_1_130' title='bbox 1340 1853 1347 1868; x_wconf 92' lang='lat'><strong>.</strong></span> 
     </span>
    </p>

    <p class='ocr_par' dir='ltr' id='par_1_9' title="bbox 355 1909 1729 2210">
     <span class='ocr_line' id='line_1_16' title="bbox 446 1909 1687 1995; baseline 0.005 -23"><span class='ocrx_word' id='word_1_131' title='bbox 446 1910 562 1974; x_wconf 89' lang='lat' dir='ltr'>Nomen</span> <span class='ocrx_word' id='word_1_132' title='bbox 582 1911 624 1974; x_wconf 90' lang='lat' dir='ltr'>illl</span> <span class='ocrx_word' id='word_1_133' title='bbox 643 1909 774 1993; x_wconf 79' lang='lat' dir='ltr'>Vergilio</span> <span class='ocrx_word' id='word_1_134' title='bbox 799 1921 859 1995; x_wconf 88' lang='lat' dir='ltr'>est,</span> <span class='ocrx_word' id='word_1_135' title='bbox 882 1911 969 1994; x_wconf 79' lang='lat' dir='ltr'>l&#39;erg.</span> <span class='ocrx_word' id='word_1_136' title='bbox 989 1928 1090 1994; x_wconf 78' lang='lat' dir='ltr'>georg.</span> <span class='ocrx_word' id='word_1_137' title='bbox 1110 1911 1164 1974; x_wconf 95' lang='lat' dir='ltr'>llll</span> <span class='ocrx_word' id='word_1_138' title='bbox 1184 1912 1279 1989; x_wconf 81' lang='grc'><em>(271)</em></span> <span class='ocrx_word' id='word_1_139' title='bbox 1303 1916 1362 1976; x_wconf 93' lang='lat' dir='ltr'>cul</span> <span class='ocrx_word' id='word_1_140' title='bbox 1387 1932 1515 1977; x_wconf 89' lang='lat' dir='ltr'>nomeu</span> <span class='ocrx_word' id='word_1_141' title='bbox 1539 1914 1687 1978; x_wconf 85' lang='lat' dir='ltr'>amello:</span> 
     </span>
     <span class='ocr_line' id='line_1_17' title="bbox 355 2017 1729 2103; baseline -0.001 -22"><span class='ocrx_word' id='word_1_142' title='bbox 355 2022 398 2083; x_wconf 89' lang='lat' dir='ltr'>sic</span> <span class='ocrx_word' id='word_1_143' title='bbox 432 2030 464 2082; x_wconf 91' lang='lat' dir='ltr'>et</span> <span class='ocrx_word' id='word_1_144' title='bbox 495 2021 567 2081; x_wconf 93' lang='lat' dir='ltr'>Aen.</span> <span class='ocrx_word' id='word_1_145' title='bbox 601 2017 679 2080; x_wconf 86' lang='lat' dir='ltr'>Vllll</span> <span class='ocrx_word' id='word_1_146' title='bbox 712 2021 809 2097; x_wconf 82' lang='grc'><em>(593)</em></span> <span class='ocrx_word' id='word_1_147' title='bbox 842 2023 901 2084; x_wconf 91' lang='lat' dir='ltr'>oul</span> <span class='ocrx_word' id='word_1_148' title='bbox 934 2019 1084 2082; x_wconf 84' lang='lat' dir='ltr'>liemulo</span> <span class='ocrx_word' id='word_1_149' title='bbox 1118 2039 1317 2103; x_wconf 80' lang='lat' dir='ltr'>cognomen</span> <span class='ocrx_word' id='word_1_150' title='bbox 1351 2033 1430 2084; x_wconf 89' lang='lat' dir='ltr'>erat</span> <span class='ocrx_word' id='word_1_151' title='bbox 1457 2069 1465 2084; x_wconf 90' lang='lat'><strong>.</strong></span> <span class='ocrx_word' id='word_1_152' title='bbox 1497 2041 1607 2086; x_wconf 92' lang='lat' dir='ltr'>nomen</span> <span class='ocrx_word' id='word_1_153' title='bbox 1641 2023 1686 2086; x_wconf 93' lang='lat' dir='ltr'>illi</span> <span class='ocrx_word' id='word_1_154' title='bbox 1703 2041 1729 2080; x_wconf 80' lang='lat' dir='ltr'>u</span> 
     </span>
     <span class='ocr_line' id='line_1_18' title="bbox 355 2126 994 2210; baseline 0.008 -24"><span class='ocrx_word' id='word_1_155' title='bbox 355 2127 503 2210; x_wconf 78' lang='lat' dir='ltr'>Vergilius</span> <span class='ocrx_word' id='word_1_156' title='bbox 528 2136 587 2208; x_wconf 90' lang='lat' dir='ltr'>est,</span> <span class='ocrx_word' id='word_1_157' title='bbox 611 2126 690 2190; x_wconf 85' lang='lat' dir='ltr'>idern</span> <span class='ocrx_word' id='word_1_158' title='bbox 715 2129 787 2190; x_wconf 82' lang='lat' dir='ltr'>Aen.</span> <span class='ocrx_word' id='word_1_159' title='bbox 812 2127 876 2190; x_wconf 89' lang='lat' dir='ltr'>Vlll</span> <span class='ocrx_word' id='word_1_160' title='bbox 900 2129 994 2204; x_wconf 82' lang='lat'><em>(358)</em></span> 
     </span>
    </p>

    <p class='ocr_par' dir='ltr' id='par_1_10' title="bbox 354 2235 1730 2854">
     <span class='ocr_line' id='line_1_19' title="bbox 562 2235 1479 2322; baseline 0.004 -24"><span class='ocrx_word' id='word_1_161' title='bbox 562 2235 764 2301; x_wconf 88' lang='lat' dir='ltr'>ianiculum</span> <span class='ocrx_word' id='word_1_162' title='bbox 790 2238 887 2320; x_wconf 76' lang='lat' dir='ltr'>herle,</span> <span class='ocrx_word' id='word_1_163' title='bbox 912 2235 972 2301; x_wconf 85' lang='lat' dir='ltr'>itt&#39;i</span> <span class='ocrx_word' id='word_1_164' title='bbox 995 2240 1115 2302; x_wconf 87' lang='lat' dir='ltr'>luerat</span> <span class='ocrx_word' id='word_1_165' title='bbox 1139 2238 1312 2302; x_wconf 84' lang='lat' dir='ltr'>Saturnio</span> <span class='ocrx_word' id='word_1_166' title='bbox 1338 2257 1479 2322; x_wconf 89' lang='lat' dir='ltr'>nomen,</span> 
     </span>
     <span class='ocr_line' id='line_1_20' title="bbox 355 2343 1684 2428; baseline 0.002 -19"><span class='ocrx_word' id='word_1_167' title='bbox 355 2346 424 2409; x_wconf 89' lang='lat' dir='ltr'>Ter.</span> <span class='ocrx_word' id='word_1_168' title='bbox 443 2343 534 2428; x_wconf 75' lang='lat' dir='ltr'>llecp.</span> <span class='ocrx_word' id='word_1_169' title='bbox 559 2348 650 2425; x_wconf 88' lang='lat' dir='ltr'>(prol.</span> <span class='ocrx_word' id='word_1_170' title='bbox 669 2347 703 2422; x_wconf 91' lang='grc'>1)</span> <span class='ocrx_word' id='word_1_171' title='bbox 724 2347 875 2426; x_wconf 79' lang='lat' dir='ltr'>Hecyra</span> <span class='ocrx_word' id='word_1_172' title='bbox 898 2357 954 2409; x_wconf 88' lang='lat' dir='ltr'>est</span> <span class='ocrx_word' id='word_1_173' title='bbox 978 2346 1061 2410; x_wconf 89' lang='lat' dir='ltr'>lrulc</span> <span class='ocrx_word' id='word_1_174' title='bbox 1086 2364 1213 2410; x_wconf 89' lang='lat' dir='ltr'>nomen</span> <span class='ocrx_word' id='word_1_175' title='bbox 1238 2345 1395 2410; x_wconf 80' lang='lat' dir='ltr'>tabulae:</span> <span class='ocrx_word' id='word_1_176' title='bbox 1420 2347 1478 2409; x_wconf 86' lang='lat' dir='ltr'>Sal.</span> <span class='ocrx_word' id='word_1_177' title='bbox 1498 2348 1567 2412; x_wconf 88' lang='lat' dir='ltr'>hist.</span> <span class='ocrx_word' id='word_1_178' title='bbox 1587 2347 1625 2410; x_wconf 98' lang='lat' dir='ltr'>lll</span> <span class='ocrx_word' id='word_1_179' title='bbox 1647 2349 1684 2412; x_wconf 92' lang='lat' dir='ltr'>de</span> 
     </span>
     <span class='ocr_line' id='line_1_21' title="bbox 355 2453 1684 2536; baseline 0.003 -20"><span class='ocrx_word' id='word_1_180' title='bbox 355 2453 479 2517; x_wconf 90' lang='lat' dir='ltr'>llumiue</span> <span class='ocrx_word' id='word_1_181' title='bbox 516 2472 627 2536; x_wconf 79' lang='lat' dir='ltr'>genere</span> <span class='ocrx_word' id='word_1_182' title='bbox 667 2464 775 2518; x_wconf 91' lang='lat' dir='ltr'>neutro</span> <span class='ocrx_word' id='word_1_183' title='bbox 813 2472 1014 2535; x_wconf 87' lang='lat' dir='ltr'>nomenque</span> <span class='ocrx_word' id='word_1_184' title='bbox 1054 2455 1255 2517; x_wconf 87' lang='lat' dir='ltr'>Danubium</span> <span class='ocrx_word' id='word_1_185' title='bbox 1292 2453 1401 2518; x_wconf 86' lang='lat' dir='ltr'>habet</span> <span class='ocrx_word' id='word_1_186' title='bbox 1435 2505 1441 2517; x_wconf 94' lang='lat'>.</span> <span class='ocrx_word' id='word_1_187' title='bbox 1476 2474 1587 2518; x_wconf 90' lang='lat' dir='ltr'>nomen</span> <span class='ocrx_word' id='word_1_188' title='bbox 1626 2457 1684 2520; x_wconf 89' lang='lat' dir='ltr'>illis</span> 
     </span>
     <span class='ocr_line' id='line_1_22' title="bbox 354 2561 1730 2645; baseline 0.001 -24"><span class='ocrx_word' id='word_1_189' title='bbox 354 2562 518 2644; x_wconf 77' lang='lat' dir='ltr'>Vergilium</span> <span class='ocrx_word' id='word_1_190' title='bbox 542 2565 658 2645; x_wconf 88' lang='lat' dir='ltr'>posuit,</span> <span class='ocrx_word' id='word_1_191' title='bbox 682 2561 830 2644; x_wconf 75' lang='lat' dir='ltr'>vergilius</span> <span class='ocrx_word' id='word_1_192' title='bbox 853 2561 1002 2625; x_wconf 77' lang='lat' dir='ltr'>Aeneidos</span> <span class='ocrx_word' id='word_1_193' title='bbox 1027 2563 1154 2643; x_wconf 89' lang='lat' dir='ltr'>septimo</span> <span class='ocrx_word' id='word_1_194' title='bbox 1179 2562 1253 2638; x_wconf 85' lang='grc'><em>(63)</em></span> <span class='ocrx_word' id='word_1_195' title='bbox 1701 2583 1730 2622; x_wconf 79' lang='lat' dir='ltr'>ao</span> 
     </span>
     <span class='ocr_line' id='line_1_23' title="bbox 550 2669 1484 2755; baseline 0.001 -21"><span class='ocrx_word' id='word_1_196' title='bbox 550 2669 826 2752; x_wconf 70' lang='lat' dir='ltr'>haerentesque</span> <span class='ocrx_word' id='word_1_197' title='bbox 851 2669 892 2733; x_wconf 92' lang='lat' dir='ltr'>ah</span> <span class='ocrx_word' id='word_1_198' title='bbox 917 2689 955 2732; x_wconf 90' lang='lat' dir='ltr'>ea</span> <span class='ocrx_word' id='word_1_199' title='bbox 981 2689 1109 2733; x_wconf 90' lang='lat' dir='ltr'>nomen</span> <span class='ocrx_word' id='word_1_200' title='bbox 1133 2675 1301 2752; x_wconf 86' lang='lat' dir='ltr'>posuisse</span> <span class='ocrx_word' id='word_1_201' title='bbox 1327 2672 1484 2755; x_wconf 90' lang='lat' dir='ltr'>colonis,</span> 
     </span>
     <span class='ocr_line' id='line_1_24' title="bbox 355 2761 1533 2854; baseline -0.004 -10"><span class='ocrx_word' id='word_1_202' title='bbox 355 2781 436 2844; x_wconf 77' lang='lat' dir='ltr'>roem</span> <span class='ocrx_word' id='word_1_203' title='bbox 459 2783 531 2842; x_wconf 81' lang='lat' dir='ltr'>nen.</span> <span class='ocrx_word' id='word_1_204' title='bbox 556 2777 597 2840; x_wconf 88' lang='grc' dir='ltr'>ιιι</span> <span class='ocrx_word' id='word_1_205' title='bbox 620 2781 689 2854; x_wconf 84' lang='lat' dir='ltr'>(rs)</span> <span class='ocrx_word' id='word_1_206' title='bbox 1528 2761 1533 2768; x_wconf 82' lang='lat'>&#39;</span> 
     </span>
    </p>
   </div>
   <div class='ocr_carea' id='block_1_3' title="bbox 446 2887 1726 3188">
    <p class='ocr_par' dir='ltr' id='par_1_11' title="bbox 446 2887 1726 3188">
     <span class='ocr_line' id='line_1_25' title="bbox 563 2887 1469 2974; baseline 0.001 -23"><span class='ocrx_word' id='word_1_207' title='bbox 563 2887 827 2971; x_wconf 75' lang='lat' dir='ltr'>Aeneadasque</span> <span class='ocrx_word' id='word_1_208' title='bbox 851 2907 927 2952; x_wconf 89' lang='lat' dir='ltr'>meo</span> <span class='ocrx_word' id='word_1_209' title='bbox 953 2907 1080 2953; x_wconf 81' lang='lat' dir='ltr'>ttamen</span> <span class='ocrx_word' id='word_1_210' title='bbox 1105 2889 1146 2952; x_wconf 91' lang='lat' dir='ltr'>de</span> <span class='ocrx_word' id='word_1_211' title='bbox 1172 2894 1314 2954; x_wconf 89' lang='lat' dir='ltr'>nomine</span> <span class='ocrx_word' id='word_1_212' title='bbox 1339 2893 1438 2974; x_wconf 83' lang='lat' dir='ltr'>lingo</span> <span class='ocrx_word' id='word_1_213' title='bbox 1463 2941 1469 2952; x_wconf 95' lang='lat'><em>.</em></span> 
     </span>
     <span class='ocr_line' id='line_1_26' title="bbox 446 2995 1257 3081; baseline 0.001 -22"><span class='ocrx_word' id='word_1_214' title='bbox 446 2997 573 3060; x_wconf 86' lang='lat' dir='ltr'>Nescius</span> <span class='ocrx_word' id='word_1_215' title='bbox 597 2995 654 3058; x_wconf 90' lang='lat' dir='ltr'>hoo</span> <span class='ocrx_word' id='word_1_216' title='bbox 679 2997 792 3080; x_wconf 89' lang='lat' dir='ltr'>lacere,</span> <span class='ocrx_word' id='word_1_217' title='bbox 815 2996 902 3080; x_wconf 79' lang='lat' dir='ltr'>Verg.</span> <span class='ocrx_word' id='word_1_218' title='bbox 927 3017 1028 3081; x_wconf 79' lang='lat' dir='ltr'>georg.</span> <span class='ocrx_word' id='word_1_219' title='bbox 1053 2997 1079 3061; x_wconf 95' lang='lat' dir='ltr'>ll</span> <span class='ocrx_word' id='word_1_220' title='bbox 1103 2999 1205 3074; x_wconf 77' lang='grc'><em>(467)</em></span> <span class='ocrx_word' id='word_1_221' title='bbox 1253 3053 1257 3060; x_wconf 94' lang='grc'>.</span> 
     </span>
     <span class='ocr_line' id='line_1_27' title="bbox 613 3107 1726 3188; baseline 0.006 -22"><span class='ocrx_word' id='word_1_222' title='bbox 613 3112 648 3167; x_wconf 88' lang='lat' dir='ltr'>at</span> <span class='ocrx_word' id='word_1_223' title='bbox 672 3123 802 3169; x_wconf 89' lang='lat' dir='ltr'>secura</span> <span class='ocrx_word' id='word_1_224' title='bbox 826 3109 932 3188; x_wconf 89' lang='lat' dir='ltr'>quies</span> <span class='ocrx_word' id='word_1_225' title='bbox 956 3116 991 3169; x_wconf 87' lang='lat' dir='ltr'>et</span> <span class='ocrx_word' id='word_1_226' title='bbox 1015 3110 1141 3169; x_wconf 86' lang='lat' dir='ltr'>nescla</span> <span class='ocrx_word' id='word_1_227' title='bbox 1166 3107 1295 3171; x_wconf 85' lang='lat' dir='ltr'>tallere</span> <span class='ocrx_word' id='word_1_228' title='bbox 1320 3109 1392 3171; x_wconf 86' lang='lat' dir='ltr'>vita</span> <span class='ocrx_word' id='word_1_229' title='bbox 1417 3157 1424 3172; x_wconf 90' lang='lat'><strong>.</strong></span> <span class='ocrx_word' id='word_1_230' title='bbox 1700 3127 1726 3166; x_wconf 69' lang='grc' dir='ltr'><strong>ιι</strong></span> 
     </span>
    </p>
   </div>
   <div class='ocr_carea' id='block_1_4' title="bbox 357 3247 572 3260">
    <p class='ocr_par' dir='ltr' id='par_1_12' title="bbox 357 3247 572 3260">
     <span class='ocr_line' id='line_1_28' title="bbox 357 3247 572 3260; baseline -0.009 0"><span class='ocrx_word' id='word_1_231' title='bbox 357 3247 572 3260; x_wconf 57' lang='grc' dir='ltr'>..ι--ἡ-</span> 
     </span>
    </p>
   </div>
   <div class='ocr_carea' id='block_1_5' title="bbox 355 3324 1686 3814">
    <p class='ocr_par' dir='ltr' id='par_1_13' title="bbox 355 3324 1686 3814">
     <span class='ocr_line' id='line_1_29' title="bbox 447 3324 1684 3400; baseline 0.002 -17"><span class='ocrx_word' id='word_1_232' title='bbox 447 3327 539 3383; x_wconf 76' lang='lat' dir='ltr'>Codes</span> <span class='ocrx_word' id='word_1_233' title='bbox 560 3325 712 3381; x_wconf 83' lang='lat' dir='ltr'>Porritnsii</span> <span class='ocrx_word' id='word_1_234' title='bbox 747 3324 892 3398; x_wconf 68' lang='lat' dir='ltr'>asmata]</span> <span class='ocrx_word' id='word_1_235' title='bbox 913 3325 936 3380; x_wconf 83' lang='lat' dir='ltr'>si</span> <span class='ocrx_word' id='word_1_236' title='bbox 957 3325 1022 3382; x_wconf 83' lang='lat' dir='ltr'>Asia</span> <span class='ocrx_word' id='word_1_237' title='bbox 1104 3326 1187 3382; x_wconf 82' lang='lat' dir='ltr'>huius</span> <span class='ocrx_word' id='word_1_238' title='bbox 1212 3330 1373 3400; x_wconf 72' lang='lat' dir='ltr'>eormqendo</span> <span class='ocrx_word' id='word_1_239' title='bbox 1396 3331 1531 3400; x_wconf 86' lang='lat' dir='ltr'>seriptum</span> <span class='ocrx_word' id='word_1_240' title='bbox 1555 3337 1595 3386; x_wconf 84' lang='lat' dir='ltr'>est</span> <span class='ocrx_word' id='word_1_241' title='bbox 1669 3337 1684 3386; x_wconf 85' lang='lat'><strong>8</strong></span> 
     </span>
     <span class='ocr_line' id='line_1_30' title="bbox 355 3405 1685 3494; baseline 0.001 -28"><span class='ocrx_word' id='word_1_242' title='bbox 355 3414 389 3466; x_wconf 90' lang='lat' dir='ltr'>ut</span> <span class='ocrx_word' id='word_1_243' title='bbox 406 3426 473 3466; x_wconf 89' lang='lat' dir='ltr'>mcx</span> <span class='ocrx_word' id='word_1_244' title='bbox 491 3407 571 3480; x_wconf 86' lang='lat' dir='ltr'>cupit</span> <span class='ocrx_word' id='word_1_245' title='bbox 588 3407 613 3462; x_wconf 84' lang='lat' dir='ltr'>is</span> <span class='ocrx_word' id='word_1_246' title='bbox 631 3407 793 3463; x_wconf 81' lang='lat' dir='ltr'>ministrum</span> <span class='ocrx_word' id='word_1_247' title='bbox 812 3405 917 3462; x_wconf 84' lang='lat' dir='ltr'>habere</span> <span class='ocrx_word' id='word_1_248' title='bbox 991 3407 1122 3494; x_wconf 71' lang='lat' dir='ltr'>abenas]</span> <span class='ocrx_word' id='word_1_249' title='bbox 1138 3407 1228 3466; x_wconf 88' lang='lat' dir='ltr'>bonus</span> <span class='ocrx_word' id='word_1_250' title='bbox 1302 3418 1334 3466; x_wconf 88' lang='lat'>11</span> <span class='ocrx_word' id='word_1_251' title='bbox 1355 3411 1401 3467; x_wconf 90' lang='lat' dir='ltr'>cni</span> <span class='ocrx_word' id='word_1_252' title='bbox 1415 3411 1598 3482; x_wconf 72' lang='lat' dir='ltr'>dmgmsrum</span> <span class='ocrx_word' id='word_1_253' title='bbox 1613 3411 1685 3468; x_wconf 86' lang='lat' dir='ltr'>haee</span> 
     </span>
     <span class='ocr_line' id='line_1_31' title="bbox 356 3495 1648 3574; baseline 0.002 -18"><span class='ocrx_word' id='word_1_254' title='bbox 356 3499 468 3572; x_wconf 81' lang='lat' dir='ltr'>urgenti</span> <span class='ocrx_word' id='word_1_255' title='bbox 486 3497 580 3554; x_wconf 90' lang='lat' dir='ltr'>miuus</span> <span class='ocrx_word' id='word_1_256' title='bbox 599 3497 686 3554; x_wconf 86' lang='lat' dir='ltr'>habet</span> <span class='ocrx_word' id='word_1_257' title='bbox 760 3502 794 3552; x_wconf 78' lang='lat'>18</span> <span class='ocrx_word' id='word_1_258' title='bbox 812 3495 955 3559; x_wconf 74' lang='lat' dir='ltr'>Habonio]</span> <span class='ocrx_word' id='word_1_259' title='bbox 974 3497 1098 3554; x_wconf 83' lang='lat' dir='ltr'>habdmo</span> <span class='ocrx_word' id='word_1_260' title='bbox 1174 3500 1405 3574; x_wconf 82' lang='lat' dir='ltr'>rovtltl]vl1[</span> <span class='ocrx_word' id='word_1_261' title='bbox 1480 3507 1512 3557; x_wconf 85' lang='grc'>17</span> <span class='ocrx_word' id='word_1_262' title='bbox 1531 3501 1577 3557; x_wconf 88' lang='lat' dir='ltr'>illi</span> <span class='ocrx_word' id='word_1_263' title='bbox 1595 3518 1648 3558; x_wconf 88' lang='lat' dir='ltr'>om.</span> 
     </span>
     <span class='ocr_line' id='line_1_32' title="bbox 358 3576 1685 3650; baseline 0.002 -13"><span class='ocrx_word' id='word_1_264' title='bbox 358 3588 390 3637; x_wconf 85' lang='lat'>18</span> <span class='ocrx_word' id='word_1_265' title='bbox 411 3581 521 3650; x_wconf 78' lang='lat' dir='ltr'>Hecyra</span> <span class='ocrx_word' id='word_1_266' title='bbox 538 3595 590 3636; x_wconf 82' lang='lat' dir='ltr'>orn.</span> <span class='ocrx_word' id='word_1_267' title='bbox 683 3578 739 3635; x_wconf 86' lang='lat' dir='ltr'>Sal.</span> <span class='ocrx_word' id='word_1_268' title='bbox 763 3579 828 3635; x_wconf 87' lang='lat' dir='ltr'>hist.</span> <span class='ocrx_word' id='word_1_269' title='bbox 852 3576 892 3634; x_wconf 88' lang='grc' dir='ltr'>ΙΙΙ</span> <span class='ocrx_word' id='word_1_270' title='bbox 915 3594 987 3650; x_wconf 89' lang='lat' dir='ltr'>opus</span> <span class='ocrx_word' id='word_1_271' title='bbox 1011 3579 1040 3634; x_wconf 89' lang='lat' dir='ltr'>in</span> <span class='ocrx_word' id='word_1_272' title='bbox 1066 3583 1214 3650; x_wconf 84' lang='lat' dir='ltr'>acceptum</span> <span class='ocrx_word' id='word_1_273' title='bbox 1238 3582 1350 3638; x_wconf 85' lang='lat' dir='ltr'>rettulit</span> <span class='ocrx_word' id='word_1_274' title='bbox 1372 3582 1407 3638; x_wconf 92' lang='lat' dir='ltr'>de</span> <span class='ocrx_word' id='word_1_275' title='bbox 1432 3583 1560 3649; x_wconf 88' lang='lat' dir='ltr'>flumine,</span> <span class='ocrx_word' id='word_1_276' title='bbox 1588 3585 1637 3640; x_wconf 86' lang='lat' dir='ltr'>sed</span> <span class='ocrx_word' id='word_1_277' title='bbox 1660 3603 1685 3640; x_wconf 85' lang='lat' dir='ltr'>r.</span> 
     </span>
     <span class='ocr_line' id='line_1_33' title="bbox 355 3659 1685 3738; baseline 0.003 -20"><span class='ocrx_word' id='word_1_278' title='bbox 355 3679 427 3733; x_wconf 85' lang='lat' dir='ltr'>opus</span> <span class='ocrx_word' id='word_1_279' title='bbox 450 3662 479 3716; x_wconf 89' lang='lat' dir='ltr'>in</span> <span class='ocrx_word' id='word_1_280' title='bbox 503 3661 653 3732; x_wconf 86' lang='lat' dir='ltr'>acceptum</span> <span class='ocrx_word' id='word_1_281' title='bbox 671 3659 784 3716; x_wconf 87' lang='lat' dir='ltr'>rettulit</span> <span class='ocrx_word' id='word_1_282' title='bbox 801 3659 895 3715; x_wconf 84' lang='lat' dir='ltr'>deletis</span> <span class='ocrx_word' id='word_1_283' title='bbox 973 3665 1008 3716; x_wconf 83' lang='lat' dir='ltr'>nu</span> <span class='ocrx_word' id='word_1_284' title='bbox 1028 3659 1198 3735; x_wconf 74' lang='lat' dir='ltr'>Vergilium]</span> <span class='ocrx_word' id='word_1_285' title='bbox 1219 3660 1361 3735; x_wconf 77' lang='lat' dir='ltr'>Vergilius</span> <span class='ocrx_word' id='word_1_286' title='bbox 1439 3669 1473 3718; x_wconf 79' lang='lat'>22</span> <span class='ocrx_word' id='word_1_287' title='bbox 1493 3663 1575 3738; x_wconf 81' lang='lat' dir='ltr'>Asm]</span> <span class='ocrx_word' id='word_1_288' title='bbox 1595 3681 1685 3722; x_wconf 66' lang='lat' dir='ltr'>uuae</span> 
     </span>
     <span class='ocr_line' id='line_1_34' title="bbox 355 3738 1686 3814; baseline 0.003 -15"><span class='ocrx_word' id='word_1_289' title='bbox 355 3751 390 3800; x_wconf 73' lang='lat'>23</span> <span class='ocrx_word' id='word_1_290' title='bbox 410 3745 577 3811; x_wconf 81' lang='lat' dir='ltr'>Aeneaeque</span> <span class='ocrx_word' id='word_1_291' title='bbox 655 3747 690 3796; x_wconf 78' lang='lat' dir='ltr'>tt</span> <span class='ocrx_word' id='word_1_292' title='bbox 710 3743 741 3797; x_wconf 89' lang='lat' dir='ltr'>at</span> <span class='ocrx_word' id='word_1_293' title='bbox 765 3757 912 3797; x_wconf 82' lang='lat' dir='ltr'>secura-</span> <span class='ocrx_word' id='word_1_294' title='bbox 926 3738 987 3796; x_wconf 86' lang='lat' dir='ltr'>vita</span> <span class='ocrx_word' id='word_1_295' title='bbox 1004 3745 1426 3814; x_wconf 76' lang='lat' dir='ltr'>postid5,1psotorascripto</span> <span class='ocrx_word' id='word_1_296' title='bbox 1444 3751 1510 3801; x_wconf 85' lang='lat' dir='ltr'>sunt</span> <span class='ocrx_word' id='word_1_297' title='bbox 1583 3745 1686 3803; x_wconf 85' lang='lat' dir='ltr'>lallare</span> 
     </span>
    </p>
   </div>
   <div class='ocr_carea' id='block_1_6' title="bbox 356 3879 572 3893">
    <p class='ocr_par' dir='ltr' id='par_1_14' title="bbox 356 3879 572 3893">
     <span class='ocr_line' id='line_1_35' title="bbox 356 3879 572 3893; baseline -0.014 -1"><span class='ocrx_word' id='word_1_298' title='bbox 356 3879 572 3893; x_wconf 52' lang='grc' dir='ltr'>ι--κ--ι--ι</span> 
     </span>
    </p>
   </div>
   <div class='ocr_carea' id='block_1_7' title="bbox 353 3955 1686 4928">
    <p class='ocr_par' dir='ltr' id='par_1_15' title="bbox 353 3955 1686 4928">
     <span class='ocr_line' id='line_1_36' title="bbox 449 3955 1683 4036; baseline 0.004 -21"><span class='ocrx_word' id='word_1_299' title='bbox 449 3966 462 4015; x_wconf 92' lang='lat'>1</span> <span class='ocrx_word' id='word_1_300' title='bbox 484 3955 578 4013; x_wconf 82' lang='lat' dir='ltr'>uxorin</span> <span class='ocrx_word' id='word_1_301' title='bbox 596 3959 641 4013; x_wconf 83' lang='lat' dir='ltr'>ssi</span> <span class='ocrx_word' id='word_1_302' title='bbox 659 3957 764 4014; x_wconf 83' lang='lat' dir='ltr'>codices</span> <span class='ocrx_word' id='word_1_303' title='bbox 786 3957 910 4014; x_wconf 70' lang='lat' dir='ltr'>Terentii</span> <span class='ocrx_word' id='word_1_304' title='bbox 981 3964 1084 4014; x_wconf 72' lang='lat' dir='ltr'>inam</span> <span class='ocrx_word' id='word_1_305' title='bbox 1104 3957 1198 4014; x_wconf 84' lang='lat' dir='ltr'>Sassia</span> <span class='ocrx_word' id='word_1_306' title='bbox 1217 3959 1312 4015; x_wconf 80' lang='lat' dir='ltr'>Cicero</span> <span class='ocrx_word' id='word_1_307' title='bbox 1391 3961 1571 4036; x_wconf 70' lang='lat' dir='ltr'>illuderer]</span> <span class='ocrx_word' id='word_1_308' title='bbox 1594 3963 1683 4020; x_wconf 82' lang='lat' dir='ltr'>Prisc.</span> 
     </span>
     <span class='ocr_line' id='line_1_37' title="bbox 356 4039 1685 4117; baseline 0.001 -18"><span class='ocrx_word' id='word_1_309' title='bbox 356 4045 373 4099; x_wconf 91' lang='lat' dir='ltr'>l.</span> <span class='ocrx_word' id='word_1_310' title='bbox 396 4039 521 4096; x_wconf 80' lang='lat' dir='ltr'><strong><em>XVIII</em></strong></span> <span class='ocrx_word' id='word_1_311' title='bbox 537 4056 567 4109; x_wconf 86' lang='lat' dir='ltr'>p.</span> <span class='ocrx_word' id='word_1_312' title='bbox 586 4043 645 4096; x_wconf 81' lang='lat'>2⁷3</span> <span class='ocrx_word' id='word_1_313' title='bbox 719 4047 736 4095; x_wconf 79' lang='lat' dir='ltr'>t</span> <span class='ocrx_word' id='word_1_314' title='bbox 756 4057 819 4096; x_wconf 90' lang='lat' dir='ltr'>oum</span> <span class='ocrx_word' id='word_1_315' title='bbox 839 4039 911 4096; x_wconf 83' lang='lat' dir='ltr'>haee</span> <span class='ocrx_word' id='word_1_316' title='bbox 930 4043 958 4096; x_wconf 88' lang='lat' dir='ltr'>et</span> <span class='ocrx_word' id='word_1_317' title='bbox 976 4059 1002 4095; x_wconf 83' lang='lat' dir='ltr'>v.</span> <span class='ocrx_word' id='word_1_318' title='bbox 1021 4040 1049 4096; x_wconf 91' lang='lat' dir='ltr'>d.</span> <span class='ocrx_word' id='word_1_319' title='bbox 1069 4040 1104 4107; x_wconf 82' lang='lat' dir='ltr'>G,</span> <span class='ocrx_word' id='word_1_320' title='bbox 1124 4059 1188 4097; x_wconf 91' lang='lat' dir='ltr'>oum</span> <span class='ocrx_word' id='word_1_321' title='bbox 1212 4041 1283 4098; x_wconf 87' lang='lat' dir='ltr'>haec</span> <span class='ocrx_word' id='word_1_322' title='bbox 1302 4056 1336 4097; x_wconf 88' lang='lat' dir='ltr'>ex</span> <span class='ocrx_word' id='word_1_323' title='bbox 1354 4043 1424 4099; x_wconf 87' lang='lat' dir='ltr'>urbe</span> <span class='ocrx_word' id='word_1_324' title='bbox 1443 4043 1578 4117; x_wconf 88' lang='lat' dir='ltr'>depulsus</span> <span class='ocrx_word' id='word_1_325' title='bbox 1597 4046 1685 4102; x_wconf 75' lang='lat' dir='ltr'>edidit</span> 
     </span>
     <span class='ocr_line' id='line_1_38' title="bbox 356 4121 1686 4192; baseline 0 -12"><span class='ocrx_word' id='word_1_326' title='bbox 356 4125 579 4188; x_wconf 82' lang='lat' dir='ltr'>Lindernonnus,</span> <span class='ocrx_word' id='word_1_327' title='bbox 599 4139 662 4176; x_wconf 93' lang='lat' dir='ltr'>cum</span> <span class='ocrx_word' id='word_1_328' title='bbox 681 4125 726 4179; x_wconf 85' lang='lat' dir='ltr'>est</span> <span class='ocrx_word' id='word_1_329' title='bbox 743 4138 778 4177; x_wconf 87' lang='lat' dir='ltr'>ex</span> <span class='ocrx_word' id='word_1_330' title='bbox 797 4123 866 4177; x_wconf 87' lang='lat' dir='ltr'>urbs</span> <span class='ocrx_word' id='word_1_331' title='bbox 881 4121 1016 4192; x_wconf 88' lang='lat' dir='ltr'>depulsus</span> <span class='ocrx_word' id='word_1_332' title='bbox 1030 4123 1135 4178; x_wconf 88' lang='lat' dir='ltr'>codices</span> <span class='ocrx_word' id='word_1_333' title='bbox 1150 4123 1292 4180; x_wconf 81' lang='lat' dir='ltr'>Ciceronis</span> <span class='ocrx_word' id='word_1_334' title='bbox 1364 4123 1452 4180; x_wconf 69' lang='lat' dir='ltr'>eset.</span> <span class='ocrx_word' id='word_1_335' title='bbox 1468 4123 1535 4180; x_wconf 81' lang='lat' dir='ltr'>hist</span> <span class='ocrx_word' id='word_1_336' title='bbox 1551 4125 1562 4180; x_wconf 95' lang='lat' dir='ltr'>l</span> <span class='ocrx_word' id='word_1_337' title='bbox 1578 4125 1617 4180; x_wconf 80' lang='lat' dir='ltr'><strong><em>M</em></strong></span> <span class='ocrx_word' id='word_1_338' title='bbox 1631 4169 1637 4182; x_wconf 91' lang='lat'><em>.</em></span> <span class='ocrx_word' id='word_1_339' title='bbox 1655 4129 1686 4181; x_wconf 86' lang='lat' dir='ltr'>in</span> 
     </span>
     <span class='ocr_line' id='line_1_39' title="bbox 355 4203 1684 4286; baseline 0.003 -25"><span class='ocrx_word' id='word_1_340' title='bbox 355 4205 519 4286; x_wconf 76' lang='lat' dir='ltr'>frepqnscntis</span> <span class='ocrx_word' id='word_1_341' title='bbox 530 4203 619 4274; x_wconf 82' lang='lat' dir='ltr'>primi</span> <span class='ocrx_word' id='word_1_342' title='bbox 632 4203 813 4259; x_wconf 75' lang='lat' dir='ltr'>historiarum</span> <span class='ocrx_word' id='word_1_343' title='bbox 827 4203 894 4258; x_wconf 82' lang='lat' dir='ltr'>iibri</span> <span class='ocrx_word' id='word_1_344' title='bbox 904 4209 1060 4273; x_wconf 70' lang='lat' dir='ltr'>promerunt</span> <span class='ocrx_word' id='word_1_345' title='bbox 1074 4205 1190 4260; x_wconf 82' lang='lat' dir='ltr'>editores</span> <span class='ocrx_word' id='word_1_346' title='bbox 1200 4205 1331 4261; x_wconf 72' lang='lat' dir='ltr'>sdtmttt</span> <span class='ocrx_word' id='word_1_347' title='bbox 1386 4207 1590 4263; x_wconf 86' lang='lat' dir='ltr'>&#39;tmultitudiui</span> <span class='ocrx_word' id='word_1_348' title='bbox 1606 4209 1684 4265; x_wconf 84' lang='lat' dir='ltr'>oboe-</span> 
     </span>
     <span class='ocr_line' id='line_1_40' title="bbox 356 4284 1686 4358; baseline 0.001 -15"><span class='ocrx_word' id='word_1_349' title='bbox 356 4303 545 4358; x_wconf 87' lang='lat' dir='ltr'>qusns,quam</span> <span class='ocrx_word' id='word_1_350' title='bbox 555 4285 646 4341; x_wconf 89' lang='lat' dir='ltr'>colere</span> <span class='ocrx_word' id='word_1_351' title='bbox 657 4284 818 4356; x_wconf 88' lang='lat' dir='ltr'>plurimum,</span> <span class='ocrx_word' id='word_1_352' title='bbox 828 4287 861 4342; x_wconf 86' lang='lat' dir='ltr'>ui</span> <span class='ocrx_word' id='word_1_353' title='bbox 869 4302 935 4342; x_wconf 83' lang='lat' dir='ltr'>mox</span> <span class='ocrx_word' id='word_1_354' title='bbox 945 4285 1048 4357; x_wconf 88' lang='lat' dir='ltr'>cupitis</span> <span class='ocrx_word' id='word_1_355' title='bbox 1059 4285 1217 4342; x_wconf 88' lang='lat' dir='ltr'>ministram</span> <span class='ocrx_word' id='word_1_356' title='bbox 1227 4287 1354 4354; x_wconf 85' lang='lat' dir='ltr'>haberet,</span> <span class='ocrx_word' id='word_1_357' title='bbox 1361 4287 1686 4344; x_wconf 79' lang='lat' dir='ltr'>decreueratldouoeuue</span> 
     </span>
     <span class='ocr_line' id='line_1_41' title="bbox 353 4365 1683 4442; baseline 0.004 -19"><span class='ocrx_word' id='word_1_358' title='bbox 353 4387 382 4440; x_wconf 82' lang='lat' dir='ltr'>p.</span> <span class='ocrx_word' id='word_1_359' title='bbox 403 4373 440 4424; x_wconf 71' lang='grc'>48</span> <span class='ocrx_word' id='word_1_360' title='bbox 461 4411 467 4423; x_wconf 93' lang='grc'><em>.</em></span> <span class='ocrx_word' id='word_1_361' title='bbox 487 4365 665 4422; x_wconf 84' lang='lat' dir='ltr'>multitudini</span> <span class='ocrx_word' id='word_1_362' title='bbox 689 4383 719 4422; x_wconf 87' lang='lat' dir='ltr'>se</span> <span class='ocrx_word' id='word_1_363' title='bbox 738 4366 889 4423; x_wconf 88' lang='lat' dir='ltr'>ostendeus</span> <span class='ocrx_word' id='word_1_364' title='bbox 907 4384 963 4438; x_wconf 86' lang='lat' dir='ltr'>sqq.</span> <span class='ocrx_word' id='word_1_365' title='bbox 983 4369 1098 4423; x_wconf 86' lang='lat' dir='ltr'>coniecit</span> <span class='ocrx_word' id='word_1_366' title='bbox 1121 4367 1260 4422; x_wconf 83' lang='lat' dir='ltr'>Linterus</span> <span class='ocrx_word' id='word_1_367' title='bbox 1285 4369 1354 4426; x_wconf 88' lang='lat' dir='ltr'>Soil.</span> <span class='ocrx_word' id='word_1_368' title='bbox 1373 4369 1436 4424; x_wconf 74' lang='lat' dir='ltr'>laist.</span> <span class='ocrx_word' id='word_1_369' title='bbox 1451 4385 1571 4439; x_wconf 79' lang='lat' dir='ltr'>prooem</span> <span class='ocrx_word' id='word_1_370' title='bbox 1592 4389 1623 4442; x_wconf 85' lang='lat' dir='ltr'>p.</span> <span class='ocrx_word' id='word_1_371' title='bbox 1649 4378 1683 4428; x_wconf 87' lang='grc'>15</span> 
     </span>
     <span class='ocr_line' id='line_1_42' title="bbox 393 4447 1683 4518; baseline 0.002 -12"><span class='ocrx_word' id='word_1_372' title='bbox 393 4450 518 4506; x_wconf 69' lang='lat' dir='ltr'>thonos</span> <span class='ocrx_word' id='word_1_373' title='bbox 537 4447 662 4518; x_wconf 89' lang='lat' dir='ltr'>bellique</span> <span class='ocrx_word' id='word_1_374' title='bbox 681 4447 826 4506; x_wconf 83' lang='lat' dir='ltr'>ministros</span> <span class='ocrx_word' id='word_1_375' title='bbox 844 4466 878 4504; x_wconf 82' lang='lat' dir='ltr'>ex</span> <span class='ocrx_word' id='word_1_376' title='bbox 899 4447 926 4504; x_wconf 78' lang='lat' dir='ltr'><strong><em>G</em></strong></span> <span class='ocrx_word' id='word_1_377' title='bbox 944 4449 1032 4505; x_wconf 82' lang='lat' dir='ltr'>edidit</span> <span class='ocrx_word' id='word_1_378' title='bbox 1051 4449 1264 4505; x_wconf 80' lang='lat' dir='ltr'>Lindemannue</span> <span class='ocrx_word' id='word_1_379' title='bbox 1348 4456 1379 4505; x_wconf 87' lang='lat'>11</span> <span class='ocrx_word' id='word_1_380' title='bbox 1401 4451 1466 4506; x_wconf 87' lang='lat' dir='ltr'>huie</span> <span class='ocrx_word' id='word_1_381' title='bbox 1484 4450 1683 4508; x_wconf 74' lang='lat' dir='ltr'>dmohmarum</span> 
     </span>
     <span class='ocr_line' id='line_1_43' title="bbox 356 4527 1684 4601; baseline 0.002 -15"><span class='ocrx_word' id='word_1_382' title='bbox 356 4531 426 4586; x_wconf 84' lang='lat' dir='ltr'>haec</span> <span class='ocrx_word' id='word_1_383' title='bbox 445 4527 558 4601; x_wconf 76' lang='lat' dir='ltr'>argenti</span> <span class='ocrx_word' id='word_1_384' title='bbox 576 4529 655 4585; x_wconf 86' lang='lat' dir='ltr'>mille</span> <span class='ocrx_word' id='word_1_385' title='bbox 674 4529 793 4586; x_wconf 87' lang='lat' dir='ltr'>dederat</span> <span class='ocrx_word' id='word_1_386' title='bbox 811 4532 941 4585; x_wconf 87' lang='lat' dir='ltr'>mutuum</span> <span class='ocrx_word' id='word_1_387' title='bbox 961 4533 1065 4587; x_wconf 88' lang='lat' dir='ltr'>codices</span> <span class='ocrx_word' id='word_1_388' title='bbox 1088 4530 1210 4586; x_wconf 86' lang='lat' dir='ltr'>Terentii</span> <span class='ocrx_word' id='word_1_389' title='bbox 1229 4573 1235 4586; x_wconf 91' lang='lat'><em>.</em></span> <span class='ocrx_word' id='word_1_390' title='bbox 1255 4529 1333 4600; x_wconf 81' lang='lat' dir='ltr'>opud</span> <span class='ocrx_word' id='word_1_391' title='bbox 1352 4531 1528 4586; x_wconf 72' lang='lat' dir='ltr'>Anneianum</span> <span class='ocrx_word' id='word_1_392' title='bbox 1553 4531 1684 4589; x_wconf 75' lang='lat' dir='ltr'>locustam</span> 
     </span>
     <span class='ocr_line' id='line_1_44' title="bbox 355 4609 1682 4684; baseline 0.002 -16"><span class='ocrx_word' id='word_1_393' title='bbox 355 4613 494 4682; x_wconf 81' lang='lat' dir='ltr'>suppleuit</span> <span class='ocrx_word' id='word_1_394' title='bbox 512 4616 537 4666; x_wconf 84' lang='lat' dir='ltr'>et</span> <span class='ocrx_word' id='word_1_395' title='bbox 556 4611 628 4666; x_wconf 82' lang='lat' dir='ltr'>duos</span> <span class='ocrx_word' id='word_1_396' title='bbox 646 4611 809 4667; x_wconf 81' lang='lat' dir='ltr'>elocutiones</span> <span class='ocrx_word' id='word_1_397' title='bbox 827 4613 959 4668; x_wconf 75' lang='lat' dir='ltr'>distinxit</span> <span class='ocrx_word' id='word_1_398' title='bbox 978 4613 1131 4670; x_wconf 84' lang='lat' dir='ltr'>Houomus</span> <span class='ocrx_word' id='word_1_399' title='bbox 1148 4630 1176 4682; x_wconf 86' lang='lat' dir='ltr'>p.</span> <span class='ocrx_word' id='word_1_400' title='bbox 1197 4616 1233 4667; x_wconf 82' lang='lat'>39</span> <span class='ocrx_word' id='word_1_401' title='bbox 1314 4616 1347 4667; x_wconf 80' lang='lat' dir='ltr'>te</span> <span class='ocrx_word' id='word_1_402' title='bbox 1368 4609 1423 4666; x_wconf 86' lang='lat' dir='ltr'>Sal.</span> <span class='ocrx_word' id='word_1_403' title='bbox 1444 4610 1509 4667; x_wconf 85' lang='lat' dir='ltr'>hist.</span> <span class='ocrx_word' id='word_1_404' title='bbox 1530 4611 1582 4684; x_wconf 87' lang='lat'>111]</span> <span class='ocrx_word' id='word_1_405' title='bbox 1601 4613 1682 4670; x_wconf 81' lang='lat' dir='ltr'>solsol.</span> 
     </span>
     <span class='ocr_line' id='line_1_45' title="bbox 357 4691 1683 4765; baseline 0.003 -17"><span class='ocrx_word' id='word_1_406' title='bbox 357 4695 422 4748; x_wconf 83' lang='lat' dir='ltr'>Aer.</span> <span class='ocrx_word' id='word_1_407' title='bbox 448 4693 479 4747; x_wconf 86' lang='lat' dir='ltr'>in</span> <span class='ocrx_word' id='word_1_408' title='bbox 499 4691 568 4747; x_wconf 85' lang='lat' dir='ltr'>Hor.</span> <span class='ocrx_word' id='word_1_409' title='bbox 589 4707 615 4748; x_wconf 87' lang='lat' dir='ltr'>o.</span> <span class='ocrx_word' id='word_1_410' title='bbox 631 4709 662 4763; x_wconf 85' lang='lat' dir='ltr'>p.</span> <span class='ocrx_word' id='word_1_411' title='bbox 682 4698 719 4749; x_wconf 83' lang='grc'>18</span> <span class='ocrx_word' id='word_1_412' title='bbox 737 4691 893 4749; x_wconf 87' lang='lat' dir='ltr'>notandum</span> <span class='ocrx_word' id='word_1_413' title='bbox 916 4691 1021 4749; x_wconf 88' lang='lat' dir='ltr'>flumen</span> <span class='ocrx_word' id='word_1_414' title='bbox 1045 4693 1176 4750; x_wconf 84' lang='lat' dir='ltr'>Rhenum</span> <span class='ocrx_word' id='word_1_415' title='bbox 1203 4709 1307 4765; x_wconf 73' lang='lat' dir='ltr'>genere</span> <span class='ocrx_word' id='word_1_416' title='bbox 1336 4694 1449 4748; x_wconf 87' lang='lat' dir='ltr'>neutro=</span> <span class='ocrx_word' id='word_1_417' title='bbox 1488 4691 1630 4750; x_wconf 75' lang='lat' dir='ltr'>Salustius</span> <span class='ocrx_word' id='word_1_418' title='bbox 1654 4697 1683 4752; x_wconf 89' lang='lat' dir='ltr'>in</span> 
     </span>
     <span class='ocr_line' id='line_1_46' title="bbox 356 4772 1682 4848; baseline 0.002 -18"><span class='ocrx_word' id='word_1_419' title='bbox 356 4775 483 4831; x_wconf 84' lang='lat' dir='ltr'>historiis</span> <span class='ocrx_word' id='word_1_420' title='bbox 505 4773 619 4830; x_wconf 88' lang='lat' dir='ltr'>‘nomeu</span> <span class='ocrx_word' id='word_1_421' title='bbox 638 4772 801 4829; x_wconf 82' lang='lat' dir='ltr'>Danubium</span> <span class='ocrx_word' id='word_1_422' title='bbox 820 4773 918 4830; x_wconf 86' lang='lat' dir='ltr'>hebet&#39;</span> <span class='ocrx_word' id='word_1_423' title='bbox 999 4780 1032 4829; x_wconf 71' lang='grc' dir='ltr'><strong>ιι</strong></span> <span class='ocrx_word' id='word_1_424' title='bbox 1053 4777 1257 4846; x_wconf 85' lang='lat' dir='ltr'>Aeneadasque</span> <span class='ocrx_word' id='word_1_425' title='bbox 1281 4775 1421 4846; x_wconf 76' lang='lat' dir='ltr'>Verqdirts</span> <span class='ocrx_word' id='word_1_426' title='bbox 1497 4774 1682 4848; x_wconf 70' lang='lat' dir='ltr'>saussaius]</span> 
     </span>
     <span class='ocr_line' id='line_1_47' title="bbox 357 4855 1431 4928; baseline -0.001 -15"><span class='ocrx_word' id='word_1_427' title='bbox 357 4857 480 4913; x_wconf 85' lang='lat' dir='ltr'>ordinem</span> <span class='ocrx_word' id='word_1_428' title='bbox 499 4855 644 4912; x_wconf 68' lang='lat' dir='ltr'>animum</span> <span class='ocrx_word' id='word_1_429' title='bbox 662 4855 695 4910; x_wconf 81' lang='lat' dir='ltr'>in</span> <span class='ocrx_word' id='word_1_430' title='bbox 713 4855 805 4911; x_wconf 86' lang='lat' dir='ltr'>codice</span> <span class='ocrx_word' id='word_1_431' title='bbox 820 4855 1016 4926; x_wconf 82' lang='lat' dir='ltr'>perturbatum</span> <span class='ocrx_word' id='word_1_432' title='bbox 1035 4858 1158 4912; x_wconf 86' lang='lat' dir='ltr'>restituit</span> <span class='ocrx_word' id='word_1_433' title='bbox 1175 4855 1329 4912; x_wconf 86' lang='lat' dir='ltr'>Houoenus</span> <span class='ocrx_word' id='word_1_434' title='bbox 1343 4873 1373 4928; x_wconf 80' lang='lat' dir='ltr'>p.</span> <span class='ocrx_word' id='word_1_435' title='bbox 1394 4861 1431 4912; x_wconf 72' lang='grc'>40</span> 
     </span>
    </p>
   </div>
   <div class='ocr_carea' id='block_1_8' title="bbox 0 0 1811 5486">
    <p class='ocr_par' dir='ltr' id='par_1_16' title="bbox 0 0 1811 5486">
     <span class='ocr_line' id='line_1_48' title="bbox 0 0 1811 5486; baseline 0 0"><span class='ocrx_word' id='word_1_436' title='bbox 0 0 1811 5486; x_wconf 95' lang='lat' dir='ltr'> </span> 
     </span>
    </p>
   </div>
  </div>
 </body>
</html>
