<?xml version="1.0" encoding="UTF-8"?>
<!DOCTYPE html PUBLIC "-//W3C//DTD XHTML 1.0 Transitional//EN"
    "http://www.w3.org/TR/xhtml1/DTD/xhtml1-transitional.dtd">
<html xmlns="http://www.w3.org/1999/xhtml" xml:lang="en" lang="en">
 <head>
  <title>
</title>
<meta http-equiv="Content-Type" content="text/html;charset=utf-8" />
  <meta name='ocr-system' content='tesseract 3.04.00' />
  <meta name='ocr-capabilities' content='ocr_page ocr_carea ocr_par ocr_line ocrx_word'/>
</head>
<body>
  <div class='ocr_page' id='page_1' title='image "./grammaticilatin00unkngoog/grammaticilatin00unkngoog_0100.png"; bbox 0 0 3616 5482; ppageno 0'>
   <div class='ocr_carea' id='block_1_1' title="bbox 30 1581 1543 4908">
    <p class='ocr_par' dir='ltr' id='par_1_1' title="bbox 111 1581 1447 1972">
     <span class='ocr_line' id='line_1_1' title="bbox 203 1581 1447 1667; baseline 0.006 -23"><span class='ocrx_word' id='word_1_1' title='bbox 203 1581 239 1644; x_wconf 92' lang='lat' dir='ltr'><strong>in</strong></span> <span class='ocrx_word' id='word_1_2' title='bbox 268 1581 388 1646; x_wconf 89' lang='lat' dir='ltr'><strong>duobus</strong></span> <span class='ocrx_word' id='word_1_3' title='bbox 416 1582 502 1647; x_wconf 89' lang='lat' dir='ltr'><strong>libris</strong></span> <span class='ocrx_word' id='word_1_4' title='bbox 533 1583 622 1666; x_wconf 85' lang='lat' dir='ltr'><strong>Capri</strong></span> <span class='ocrx_word' id='word_1_5' title='bbox 655 1583 693 1646; x_wconf 92' lang='lat' dir='ltr'><strong>de</strong></span> <span class='ocrx_word' id='word_1_6' title='bbox 724 1583 938 1667; x_wconf 74' lang='lat' dir='ltr'><strong>orthographia</strong></span> <span class='ocrx_word' id='word_1_7' title='bbox 967 1592 998 1646; x_wconf 88' lang='lat' dir='ltr'><strong>et</strong></span> <span class='ocrx_word' id='word_1_8' title='bbox 1030 1583 1067 1648; x_wconf 90' lang='lat' dir='ltr'><strong>de</strong></span> <span class='ocrx_word' id='word_1_9' title='bbox 1097 1584 1197 1649; x_wconf 77' lang='lat' dir='ltr'><strong>duhiIs</strong></span> <span class='ocrx_word' id='word_1_10' title='bbox 1226 1585 1327 1650; x_wconf 86' lang='lat' dir='ltr'><strong>verbis</strong></span> <span class='ocrx_word' id='word_1_11' title='bbox 1356 1597 1386 1652; x_wconf 84' lang='lat' dir='ltr'><strong>ot</strong></span> <span class='ocrx_word' id='word_1_12' title='bbox 1416 1591 1447 1651; x_wconf 91' lang='lat' dir='ltr'><strong>in</strong></span> 
     </span>
     <span class='ocr_line' id='line_1_2' title="bbox 113 1690 1447 1778; baseline 0.004 -26"><span class='ocrx_word' id='word_1_13' title='bbox 113 1690 191 1752; x_wconf 89' lang='lat' dir='ltr'><strong>hhro</strong></span> <span class='ocrx_word' id='word_1_14' title='bbox 216 1693 364 1774; x_wconf 78' lang='lat' dir='ltr'><strong>Agroecii,</strong></span> <span class='ocrx_word' id='word_1_15' title='bbox 388 1694 441 1774; x_wconf 87' lang='lat' dir='ltr'><strong>qui</strong></span> <span class='ocrx_word' id='word_1_16' title='bbox 464 1691 554 1774; x_wconf 82' lang='lat' dir='ltr'><strong>vulgo</strong></span> <span class='ocrx_word' id='word_1_17' title='bbox 578 1711 731 1756; x_wconf 85' lang='lat' dir='ltr'><strong>unacum</strong></span> <span class='ocrx_word' id='word_1_18' title='bbox 755 1691 814 1756; x_wconf 86' lang='lat' dir='ltr'><strong>titis</strong></span> <span class='ocrx_word' id='word_1_19' title='bbox 839 1693 870 1754; x_wconf 88' lang='lat' dir='ltr'><strong>in</strong></span> <span class='ocrx_word' id='word_1_20' title='bbox 895 1691 1051 1755; x_wconf 78' lang='lat' dir='ltr'><strong>codicibus</strong></span> <span class='ocrx_word' id='word_1_21' title='bbox 1070 1695 1204 1776; x_wconf 79' lang='lat' dir='ltr'><strong>scriptus</strong></span> <span class='ocrx_word' id='word_1_22' title='bbox 1224 1704 1279 1776; x_wconf 89' lang='lat' dir='ltr'><strong>est,</strong></span> <span class='ocrx_word' id='word_1_23' title='bbox 1303 1704 1447 1778; x_wconf 87' lang='lat' dir='ltr'><strong>quattuor</strong></span> 
     </span>
     <span class='ocr_line' id='line_1_3' title="bbox 112 1798 1446 1886; baseline 0.004 -26"><span class='ocrx_word' id='word_1_24' title='bbox 112 1817 188 1860; x_wconf 88' lang='lat' dir='ltr'><strong>usus</strong></span> <span class='ocrx_word' id='word_1_25' title='bbox 213 1817 282 1862; x_wconf 89' lang='lat' dir='ltr'><strong>sum</strong></span> <span class='ocrx_word' id='word_1_26' title='bbox 315 1798 471 1862; x_wconf 80' lang='lat' dir='ltr'><strong>codicibus</strong></span> <span class='ocrx_word' id='word_1_27' title='bbox 505 1818 585 1863; x_wconf 93' lang='lat' dir='ltr'><strong>nono</strong></span> <span class='ocrx_word' id='word_1_28' title='bbox 619 1799 665 1862; x_wconf 86' lang='lat' dir='ltr'><strong>rel</strong></span> <span class='ocrx_word' id='word_1_29' title='bbox 698 1799 816 1863; x_wconf 92' lang='lat' dir='ltr'><strong>decimo</strong></span> <span class='ocrx_word' id='word_1_30' title='bbox 851 1800 972 1864; x_wconf 86' lang='lat' dir='ltr'><strong>saeculo</strong></span> <span class='ocrx_word' id='word_1_31' title='bbox 1006 1803 1145 1884; x_wconf 87' lang='lat' dir='ltr'><strong>scriptis,</strong></span> <span class='ocrx_word' id='word_1_32' title='bbox 1182 1801 1446 1886; x_wconf 87' lang='lat' dir='ltr'><strong>hioutepessulano</strong></span> 
     </span>
     <span class='ocr_line' id='line_1_4' title="bbox 111 1903 814 1972; baseline 0.004 -3"><span class='ocrx_word' id='word_1_33' title='bbox 111 1905 138 1968; x_wconf 84' lang='lat' dir='ltr'><strong>ii</strong></span> <span class='ocrx_word' id='word_1_34' title='bbox 162 1903 230 1970; x_wconf 90' lang='grc'><strong>306</strong></span> <span class='ocrx_word' id='word_1_35' title='bbox 254 1916 286 1970; x_wconf 90' lang='lat' dir='ltr'><strong>et</strong></span> <span class='ocrx_word' id='word_1_36' title='bbox 308 1906 515 1970; x_wconf 86' lang='lat' dir='ltr'><strong>Bernensibus</strong></span> <span class='ocrx_word' id='word_1_37' title='bbox 539 1903 616 1972; x_wconf 85' lang='lat'><strong>330.</strong></span> <span class='ocrx_word' id='word_1_38' title='bbox 639 1904 714 1972; x_wconf 87' lang='grc'><strong>338.</strong></span> <span class='ocrx_word' id='word_1_39' title='bbox 738 1905 814 1972; x_wconf 83' lang='grc'><strong>432.</strong></span> 
     </span>
    </p>

    <p class='ocr_par' dir='ltr' id='par_1_2' title="bbox 30 2012 1543 2639">
     <span class='ocr_line' id='line_1_5' title="bbox 204 2012 1447 2102; baseline 0.005 -25"><span class='ocrx_word' id='word_1_40' title='bbox 204 2014 305 2080; x_wconf 82' lang='lat' dir='ltr'><strong>Codex</strong></span> <span class='ocrx_word' id='word_1_41' title='bbox 334 2015 684 2098; x_wconf 85' lang='lat' dir='ltr'><strong>Montepessulanus</strong></span> <span class='ocrx_word' id='word_1_42' title='bbox 713 2012 789 2079; x_wconf 89' lang='grc'><strong>306</strong></span> <span class='ocrx_word' id='word_1_43' title='bbox 823 2015 894 2078; x_wconf 88' lang='lat' dir='ltr'><strong>olim</strong></span> <span class='ocrx_word' id='word_1_44' title='bbox 922 2015 1047 2078; x_wconf 85' lang='lat' dir='ltr'><strong>Buherii</strong></span> <span class='ocrx_word' id='word_1_45' title='bbox 1076 2034 1153 2078; x_wconf 89' lang='lat' dir='ltr'><strong>saec.</strong></span> <span class='ocrx_word' id='word_1_46' title='bbox 1183 2015 1223 2078; x_wconf 82' lang='lat' dir='ltr'><strong>IX</strong></span> <span class='ocrx_word' id='word_1_47' title='bbox 1251 2018 1328 2080; x_wconf 81' lang='lat' dir='ltr'><strong>ditos</strong></span> <span class='ocrx_word' id='word_1_48' title='bbox 1357 2018 1447 2102; x_wconf 84' lang='lat' dir='ltr'><strong>Capri</strong></span> 
     </span>
     <span class='ocr_line' id='line_1_6' title="bbox 108 2123 1535 2210; baseline 0.003 -23"><span class='ocrx_word' id='word_1_49' title='bbox 108 2123 204 2188; x_wconf 88' lang='lat' dir='ltr'><strong>libros</strong></span> <span class='ocrx_word' id='word_1_50' title='bbox 233 2123 315 2186; x_wconf 89' lang='lat' dir='ltr'><strong>nuiia</strong></span> <span class='ocrx_word' id='word_1_51' title='bbox 343 2124 567 2206; x_wconf 84' lang='lat' dir='ltr'><strong>subscriptione</strong></span> <span class='ocrx_word' id='word_1_52' title='bbox 596 2124 641 2186; x_wconf 88' lang='lat' dir='ltr'><strong>rei</strong></span> <span class='ocrx_word' id='word_1_53' title='bbox 665 2125 905 2206; x_wconf 77' lang='lat' dir='ltr'><strong>praescriptione</strong></span> <span class='ocrx_word' id='word_1_54' title='bbox 937 2125 1115 2206; x_wconf 87' lang='lat' dir='ltr'><strong>interposita</strong></span> <span class='ocrx_word' id='word_1_55' title='bbox 1138 2126 1299 2188; x_wconf 88' lang='lat' dir='ltr'><strong>distinctos</strong></span> <span class='ocrx_word' id='word_1_56' title='bbox 1322 2137 1353 2190; x_wconf 91' lang='lat' dir='ltr'><strong>et</strong></span> <span class='ocrx_word' id='word_1_57' title='bbox 1377 2137 1446 2210; x_wconf 88' lang='lat' dir='ltr'><strong>post</strong></span> <span class='ocrx_word' id='word_1_58' title='bbox 1530 2193 1535 2200; x_wconf 81' lang='grc'><strong>,</strong></span> 
     </span>
     <span class='ocr_line' id='line_1_7' title="bbox 110 2229 1445 2316; baseline 0.006 -24"><span class='ocrx_word' id='word_1_59' title='bbox 110 2231 166 2292; x_wconf 87' lang='lat' dir='ltr'><strong>hos</strong></span> <span class='ocrx_word' id='word_1_60' title='bbox 189 2232 330 2314; x_wconf 89' lang='lat' dir='ltr'><strong>Agroecii</strong></span> <span class='ocrx_word' id='word_1_61' title='bbox 352 2232 463 2296; x_wconf 87' lang='lat' dir='ltr'><strong>librum</strong></span> <span class='ocrx_word' id='word_1_62' title='bbox 487 2235 623 2296; x_wconf 89' lang='lat' dir='ltr'><strong>continet</strong></span> <span class='ocrx_word' id='word_1_63' title='bbox 647 2235 666 2296; x_wconf 90' lang='lat' dir='ltr'><strong>i.</strong></span> <span class='ocrx_word' id='word_1_64' title='bbox 694 2229 836 2316; x_wconf 78' lang='grc'><strong>15-27,</strong></span> <span class='ocrx_word' id='word_1_65' title='bbox 860 2236 971 2311; x_wconf 80' lang='lat' dir='ltr'><strong>incipit</strong></span> <span class='ocrx_word' id='word_1_66' title='bbox 993 2235 1209 2312; x_wconf 80' lang='lat' dir='ltr'><strong>horthoprofin</strong></span> <span class='ocrx_word' id='word_1_67' title='bbox 1237 2235 1335 2314; x_wconf 79' lang='lat' dir='ltr'><strong>Capri</strong></span> <span class='ocrx_word' id='word_1_68' title='bbox 1358 2237 1445 2300; x_wconf 81' lang='lat' dir='ltr'><strong>Haec</strong></span> 
     </span>
     <span class='ocr_line' id='line_1_8' title="bbox 109 2341 1444 2421; baseline 0.003 -20"><span class='ocrx_word' id='word_1_69' title='bbox 109 2344 164 2402; x_wconf 88' lang='lat' dir='ltr'><strong>nio</strong></span> <span class='ocrx_word' id='word_1_70' title='bbox 180 2374 223 2384; x_wconf 92' lang='lat'><em>-</em></span> <span class='ocrx_word' id='word_1_71' title='bbox 238 2349 332 2405; x_wconf 86' lang='lat' dir='ltr'><strong>recte.</strong></span> <span class='ocrx_word' id='word_1_72' title='bbox 370 2345 502 2421; x_wconf 76' lang='lat' dir='ltr'><strong>epistula</strong></span> <span class='ocrx_word' id='word_1_73' title='bbox 519 2344 668 2420; x_wconf 78' lang='lat' dir='ltr'><strong>Aproecii</strong></span> <span class='ocrx_word' id='word_1_74' title='bbox 690 2344 734 2403; x_wconf 84' lang='lat' dir='ltr'><strong>nd</strong></span> <span class='ocrx_word' id='word_1_75' title='bbox 756 2341 947 2404; x_wconf 72' lang='lat' dir='ltr'><strong>Eucherium</strong></span> <span class='ocrx_word' id='word_1_76' title='bbox 971 2343 1146 2420; x_wconf 81' lang='lat' dir='ltr'><strong>episcopum</strong></span> <span class='ocrx_word' id='word_1_77' title='bbox 1172 2343 1302 2405; x_wconf 88' lang='lat' dir='ltr'><strong>Domino</strong></span> <span class='ocrx_word' id='word_1_78' title='bbox 1317 2377 1360 2386; x_wconf 94' lang='lat'><strong>-·</strong></span> <span class='ocrx_word' id='word_1_79' title='bbox 1371 2362 1444 2421; x_wconf 90' lang='lat' dir='ltr'><strong>pre·</strong></span> 
     </span>
     <span class='ocr_line' id='line_1_9' title="bbox 30 2433 1543 2532; baseline 0.001 -21"><span class='ocrx_word' id='word_1_80' title='bbox 30 2481 36 2498; x_wconf 89' lang='lat'><strong>·</strong></span> <span class='ocrx_word' id='word_1_81' title='bbox 108 2451 198 2512; x_wconf 78' lang='lat' dir='ltr'><strong>eidus</strong></span> <span class='ocrx_word' id='word_1_82' title='bbox 225 2453 306 2528; x_wconf 78' lang='lat' dir='ltr'><strong>empl.</strong></span> <span class='ocrx_word' id='word_1_83' title='bbox 344 2449 381 2512; x_wconf 86' lang='lat' dir='ltr'><strong>ci.</strong></span> <span class='ocrx_word' id='word_1_84' title='bbox 405 2449 559 2532; x_wconf 89' lang='lat' dir='ltr'><strong>catalogue</strong></span> <span class='ocrx_word' id='word_1_85' title='bbox 589 2448 712 2532; x_wconf 78' lang='lat' dir='ltr'><strong>ge&#39;ndrai</strong></span> <span class='ocrx_word' id='word_1_86' title='bbox 734 2447 788 2511; x_wconf 90' lang='lat' dir='ltr'><strong>des</strong></span> <span class='ocrx_word' id='word_1_87' title='bbox 812 2451 996 2512; x_wconf 82' lang='lat' dir='ltr'><strong>manuscrits</strong></span> <span class='ocrx_word' id='word_1_88' title='bbox 1019 2447 1073 2510; x_wconf 90' lang='lat' dir='ltr'><strong>des</strong></span> <span class='ocrx_word' id='word_1_89' title='bbox 1098 2446 1322 2531; x_wconf 77' lang='lat' dir='ltr'><strong>bibliotheques</strong></span> <span class='ocrx_word' id='word_1_90' title='bbox 1345 2449 1442 2530; x_wconf 90' lang='lat' dir='ltr'><strong>pubii-</strong></span> <span class='ocrx_word' id='word_1_91' title='bbox 1539 2433 1543 2440; x_wconf 46' lang='lat'><strong>⁴</strong></span> 
     </span>
     <span class='ocr_line' id='line_1_10' title="bbox 109 2553 749 2639; baseline -0.003 -19"><span class='ocrx_word' id='word_1_92' title='bbox 109 2576 185 2639; x_wconf 85' lang='lat' dir='ltr'><strong>ques</strong></span> <span class='ocrx_word' id='word_1_93' title='bbox 209 2557 263 2620; x_wconf 90' lang='lat' dir='ltr'><strong>des</strong></span> <span class='ocrx_word' id='word_1_94' title='bbox 287 2555 512 2639; x_wconf 81' lang='lat' dir='ltr'><strong>departements</strong></span> <span class='ocrx_word' id='word_1_95' title='bbox 537 2576 561 2618; x_wconf 84' lang='lat' dir='ltr'><strong>v.</strong></span> <span class='ocrx_word' id='word_1_96' title='bbox 586 2557 599 2618; x_wconf 93' lang='lat' dir='ltr'><strong>i</strong></span> <span class='ocrx_word' id='word_1_97' title='bbox 622 2577 650 2639; x_wconf 93' lang='lat' dir='ltr'><strong>p.</strong></span> <span class='ocrx_word' id='word_1_98' title='bbox 674 2553 749 2620; x_wconf 85' lang='lat'><strong>409.</strong></span> 
     </span>
    </p>

    <p class='ocr_par' dir='ltr' id='par_1_3' title="bbox 105 2660 1445 3610">
     <span class='ocr_line' id='line_1_11' title="bbox 200 2660 1444 2748; baseline 0 -20"><span class='ocrx_word' id='word_1_99' title='bbox 200 2664 302 2728; x_wconf 84' lang='lat' dir='ltr'><strong>Codex</strong></span> <span class='ocrx_word' id='word_1_100' title='bbox 325 2660 532 2728; x_wconf 89' lang='lat' dir='ltr'><strong>Beruensis</strong></span> <span class='ocrx_word' id='word_1_101' title='bbox 556 2661 633 2728; x_wconf 87' lang='grc'><strong>330</strong></span> <span class='ocrx_word' id='word_1_102' title='bbox 656 2683 733 2728; x_wconf 89' lang='lat' dir='ltr'><strong>saec.</strong></span> <span class='ocrx_word' id='word_1_103' title='bbox 758 2662 800 2748; x_wconf 82' lang='lat' dir='ltr'><strong>X,</strong></span> <span class='ocrx_word' id='word_1_104' title='bbox 824 2666 912 2728; x_wconf 88' lang='lat' dir='ltr'><strong>ouius</strong></span> <span class='ocrx_word' id='word_1_105' title='bbox 936 2683 1044 2747; x_wconf 84' lang='lat' dir='ltr'><strong>supra,</strong></span> <span class='ocrx_word' id='word_1_106' title='bbox 1068 2683 1137 2726; x_wconf 89' lang='lat' dir='ltr'><strong>cum</strong></span> <span class='ocrx_word' id='word_1_107' title='bbox 1162 2662 1200 2726; x_wconf 88' lang='lat' dir='ltr'><strong>de</strong></span> <span class='ocrx_word' id='word_1_108' title='bbox 1226 2663 1340 2726; x_wconf 77' lang='lat' dir='ltr'><strong>Scauro</strong></span> <span class='ocrx_word' id='word_1_109' title='bbox 1364 2665 1444 2728; x_wconf 89' lang='lat' dir='ltr'><strong>dice·</strong></span> 
     </span>
     <span class='ocr_line' id='line_1_12' title="bbox 110 2770 1445 2856; baseline 0.001 -21"><span class='ocrx_word' id='word_1_110' title='bbox 110 2791 189 2856; x_wconf 88' lang='lat' dir='ltr'><strong>rem,</strong></span> <span class='ocrx_word' id='word_1_111' title='bbox 223 2774 336 2835; x_wconf 88' lang='lat' dir='ltr'><strong>mentio</strong></span> <span class='ocrx_word' id='word_1_112' title='bbox 365 2773 443 2835; x_wconf 83' lang='lat' dir='ltr'><strong>iacta</strong></span> <span class='ocrx_word' id='word_1_113' title='bbox 471 2781 532 2856; x_wconf 89' lang='lat' dir='ltr'><strong>est,</strong></span> <span class='ocrx_word' id='word_1_114' title='bbox 567 2781 636 2854; x_wconf 89' lang='lat' dir='ltr'><strong>post</strong></span> <span class='ocrx_word' id='word_1_115' title='bbox 670 2771 915 2855; x_wconf 75' lang='lat' dir='ltr'><strong>orthographiam</strong></span> <span class='ocrx_word' id='word_1_116' title='bbox 947 2770 1129 2834; x_wconf 83' lang='lat' dir='ltr'><strong>Cassiodorii</strong></span> <span class='ocrx_word' id='word_1_117' title='bbox 1161 2780 1191 2834; x_wconf 90' lang='lat' dir='ltr'><strong>et</strong></span> <span class='ocrx_word' id='word_1_118' title='bbox 1221 2771 1320 2834; x_wconf 87' lang='lat' dir='ltr'><strong>Albini</strong></span> <span class='ocrx_word' id='word_1_119' title='bbox 1355 2771 1445 2836; x_wconf 87' lang='lat' dir='ltr'><strong>habet</strong></span> 
     </span>
     <span class='ocr_line' id='line_1_13' title="bbox 110 2879 1444 2964; baseline 0 -22"><span class='ocrx_word' id='word_1_120' title='bbox 110 2880 198 2962; x_wconf 88' lang='lat' dir='ltr'><strong>Capri</strong></span> <span class='ocrx_word' id='word_1_121' title='bbox 231 2879 326 2944; x_wconf 88' lang='lat' dir='ltr'><strong>libros</strong></span> <span class='ocrx_word' id='word_1_122' title='bbox 358 2879 468 2944; x_wconf 85' lang='lat' dir='ltr'><strong>additis</strong></span> <span class='ocrx_word' id='word_1_123' title='bbox 501 2881 532 2941; x_wconf 90' lang='lat' dir='ltr'><strong>in</strong></span> <span class='ocrx_word' id='word_1_124' title='bbox 567 2880 625 2942; x_wconf 82' lang='lat' dir='ltr'><strong>tine</strong></span> <span class='ocrx_word' id='word_1_125' title='bbox 659 2883 778 2963; x_wconf 84' lang='lat' dir='ltr'><strong>paucis,</strong></span> <span class='ocrx_word' id='word_1_126' title='bbox 815 2898 892 2962; x_wconf 89' lang='lat' dir='ltr'><strong>quae</strong></span> <span class='ocrx_word' id='word_1_127' title='bbox 924 2879 1087 2943; x_wconf 85' lang='lat' dir='ltr'><strong>Putschius</strong></span> <span class='ocrx_word' id='word_1_128' title='bbox 1118 2879 1216 2962; x_wconf 89' lang='lat' dir='ltr'><strong>Capro</strong></span> <span class='ocrx_word' id='word_1_129' title='bbox 1248 2882 1444 2964; x_wconf 68' lang='lat' dir='ltr'><strong>continuarit,</strong></span> 
     </span>
     <span class='ocr_line' id='line_1_14' title="bbox 109 2985 1444 3072; baseline 0.001 -21"><span class='ocrx_word' id='word_1_130' title='bbox 109 2989 130 3052; x_wconf 86' lang='lat' dir='ltr'><strong>i.</strong></span> <span class='ocrx_word' id='word_1_131' title='bbox 152 2985 338 3072; x_wconf 79' lang='lat'>25-38*‚</span> <span class='ocrx_word' id='word_1_132' title='bbox 366 2991 475 3068; x_wconf 80' lang='lat' dir='ltr'><strong>incipit</strong></span> <span class='ocrx_word' id='word_1_133' title='bbox 502 2991 676 3066; x_wconf 78' lang='lat' dir='ltr'><strong>ortopropn</strong></span> <span class='ocrx_word' id='word_1_134' title='bbox 708 2989 805 3069; x_wconf 80' lang='lat' dir='ltr'><strong>Capri</strong></span> <span class='ocrx_word' id='word_1_135' title='bbox 832 2989 919 3053; x_wconf 82' lang='lat' dir='ltr'><strong>Haec</strong></span> <span class='ocrx_word' id='word_1_136' title='bbox 949 2993 1002 3051; x_wconf 87' lang='lat' dir='ltr'><strong>uin</strong></span> <span class='ocrx_word' id='word_1_137' title='bbox 1026 3021 1069 3032; x_wconf 84' lang='lat'>-</span> <span class='ocrx_word' id='word_1_138' title='bbox 1098 2991 1261 3051; x_wconf 78' lang='lat' dir='ltr'><strong>stillarum.</strong></span> <span class='ocrx_word' id='word_1_139' title='bbox 1304 2991 1375 3052; x_wconf 90' lang='lat' dir='ltr'><strong>item</strong></span> <span class='ocrx_word' id='word_1_140' title='bbox 1405 2991 1444 3052; x_wconf 88' lang='lat' dir='ltr'><strong>de</strong></span> 
     </span>
     <span class='ocr_line' id='line_1_15' title="bbox 110 3098 1443 3176; baseline 0 -18"><span class='ocrx_word' id='word_1_141' title='bbox 110 3100 213 3161; x_wconf 83' lang='lat' dir='ltr'><strong>uerbis</strong></span> <span class='ocrx_word' id='word_1_142' title='bbox 248 3099 351 3160; x_wconf 75' lang='lat' dir='ltr'><strong>dubiis</strong></span> <span class='ocrx_word' id='word_1_143' title='bbox 379 3098 418 3160; x_wconf 92' lang='lat' dir='ltr'><strong>In</strong></span> <span class='ocrx_word' id='word_1_144' title='bbox 449 3099 662 3176; x_wconf 81' lang='lat' dir='ltr'><strong>einpulurihus</strong></span> <span class='ocrx_word' id='word_1_145' title='bbox 690 3131 734 3140; x_wconf 96' lang='lat'><em>-</em></span> <span class='ocrx_word' id='word_1_146' title='bbox 758 3105 851 3160; x_wconf 90' lang='lat' dir='ltr'><strong>recte.</strong></span> <span class='ocrx_word' id='word_1_147' title='bbox 894 3105 992 3159; x_wconf 89' lang='lat' dir='ltr'><strong>metor</strong></span> <span class='ocrx_word' id='word_1_148' title='bbox 1019 3101 1147 3160; x_wconf 80' lang='lat' dir='ltr'><strong>metaris</strong></span> <span class='ocrx_word' id='word_1_149' title='bbox 1171 3129 1215 3140; x_wconf 90' lang='lat'><strong>-·</strong></span> <span class='ocrx_word' id='word_1_150' title='bbox 1236 3099 1443 3174; x_wconf 75' lang='lat' dir='ltr'><strong>pernumium</strong></span> 
     </span>
     <span class='ocr_line' id='line_1_16' title="bbox 109 3201 1442 3287; baseline -0.002 -20"><span class='ocrx_word' id='word_1_151' title='bbox 109 3209 243 3284; x_wconf 72' lang='lat' dir='ltr'><strong>explicit.</strong></span> <span class='ocrx_word' id='word_1_152' title='bbox 266 3207 372 3269; x_wconf 80' lang='lat' dir='ltr'><strong>necho</strong></span> <span class='ocrx_word' id='word_1_153' title='bbox 397 3209 527 3268; x_wconf 82' lang='lat' dir='ltr'><strong>imitatio</strong></span> <span class='ocrx_word' id='word_1_154' title='bbox 545 3207 640 3268; x_wconf 82' lang='lat' dir='ltr'><strong>uocis.</strong></span> <span class='ocrx_word' id='word_1_155' title='bbox 674 3205 782 3268; x_wconf 89' lang='lat' dir='ltr'><strong>deinde</strong></span> <span class='ocrx_word' id='word_1_156' title='bbox 802 3214 871 3287; x_wconf 88' lang='lat' dir='ltr'><strong>post</strong></span> <span class='ocrx_word' id='word_1_157' title='bbox 891 3204 998 3267; x_wconf 78' lang='lat' dir='ltr'><strong>Scauri</strong></span> <span class='ocrx_word' id='word_1_158' title='bbox 1018 3203 1264 3286; x_wconf 82' lang='lat' dir='ltr'><strong>orthographiam</strong></span> <span class='ocrx_word' id='word_1_159' title='bbox 1283 3221 1354 3283; x_wconf 89' lang='lat' dir='ltr'><strong>pars</strong></span> <span class='ocrx_word' id='word_1_160' title='bbox 1373 3201 1442 3265; x_wconf 88' lang='lat' dir='ltr'><strong>libri</strong></span> 
     </span>
     <span class='ocr_line' id='line_1_17' title="bbox 108 3307 1441 3396; baseline -0.002 -19"><span class='ocrx_word' id='word_1_161' title='bbox 108 3315 246 3396; x_wconf 76' lang='lat' dir='ltr'><strong>Agroecii</strong></span> <span class='ocrx_word' id='word_1_162' title='bbox 274 3316 386 3395; x_wconf 88' lang='lat' dir='ltr'><strong>scripta</strong></span> <span class='ocrx_word' id='word_1_163' title='bbox 415 3322 475 3396; x_wconf 87' lang='lat' dir='ltr'><strong>est,</strong></span> <span class='ocrx_word' id='word_1_164' title='bbox 502 3312 555 3375; x_wconf 86' lang='lat' dir='ltr'><strong>&#39;sed</strong></span> <span class='ocrx_word' id='word_1_165' title='bbox 584 3312 723 3395; x_wconf 86' lang='lat' dir='ltr'><strong>plurihus</strong></span> <span class='ocrx_word' id='word_1_166' title='bbox 752 3313 826 3375; x_wconf 88' lang='lat' dir='ltr'><strong>iocis</strong></span> <span class='ocrx_word' id='word_1_167' title='bbox 855 3321 970 3375; x_wconf 86' lang='lat' dir='ltr'><strong>mutata</strong></span> <span class='ocrx_word' id='word_1_168' title='bbox 999 3312 1017 3374; x_wconf 85' lang='lat' dir='ltr'><strong>i.</strong></span> <span class='ocrx_word' id='word_1_169' title='bbox 1042 3307 1231 3394; x_wconf 75' lang='lat'><strong>43*-44*,</strong></span> <span class='ocrx_word' id='word_1_170' title='bbox 1266 3314 1336 3374; x_wconf 89' lang='lat' dir='ltr'><strong>item</strong></span> <span class='ocrx_word' id='word_1_171' title='bbox 1360 3320 1441 3374; x_wconf 91' lang='lat' dir='ltr'><strong>orto·</strong></span> 
     </span>
     <span class='ocr_line' id='line_1_18' title="bbox 105 3417 1441 3502; baseline -0.001 -20"><span class='ocrx_word' id='word_1_172' title='bbox 105 3424 212 3499; x_wconf 80' lang='lat' dir='ltr'><strong>profic</strong></span> <span class='ocrx_word' id='word_1_173' title='bbox 239 3423 382 3500; x_wconf 85' lang='lat' dir='ltr'><strong>Aproetii</strong></span> <span class='ocrx_word' id='word_1_174' title='bbox 411 3421 541 3483; x_wconf 89' lang='lat' dir='ltr'><strong>Domino</strong></span> <span class='ocrx_word' id='word_1_175' title='bbox 569 3453 614 3464; x_wconf 90' lang='lat'><em>-</em></span> <span class='ocrx_word' id='word_1_176' title='bbox 643 3440 672 3502; x_wconf 89' lang='lat' dir='ltr'><strong>p.</strong></span> <span class='ocrx_word' id='word_1_177' title='bbox 696 3417 786 3484; x_wconf 88' lang='grc'><strong>2269</strong></span> <span class='ocrx_word' id='word_1_178' title='bbox 814 3429 950 3484; x_wconf 84' lang='lat' dir='ltr'><strong>ueneunt</strong></span> <span class='ocrx_word' id='word_1_179' title='bbox 975 3423 1005 3484; x_wconf 87' lang='lat' dir='ltr'><strong>si</strong></span> <span class='ocrx_word' id='word_1_180' title='bbox 1032 3423 1211 3484; x_wconf 74' lang='lat' dir='ltr'><strong>uniductur</strong></span> <span class='ocrx_word' id='word_1_181' title='bbox 1239 3419 1392 3482; x_wconf 84' lang='lat' dir='ltr'><strong>Dilectum</strong></span> <span class='ocrx_word' id='word_1_182' title='bbox 1421 3437 1441 3480; x_wconf 87' lang='lat' dir='ltr'><strong>n</strong></span> 
     </span>
     <span class='ocr_line' id='line_1_19' title="bbox 108 3529 1088 3610; baseline 0 -18"><span class='ocrx_word' id='word_1_183' title='bbox 108 3533 264 3610; x_wconf 81' lang='lat' dir='ltr'><strong>dilipendo</strong></span> <span class='ocrx_word' id='word_1_184' title='bbox 288 3530 446 3592; x_wconf 86' lang='lat' dir='ltr'><strong>Deiectum</strong></span> <span class='ocrx_word' id='word_1_185' title='bbox 470 3531 510 3590; x_wconf 86' lang='lat' dir='ltr'><strong>nh</strong></span> <span class='ocrx_word' id='word_1_186' title='bbox 534 3531 676 3607; x_wconf 81' lang='lat' dir='ltr'><strong>elipendo</strong></span> <span class='ocrx_word' id='word_1_187' title='bbox 700 3529 852 3592; x_wconf 84' lang='lat' dir='ltr'><strong>Delictum</strong></span> <span class='ocrx_word' id='word_1_188' title='bbox 875 3548 896 3591; x_wconf 85' lang='lat' dir='ltr'><strong>a</strong></span> <span class='ocrx_word' id='word_1_189' title='bbox 916 3533 1088 3608; x_wconf 84' lang='lat' dir='ltr'><strong>peccando.</strong></span> 
     </span>
    </p>

    <p class='ocr_par' dir='ltr' id='par_1_4' title="bbox 108 3632 1443 4477">
     <span class='ocr_line' id='line_1_20' title="bbox 198 3632 1440 3718; baseline -0.004 -16"><span class='ocrx_word' id='word_1_190' title='bbox 198 3638 299 3702; x_wconf 85' lang='lat' dir='ltr'><strong>Codex</strong></span> <span class='ocrx_word' id='word_1_191' title='bbox 323 3637 523 3700; x_wconf 87' lang='lat' dir='ltr'><strong>Beruensis</strong></span> <span class='ocrx_word' id='word_1_192' title='bbox 543 3633 609 3700; x_wconf 87' lang='lat'><strong>338</strong></span> <span class='ocrx_word' id='word_1_193' title='bbox 629 3636 699 3712; x_wconf 87' lang='lat' dir='ltr'><strong>oiim</strong></span> <span class='ocrx_word' id='word_1_194' title='bbox 720 3636 877 3718; x_wconf 87' lang='lat' dir='ltr'><strong>Bongarsii</strong></span> <span class='ocrx_word' id='word_1_195' title='bbox 897 3632 945 3698; x_wconf 74' lang='lat' dir='ltr'><strong>‘ex</strong></span> <span class='ocrx_word' id='word_1_196' title='bbox 964 3637 1050 3700; x_wconf 88' lang='lat' dir='ltr'><strong>iihris</strong></span> <span class='ocrx_word' id='word_1_197' title='bbox 1069 3636 1152 3699; x_wconf 86' lang='lat' dir='ltr'><strong>Petri</strong></span> <span class='ocrx_word' id='word_1_198' title='bbox 1174 3633 1305 3698; x_wconf 86' lang='lat' dir='ltr'><strong>Danielis</strong></span> <span class='ocrx_word' id='word_1_199' title='bbox 1325 3635 1440 3698; x_wconf 79' lang='lat' dir='ltr'><strong>Aurelii</strong></span> 
     </span>
     <span class='ocr_line' id='line_1_21' title="bbox 113 3742 1441 3829; baseline -0.003 -19"><span class='ocrx_word' id='word_1_200' title='bbox 113 3742 228 3829; x_wconf 80' lang='lat'>1564&#39;,</span> <span class='ocrx_word' id='word_1_201' title='bbox 257 3744 378 3808; x_wconf 86' lang='lat' dir='ltr'><strong>saeculo</strong></span> <span class='ocrx_word' id='word_1_202' title='bbox 407 3763 487 3806; x_wconf 90' lang='lat' dir='ltr'><strong>nono</strong></span> <span class='ocrx_word' id='word_1_203' title='bbox 517 3743 564 3806; x_wconf 85' lang='lat' dir='ltr'><strong>vei</strong></span> <span class='ocrx_word' id='word_1_204' title='bbox 588 3743 705 3806; x_wconf 86' lang='lat' dir='ltr'><strong>decimo</strong></span> <span class='ocrx_word' id='word_1_205' title='bbox 730 3747 863 3826; x_wconf 85' lang='lat' dir='ltr'><strong>scriptus</strong></span> <span class='ocrx_word' id='word_1_206' title='bbox 887 3754 941 3808; x_wconf 87' lang='lat' dir='ltr'><strong>est.</strong></span> <span class='ocrx_word' id='word_1_207' title='bbox 979 3753 1048 3826; x_wconf 86' lang='lat' dir='ltr'><strong>post</strong></span> <span class='ocrx_word' id='word_1_208' title='bbox 1072 3743 1317 3826; x_wconf 84' lang='lat' dir='ltr'><strong>orthographiam</strong></span> <span class='ocrx_word' id='word_1_209' title='bbox 1342 3742 1441 3806; x_wconf 89' lang='lat' dir='ltr'><strong>Aihini</strong></span> 
     </span>
     <span class='ocr_line' id='line_1_22' title="bbox 108 3848 1441 3936; baseline -0.003 -20"><span class='ocrx_word' id='word_1_210' title='bbox 108 3855 218 3936; x_wconf 90' lang='lat' dir='ltr'><strong>iegitur</strong></span> <span class='ocrx_word' id='word_1_211' title='bbox 246 3857 331 3936; x_wconf 87' lang='lat' dir='ltr'><strong>prior</strong></span> <span class='ocrx_word' id='word_1_212' title='bbox 359 3853 448 3936; x_wconf 84' lang='lat' dir='ltr'><strong>Capri</strong></span> <span class='ocrx_word' id='word_1_213' title='bbox 476 3853 553 3917; x_wconf 89' lang='lat' dir='ltr'><strong>iiber</strong></span> <span class='ocrx_word' id='word_1_214' title='bbox 581 3862 612 3916; x_wconf 91' lang='lat' dir='ltr'><strong>et</strong></span> <span class='ocrx_word' id='word_1_215' title='bbox 642 3852 719 3916; x_wconf 87' lang='lat' dir='ltr'><strong>iiber</strong></span> <span class='ocrx_word' id='word_1_216' title='bbox 748 3853 886 3935; x_wconf 86' lang='lat' dir='ltr'><strong>Agroecii</strong></span> <span class='ocrx_word' id='word_1_217' title='bbox 914 3855 945 3915; x_wconf 90' lang='lat' dir='ltr'><strong>in</strong></span> <span class='ocrx_word' id='word_1_218' title='bbox 978 3853 1035 3914; x_wconf 89' lang='lat' dir='ltr'><strong>tine</strong></span> <span class='ocrx_word' id='word_1_219' title='bbox 1066 3851 1222 3916; x_wconf 90' lang='lat' dir='ltr'><strong>mutilatus</strong></span> <span class='ocrx_word' id='word_1_220' title='bbox 1253 3852 1272 3914; x_wconf 86' lang='lat' dir='ltr'><strong>i.</strong></span> <span class='ocrx_word' id='word_1_221' title='bbox 1301 3848 1339 3914; x_wconf 93' lang='grc'><strong>11</strong></span> <span class='ocrx_word' id='word_1_222' title='bbox 1366 3867 1441 3933; x_wconf 64' lang='lat' dir='ltr'><strong>sqq„</strong></span> 
     </span>
     <span class='ocr_line' id='line_1_23' title="bbox 109 3960 1443 4044; baseline -0.006 -18"><span class='ocrx_word' id='word_1_223' title='bbox 109 3967 217 4044; x_wconf 86' lang='lat' dir='ltr'><strong>incipit</strong></span> <span class='ocrx_word' id='word_1_224' title='bbox 234 3967 408 4042; x_wconf 76' lang='lat' dir='ltr'><strong>ortoprotin</strong></span> <span class='ocrx_word' id='word_1_225' title='bbox 427 3965 523 4041; x_wconf 83' lang='lat' dir='ltr'><strong>Capri</strong></span> <span class='ocrx_word' id='word_1_226' title='bbox 536 3962 623 4026; x_wconf 80' lang='lat' dir='ltr'><strong>Haec</strong></span> <span class='ocrx_word' id='word_1_227' title='bbox 642 3965 697 4026; x_wconf 85' lang='lat' dir='ltr'><strong>uio</strong></span> <span class='ocrx_word' id='word_1_228' title='bbox 712 3995 756 4006; x_wconf 92' lang='grc'>-</span> <span class='ocrx_word' id='word_1_229' title='bbox 769 3965 931 4026; x_wconf 83' lang='lat' dir='ltr'><strong>stillarum.</strong></span> <span class='ocrx_word' id='word_1_230' title='bbox 953 3965 1088 4041; x_wconf 67' lang='lat' dir='ltr'><strong>explicit.</strong></span> <span class='ocrx_word' id='word_1_231' title='bbox 1110 3964 1203 4039; x_wconf 87' lang='lat' dir='ltr'><strong>incip.</strong></span> <span class='ocrx_word' id='word_1_232' title='bbox 1224 3978 1278 4022; x_wconf 81' lang='lat' dir='ltr'><strong>ors</strong></span> <span class='ocrx_word' id='word_1_233' title='bbox 1294 3960 1443 4037; x_wconf 82' lang='lat' dir='ltr'><strong>Aproccii</strong></span> 
     </span>
     <span class='ocr_line' id='line_1_24' title="bbox 109 4063 1441 4150; baseline -0.003 -18"><span class='ocrx_word' id='word_1_234' title='bbox 109 4075 243 4136; x_wconf 80' lang='lat' dir='ltr'><strong>rethoris</strong></span> <span class='ocrx_word' id='word_1_235' title='bbox 273 4075 312 4134; x_wconf 86' lang='lat' dir='ltr'><strong>de</strong></span> <span class='ocrx_word' id='word_1_236' title='bbox 338 4071 543 4148; x_wconf 77' lang='lat' dir='ltr'><strong>ortographiu</strong></span> <span class='ocrx_word' id='word_1_237' title='bbox 567 4069 706 4148; x_wconf 80' lang='lat' dir='ltr'><strong>feliciter</strong></span> <span class='ocrx_word' id='word_1_238' title='bbox 729 4071 859 4134; x_wconf 87' lang='lat' dir='ltr'><strong>Domino</strong></span> <span class='ocrx_word' id='word_1_239' title='bbox 883 4103 927 4114; x_wconf 87' lang='lat'>-</span> <span class='ocrx_word' id='word_1_240' title='bbox 950 4087 979 4150; x_wconf 94' lang='lat' dir='ltr'><strong>p.</strong></span> <span class='ocrx_word' id='word_1_241' title='bbox 1005 4063 1094 4132; x_wconf 76' lang='lat'><strong>2273</strong></span> <span class='ocrx_word' id='word_1_242' title='bbox 1116 4070 1316 4131; x_wconf 79' lang='lat' dir='ltr'><strong>scribendum</strong></span> <span class='ocrx_word' id='word_1_243' title='bbox 1340 4075 1386 4130; x_wconf 83' lang='lat' dir='ltr'><strong>eet</strong></span> <span class='ocrx_word' id='word_1_244' title='bbox 1408 4069 1441 4128; x_wconf 91' lang='lat' dir='ltr'><strong>in</strong></span> 
     </span>
     <span class='ocr_line' id='line_1_25' title="bbox 109 4174 1440 4260; baseline -0.006 -18"><span class='ocrx_word' id='word_1_245' title='bbox 109 4183 333 4260; x_wconf 85' lang='lat' dir='ltr'><strong>compositione.</strong></span> <span class='ocrx_word' id='word_1_246' title='bbox 371 4177 447 4240; x_wconf 84' lang='lat' dir='ltr'><strong>aiter</strong></span> <span class='ocrx_word' id='word_1_247' title='bbox 471 4175 560 4258; x_wconf 88' lang='lat' dir='ltr'><strong>Capri</strong></span> <span class='ocrx_word' id='word_1_248' title='bbox 584 4175 661 4239; x_wconf 89' lang='lat' dir='ltr'><strong>iiber</strong></span> <span class='ocrx_word' id='word_1_249' title='bbox 685 4177 715 4239; x_wconf 91' lang='lat' dir='ltr'><strong>in</strong></span> <span class='ocrx_word' id='word_1_250' title='bbox 741 4194 801 4238; x_wconf 91' lang='lat' dir='ltr'><strong>una</strong></span> <span class='ocrx_word' id='word_1_251' title='bbox 825 4174 936 4238; x_wconf 88' lang='lat' dir='ltr'><strong>scheda</strong></span> <span class='ocrx_word' id='word_1_252' title='bbox 959 4185 1064 4258; x_wconf 92' lang='lat' dir='ltr'><strong>postea</strong></span> <span class='ocrx_word' id='word_1_253' title='bbox 1088 4177 1202 4237; x_wconf 87' lang='lat' dir='ltr'><strong>inserta</strong></span> <span class='ocrx_word' id='word_1_254' title='bbox 1226 4177 1359 4255; x_wconf 89' lang='lat' dir='ltr'><strong>scriptus</strong></span> <span class='ocrx_word' id='word_1_255' title='bbox 1384 4180 1440 4254; x_wconf 82' lang='lat' dir='ltr'><strong>est,</strong></span> 
     </span>
     <span class='ocr_line' id='line_1_26' title="bbox 110 4281 1440 4367; baseline -0.005 -17"><span class='ocrx_word' id='word_1_256' title='bbox 110 4292 178 4352; x_wconf 86' lang='lat' dir='ltr'><strong>item</strong></span> <span class='ocrx_word' id='word_1_257' title='bbox 210 4289 312 4367; x_wconf 81' lang='lat' dir='ltr'><strong>Caper</strong></span> <span class='ocrx_word' id='word_1_258' title='bbox 340 4290 378 4349; x_wconf 84' lang='lat' dir='ltr'><strong>de</strong></span> <span class='ocrx_word' id='word_1_259' title='bbox 401 4287 503 4350; x_wconf 69' lang='lat' dir='ltr'><strong>verbu</strong></span> <span class='ocrx_word' id='word_1_260' title='bbox 527 4288 628 4348; x_wconf 83' lang='lat' dir='ltr'><strong>cluhiis</strong></span> <span class='ocrx_word' id='word_1_261' title='bbox 654 4287 690 4347; x_wconf 89' lang='lat' dir='ltr'><strong>In</strong></span> <span class='ocrx_word' id='word_1_262' title='bbox 719 4287 934 4364; x_wconf 81' lang='lat' dir='ltr'><strong>uinpulurihus</strong></span> <span class='ocrx_word' id='word_1_263' title='bbox 958 4318 1001 4328; x_wconf 91' lang='lat'><em>-</em></span> <span class='ocrx_word' id='word_1_264' title='bbox 1026 4293 1119 4348; x_wconf 87' lang='lat' dir='ltr'><strong>recte.</strong></span> <span class='ocrx_word' id='word_1_265' title='bbox 1156 4283 1195 4345; x_wconf 85' lang='lat' dir='ltr'><strong>ci.</strong></span> <span class='ocrx_word' id='word_1_266' title='bbox 1224 4281 1327 4364; x_wconf 86' lang='lat' dir='ltr'><strong>Hagen</strong></span> <span class='ocrx_word' id='word_1_267' title='bbox 1356 4281 1440 4346; x_wconf 90' lang='lat' dir='ltr'><strong>catal.</strong></span> 
     </span>
     <span class='ocr_line' id='line_1_27' title="bbox 110 4391 439 4477; baseline -0.006 -19"><span class='ocrx_word' id='word_1_268' title='bbox 110 4395 172 4458; x_wconf 89' lang='lat' dir='ltr'><strong>eod.</strong></span> <span class='ocrx_word' id='word_1_269' title='bbox 197 4394 286 4458; x_wconf 83' lang='lat' dir='ltr'><strong>Deru.</strong></span> <span class='ocrx_word' id='word_1_270' title='bbox 309 4414 339 4477; x_wconf 94' lang='lat' dir='ltr'><strong>p.</strong></span> <span class='ocrx_word' id='word_1_271' title='bbox 363 4391 439 4458; x_wconf 86' lang='grc'><strong>334.</strong></span> 
     </span>
    </p>

    <p class='ocr_par' dir='ltr' id='par_1_5' title="bbox 110 4495 1440 4908">
     <span class='ocr_line' id='line_1_28' title="bbox 197 4495 1440 4582; baseline -0.005 -16"><span class='ocrx_word' id='word_1_272' title='bbox 197 4503 297 4566; x_wconf 89' lang='lat' dir='ltr'><strong>Codex</strong></span> <span class='ocrx_word' id='word_1_273' title='bbox 327 4502 526 4566; x_wconf 87' lang='lat' dir='ltr'><strong>Beruensis</strong></span> <span class='ocrx_word' id='word_1_274' title='bbox 554 4498 632 4564; x_wconf 83' lang='lat'><strong>432</strong></span> <span class='ocrx_word' id='word_1_275' title='bbox 661 4519 738 4563; x_wconf 89' lang='lat' dir='ltr'><strong>saec.</strong></span> <span class='ocrx_word' id='word_1_276' title='bbox 764 4499 803 4564; x_wconf 87' lang='lat' dir='ltr'><strong>iX</strong></span> <span class='ocrx_word' id='word_1_277' title='bbox 826 4500 874 4564; x_wconf 84' lang='lat' dir='ltr'><strong>rei</strong></span> <span class='ocrx_word' id='word_1_278' title='bbox 898 4499 923 4562; x_wconf 84' lang='grc' dir='ltr'>Χ</span> <span class='ocrx_word' id='word_1_279' title='bbox 947 4507 1017 4582; x_wconf 90' lang='lat' dir='ltr'><strong>post</strong></span> <span class='ocrx_word' id='word_1_280' title='bbox 1049 4506 1144 4560; x_wconf 87' lang='lat' dir='ltr'><strong>artem</strong></span> <span class='ocrx_word' id='word_1_281' title='bbox 1170 4496 1326 4560; x_wconf 88' lang='lat' dir='ltr'><strong>Consentii</strong></span> <span class='ocrx_word' id='word_1_282' title='bbox 1349 4495 1440 4560; x_wconf 89' lang='lat' dir='ltr'><strong>hahet</strong></span> 
     </span>
     <span class='ocr_line' id='line_1_29' title="bbox 110 4605 1440 4694; baseline -0.005 -19"><span class='ocrx_word' id='word_1_283' title='bbox 110 4611 352 4694; x_wconf 82' lang='lat' dir='ltr'><strong>orthographiam</strong></span> <span class='ocrx_word' id='word_1_284' title='bbox 379 4612 519 4692; x_wconf 91' lang='lat' dir='ltr'><strong>Agroecii</strong></span> <span class='ocrx_word' id='word_1_285' title='bbox 547 4610 566 4671; x_wconf 90' lang='lat' dir='ltr'><strong>i.</strong></span> <span class='ocrx_word' id='word_1_286' title='bbox 591 4605 779 4692; x_wconf 54' lang='lat' dir='ltr'><strong>uoti-35⁸¹,</strong></span> <span class='ocrx_word' id='word_1_287' title='bbox 807 4606 900 4690; x_wconf 87' lang='lat' dir='ltr'><strong>inc&#39;ip.</strong></span> <span class='ocrx_word' id='word_1_288' title='bbox 930 4625 984 4670; x_wconf 85' lang='lat' dir='ltr'><strong>urs</strong></span> <span class='ocrx_word' id='word_1_289' title='bbox 1011 4608 1162 4684; x_wconf 78' lang='lat' dir='ltr'><strong>Aproecii</strong></span> <span class='ocrx_word' id='word_1_290' title='bbox 1194 4607 1233 4668; x_wconf 83' lang='lat' dir='ltr'><strong>de</strong></span> <span class='ocrx_word' id='word_1_291' title='bbox 1265 4609 1440 4683; x_wconf 78' lang='lat' dir='ltr'><strong>ortoprotio</strong></span> 
     </span>
     <span class='ocr_line' id='line_1_30' title="bbox 110 4710 1437 4797; baseline -0.006 -15"><span class='ocrx_word' id='word_1_292' title='bbox 110 4721 238 4783; x_wconf 87' lang='lat' dir='ltr'><strong>Domino</strong></span> <span class='ocrx_word' id='word_1_293' title='bbox 262 4753 306 4763; x_wconf 94' lang='lat'>-</span> <span class='ocrx_word' id='word_1_294' title='bbox 329 4719 486 4797; x_wconf 71' lang='lat' dir='ltr'><strong>precidem.</strong></span> <span class='ocrx_word' id='word_1_295' title='bbox 525 4716 562 4778; x_wconf 85' lang='lat' dir='ltr'><strong>ci.</strong></span> <span class='ocrx_word' id='word_1_296' title='bbox 589 4733 714 4797; x_wconf 61' lang='lat' dir='ltr'><strong>mamm.</strong></span> <span class='ocrx_word' id='word_1_297' title='bbox 738 4715 787 4780; x_wconf 82' lang='lat' dir='ltr'><strong>lat.</strong></span> <span class='ocrx_word' id='word_1_298' title='bbox 812 4735 838 4779; x_wconf 86' lang='lat' dir='ltr'><strong>r.</strong></span> <span class='ocrx_word' id='word_1_299' title='bbox 862 4715 885 4776; x_wconf 90' lang='lat' dir='ltr'>V</span> <span class='ocrx_word' id='word_1_300' title='bbox 909 4734 937 4797; x_wconf 91' lang='lat' dir='ltr'><strong>p.</strong></span> <span class='ocrx_word' id='word_1_301' title='bbox 962 4710 1043 4795; x_wconf 86' lang='grc'><strong>329,</strong></span> <span class='ocrx_word' id='word_1_302' title='bbox 1066 4712 1170 4794; x_wconf 86' lang='lat' dir='ltr'><strong>Hagen</strong></span> <span class='ocrx_word' id='word_1_303' title='bbox 1194 4713 1299 4776; x_wconf 90' lang='lat' dir='ltr'><strong>anecd.</strong></span> <span class='ocrx_word' id='word_1_304' title='bbox 1324 4712 1437 4775; x_wconf 85' lang='lat' dir='ltr'><strong>Helvet.</strong></span> 
     </span>
     <span class='ocr_line' id='line_1_31' title="bbox 111 4820 727 4908; baseline -0.005 -19"><span class='ocrx_word' id='word_1_305' title='bbox 111 4845 135 4906; x_wconf 93' lang='lat' dir='ltr'><strong>p.</strong></span> <span class='ocrx_word' id='word_1_306' title='bbox 159 4825 262 4908; x_wconf 80' lang='lat' dir='ltr'><strong>xhttt,</strong></span> <span class='ocrx_word' id='word_1_307' title='bbox 287 4826 372 4888; x_wconf 86' lang='lat' dir='ltr'><strong>catai.</strong></span> <span class='ocrx_word' id='word_1_308' title='bbox 396 4826 461 4888; x_wconf 89' lang='lat' dir='ltr'><strong>cod.</strong></span> <span class='ocrx_word' id='word_1_309' title='bbox 485 4825 574 4886; x_wconf 67' lang='lat' dir='ltr'><strong>uerri.</strong></span> <span class='ocrx_word' id='word_1_310' title='bbox 597 4843 627 4905; x_wconf 92' lang='lat' dir='ltr'><strong>p.</strong></span> <span class='ocrx_word' id='word_1_311' title='bbox 651 4820 727 4886; x_wconf 76' lang='lat'><strong>378.</strong></span> 
     </span>
    </p>
   </div>
   <div class='ocr_carea' id='block_1_2' title="bbox 0 0 1812 5482">
    <p class='ocr_par' dir='ltr' id='par_1_6' title="bbox 0 0 1812 5482">
     <span class='ocr_line' id='line_1_32' title="bbox 0 0 1812 5482; baseline 0 0"><span class='ocrx_word' id='word_1_312' title='bbox 0 0 1812 5482; x_wconf 95' lang='lat' dir='ltr'><strong> </strong></span> 
     </span>
    </p>
   </div>
  </div>
 </body>
</html>
