3590 5486
691 348 891 409 EXGERP'I'A
1393 352 1461 416 215

118 466 140 506 a.
155 455 197 498 ssa
211 453 240 498 c.
1268 465 1299 514 p.
1313 453 1426 496 asir-rs
1438 453 1464 494 ε.

119 541 172 606 ilat
194 539 307 604 clarior
330 537 496 622 dupliciter
519 539 707 623 explanatus.
746 538 880 603 Donatus
904 541 999 620 igitur
1018 541 1050 602 in
1070 539 1203 602 mounda
1227 542 1380 621 parte'ita
1403 537 1464 600 dis·

119 657 222 734 ceptat
246 645 298 730 [de
322 667 396 714 voce
420 649 595 732 nrdculata,
618 649 656 712 de
679 649 795 726 littera,
819 647 857 712 de
881 646 1007 730 syllaba,
1036 647 1073 710 de
1097 647 1241 732 pedibus,
1269 648 1307 711 da
1332 650 1463 712 accenti-

118 758 190 842 bus,
213 757 253 820 de
277 759 424 840 posituris
445 777 501 822 seu
524 756 785 840 distinctionibus,
809 766 840 820 et
863 759 976 819 iterum
1001 755 1038 820 dc
1061 755 1200 838 partibus
1217 759 1364 848 orationis
1384 754 1460 838 Vlll,

118 867 154 930 de
178 865 396 950 schematibus,
414 864 480 950 ilde
504 865 728 950 etoemologiis,
751 865 789 928 de
808 863 1048 947 orthographia}
1085 884 1143 928 vor
1162 865 1321 929 articulata
1340 875 1388 928 est
1408 883 1461 928 aer

92 993 105 1034 s
117 991 286 1057 percussus
309 973 462 1040 sensibilis
485 974 609 1058 audin,
631 982 779 1055 quantum
803 975 925 1055 inipso
949 982 1004 1036 est
1042 973 1144 1037 littera
1167 985 1215 1038 est
1242 993 1314 1057 pars
1338 975 1461 1037 minima

117 1084 199 1146 socis
229 1083 417 1148 articulatae.
459 1083 571 1167 syllaba
600 1092 648 1147 est
678 1081 910 1166 comprehensio
942 1083 1115 1146 litterarum
1146 1082 1193 1146 vel
1230 1085 1322 1146 unius
1350 1082 1463 1145 vocalis

117 1194 287 1256 enuntiatio
306 1201 481 1276 temporum
501 1212 602 1277 capax.
635 1211 691 1275 pes
710 1200 758 1255 est
776 1189 959 1273 syllabarum
978 1198 1010 1254 et
1029 1199 1202 1273 temporum
1221 1200 1305 1255 certa
1324 1191 1460 1254 dinume·

72 1381 78 1386 ι
116 1303 202 1366 ratlo.
252 1308 397 1365 accentus
432 1311 479 1366 est
512 1305 584 1365 ritio
616 1319 725 1364 carens
757 1300 919 1363 artificiosa
958 1300 1175 1381 pronuntiatio.
1226 1301 1363 1380 positura
1397 1302 1460 1362 sire

116 1409 274 1472 distinctio
298 1420 346 1474 est
370 1411 543 1476 moderatae
566 1411 822 1494 pronuntiationis
842 1417 911 1491 apta
929 1409 1110 1490 repausatio.
1149 1415 1252 1489 partes
1271 1417 1373 1472 autem
1393 1427 1459 1472 ora·

81 1537 105 1574 ro
119 1519 210 1582 tionis
230 1527 303 1582 sunt
321 1528 405 1603 octo,
429 1538 553 1603 nomen,
576 1537 759 1602 pronomen,
784 1516 925 1600 verbum,
944 1515 1134 1598 adverbium,
1157 1519 1368 1600 participium,
1390 1537 1461 1580 con·

117 1629 249 1710 iunctio,
271 1631 474 1712 praepositio,
496 1609 694 1693 interiectio(
712 1645 823 1692 nomen
843 1635 891 1688 est
909 1643 981 1708 pars
1000 1627 1145 1688 orationis
1166 1643 1235 1689 cum
1256 1643 1330 1688 casu
1350 1644 1462 1708 corpus

118 1747 170 1800 aut
188 1755 256 1800 rem
275 1740 400 1820 proprie
420 1740 659 1802 communiterve
680 1737 868 1818 significans,
890 1736 1030 1816 proprie,
1054 1743 1088 1798 ut
1108 1733 1202 1798 lloma
1221 1734 1356 1818 Tiberis,
1379 1753 1460 1798 com·
1512 1751 1518 1762 ·

118 1847 268 1927 muniter,
296 1855 330 1908 ut
358 1845 434 1910 urbs
462 1847 584 1910 ilumen.
623 1863 792 1929 pronomen
816 1853 863 1906 εει
888 1860 959 1925 pars
982 1845 1129 1906 orationis
1153 1861 1230 1924 quse
1256 1847 1460 1925 pronomine

118 1953 215 2034 posita
239 1953 423 2018 tantundum
450 1973 546 2037 paene
571 1955 720 2036 significat
752 1969 975 2034 personamque
998 1952 1153 2015 interdum
1177 1952 1295 2035 recipit
1333 1951 1459 2016 verbum

82 2072 107 2114 1⁵
120 2069 168 2124 est
190 2079 262 2144 pars
286 2064 433 2124 orationis
457 2081 527 2126 cum
551 2071 688 2144 tempore
712 2070 743 2123 et
766 2078 896 2143 persona
916 2062 981 2122 sine
1001 2077 1083 2122 casu.
1121 2059 1297 2124 adverbium
1317 2071 1365 2124 est
1389 2080 1459 2143 pars

119 2171 265 2233 orationis
290 2188 367 2252 quae
391 2170 507 2234 adiecta
531 2170 625 2235 verbo
650 2171 901 2252 significationem
921 2171 987 2232 eius
1007 2167 1147 2249 explanat
1171 2177 1261 2250 atque
1286 2169 1400 2254 implet,
1424 2181 1459 2235 ut

119 2272 191 2340 ‘iam
216 2273 335 2340 iaciam’
358 2273 405 2341 vel
429 2274 502 2344 ‘nou
526 2273 654 2342 laciam'.
692 2279 887 2361 participium
911 2287 958 2340 eat
985 2295 1056 2358 pars
1080 2277 1226 2340 orationis
1255 2277 1349 2361 dicta,
1378 2279 1459 2360 quod

117 2396 236 2468 partem
265 2389 364 2468 capiat
390 2389 535 2471 nominis,
563 2396 680 2471 partem
708 2385 810 2450 verbi:
847 2387 956 2467 recipit
983 2387 1064 2448 euim
1092 2404 1109 2448 a
1137 2388 1258 2449 nomina
1287 2405 1399 2468 genera
1429 2397 1459 2451 ct

118 2513 223 2577 casus,
244 2513 262 2557 a
285 2493 378 2558 verbo
402 2503 539 2578 tempora
563 2506 594 2560 et
617 2496 865 2579 significationes,
894 2492 932 2556 ab
956 2503 1086 2576 unoque
1112 2511 1256 2557 numeros
1280 2504 1310 2558 et
1335 2495 1456 2578 ligures.

81 2605 293 2667 ”coniunctio
314 2612 362 2666 est
381 2621 452 2686 pars
470 2605 616 2668 orationis
635 2602 799 2668 adnectens
819 2601 1024 2684 ordinansque
1044 2605 1235 2666 sententiam
1272 2607 1456 2687 praepositio

119 2722 264 2794 estpars
294 2714 440 2776 orationis
468 2730 545 2794 quae
575 2713 747 2794 praeposita
776 2710 843 2774 aliis
869 2709 1008 2794 partibus
1031 2711 1177 2774 orationis
1205 2712 1457 2794 significationem

119 2839 225 2884 aarum
254 2831 306 2886 aut
333 2827 431 2885 mutat
448 2817 460 2904 l
477 2830 530 2884 aut
553 2821 684 2903 complet
708 2829 760 2884 aut
790 2821 907 2882 minuit.
945 2821 1117 2882 interiectio
1141 2828 1188 2882 εει
1216 2837 1287 2901 pars
1311 2823 1456 2886 orationis

119 2930 292 3011 significans
315 2931 593 2994 mentis-aiiectum
615 2947 688 2992 voce
712 2927 874 2990 incondita
912 2925 1066 2989 schemata
1084 2935 1157 2990 sunt
1175 2929 1457 2995 transformationes

120 3055 295 3100 sermonum
325 3037 374 3100 rel
404 3038 624 3100 sententiarum
655 3044 781 3100 ornatus
812 3053 903 3099 causa
933 3036 1046 3118 posita,
1077 3053 1154 3116 quae
1178 3054 1195 3098 a
1224 3036 1355 3118 quodam
1385 3041 1456 3102 arti·

83 3155 108 3196 ιι
121 3143 235 3228 grapho
255 3147 377 3208 nomine
397 3143 559 3207 Sacerdote
580 3141 705 3207 collecta
724 3143 801 3206 dunt
820 3161 947 3208 numero
967 3147 1129 3226 nonaginta
1148 3154 1179 3207 et
1197 3155 1276 3229 octo,
1295 3148 1335 3209 ita
1356 3156 1456 3210 mmen

120 3261 154 3314 ut
177 3270 255 3333 quae
279 3271 296 3314 s
316 3251 432 3316 Donato
456 3255 538 3316 inter
560 3254 632 3314 ritia
655 3253 753 3333 posita
776 3260 849 3315 sunt
873 3255 903 3316 in
926 3255 993 3334 ipsc
1016 3271 1145 3316 numero
1167 3252 1291 3316 collecta
1316 3254 1455 3318 claudan-

121 3368 183 3438 tur,
216 3359 298 3442 quod
328 3369 360 3422 et
388 3359 462 3423 mlhl
495 3378 617 3442 quoque
645 3361 758 3454 durum
787 3357 920 3444 videtur,
957 3362 1026 3422 vitia
1059 3359 1161 3423 dicere
1190 3379 1266 3442 quae
1295 3372 1455 3425 auctorum

120 3468 266 3551 exemplis
290 3479 321 3533 et
344 3471 472 3547 manime
498 3469 572 3551 legis
596 3469 712 3532 divinae
737 3471 917 3532 auctoritate
946 3453 1114 3532 firmantur.
1151 3469 1226 3533 baec
1250 3473 1455 3553 grammaticis

120 3575 352 3659 oratoribusque
376 3580 548 3642 communia
577 3587 661 3660 sunt,
691 3595 767 3660 quae
796 3571 958 3642 tamenin
986 3586 1115 3659 utraque
1149 3589 1234 3660 parte
1257 3577 1455 3660 probabiliter

83 3695 107 3734 ιι
121 3686 317 3766 reperiuntur
336 3693 444 3767 aptata.
478 3684 650 3749 addendum
669 3693 717 3747 est
735 3687 826 3748 etiam
851 3685 887 3747 de
912 3685 1090 3768 etymologia
1114 3696 1145 3750 et
1168 3687 1393 3773 orthographia,
1416 3689 1454 3752 de

119 3791 230 3873 quihus
244 3791 318 3856 alios
333 3795 493 3878 scripsisse
509 3795 713 3857 certissimum
729 3799 784 3855 est.
809 3792 988 3876 etymologia
1003 3804 1050 3857 est
1070 3805 1121 3858 aut
1136 3814 1206 3858 vera
1221 3806 1274 3858 aut
1288 3800 1353 3861 veri
1371 3801 1453 3862 simi·

118 3898 155 3962 lis
178 3899 397 3965 demonstratio
422 3901 591 3979 declarans,
616 3920 652 3964 ex
678 3919 736 3982 qua
755 3903 872 3983 origine
892 3901 984 3965 verba
1007 3903 1201 3968 descendant
1238 3905 1453 3989 orthographia

118 4019 165 4070 est
178 4007 332 4072 rectitudo
347 4007 500 4074 scribendi
515 4009 597 4082 nullo
613 4027 718 4072 errore
733 4011 848 4093 vitiata,
863 4028 940 4091 quae
955 4015 1247 4096 manum'componit
1261 4022 1292 4077 et
1310 4013 1452 4096 linguam.

191 4163 206 4213 1
223 4157 402 4229 explanatus.
422 4155 472 4213 sed
487 4159 517 4213 et
527 4157 656 4214 saucium
666 4156 858 4229 Augustinum
872 4161 990 4230 propter
999 4159 1214 4231 simplicitatem
1223 4160 1345 4218 fratrum
1358 4161 1452 4218 breni-

117 4244 160 4297 ter
174 4237 371 4296 instruendam
383 4237 483 4310 eliqua
497 4238 534 4296 ds
549 4239 649 4298 eodem
662 4237 748 4295 titulo
763 4239 909 4310 scripsisse
922 4239 1092 4313 reperimus,
1111 4257 1185 4311 qnae
1199 4241 1280 4298 robis
1295 4240 1453 4300 lectitanda

117 4319 298 4392 reliquimus,
317 4317 424 4390 nequid
438 4319 555 4378 rudibus
569 4320 667 4378 damae
682 4322 826 4391 rideatur,
845 4322 897 4392 qui
910 4321 947 4378 ad
965 4323 1064 4379 tautae
1079 4321 1214 4378 scientiae
1229 4321 1355 4379 culmina
1368 4339 1451 4394 prae·

117 4403 263 4472 pambon.
291 4398 420 4457 Donatus
437 4399 527 4474 igitur
544 4401 573 4458 Β
591 4408 617 4459 st
633 4401 773 4460 Goretios.
802 4403 895 4460 cadesa
914 4403 1045 4473 leguntve
1061 4402 1094 4458 iss
1112 4401 1204 4458 rodim
1220 4399 1355 4458 Parisino
1373 4407 1451 4461 3679

180 4489 197 4538 2
221 4481 258 4539 de
286 4497 355 4538 roos
379 4510 412 4522 -
437 4487 454 4536 4
478 4483 697 4555 orthographia,
725 4499 796 4555 qaae
817 4483 868 4540 boc
891 4483 949 4538 loeo
972 4483 1005 4537 iss
1026 4481 1104 4542 Bss
1127 4483 1293 4554 interposito
1314 4489 1394 4551 sami,
1418 4486 1452 4540 iss

117 4563 210 4621 medio
227 4567 313 4636 pare
334 4565 459 4636 popinae
476 4567 584 4638 scripto
601 4570 627 4622 ei
644 4566 738 4636 mo
757 4565 873 4636 &picto
890 4565 973 4636 quasi
996 4563 1074 4618 tituli
1091 4569 1191 4620 noiotc
1207 4569 1275 4620 suoi
1298 4564 1331 4620 iss
1350 4567 1377 4621 Δ

119 4649 152 4702 18
170 4645 285 4718 partem
303 4643 384 4701 uerbi
402 4643 493 4702 ΑΒΗ
510 4650 680 4718 partemque
699 4645 779 4702 uerbi
798 4646 838 4703 ob
894 4651 928 4701 22
948 4659 1046 4702 earum
1061 4642 1104 4701 db
1123 4645 1184 4701 eius
1203 4645 1265 4701 AB
1320 4651 1356 4701 at
1374 4647 1450 4719 posi-

117 4727 165 4782 iae
184 4725 318 4783 Gordius
386 4743 405 4782 a
423 4727 559 4802 quodam]
579 4727 617 4784 ab
635 4727 664 4784 B
725 4733 760 4784 ib
779 4727 903 4784 collecta
921 4731 1022 4785 suuis
1084 4731 1119 4782 aa
1137 4725 1366 4801 oratoribusque]
1387 4746 1451 4786 ora·

118 4807 226 4864 toribus
245 4807 269 4864 S
321 4807 352 4864 in
370 4809 460 4867 osas
514 4815 550 4866 80
569 4810 604 4867 de
619 4809 795 4882 etymologia
809 4809 837 4864 A
856 4809 892 4866 de
911 4806 1109 4879 etoemologiis
1122 4806 1150 4862 B
1170 4805 1205 4864 da
1220 4809 1451 4882 ethimologiisS

154 4891 188 4942 ³1
208 4885 293 4962 alios]
313 4889 463 4948 nonullos
481 4890 510 4947 Β
579 4889 769 4962 eioemologia
787 4907 855 4948 uero
875 4893 920 4948 est
937 4893 988 4947 ani
1005 4906 1075 4947 uere
1094 4891 1121 4946 B
