3610 5482
304 303 305 306 Ὺ
366 329 410 414 ιιι
913 345 1017 404 vanu
1035 347 1152 406 nonos

366 459 388 498 Ρ.
402 448 463 490 ”22-
477 449 504 490 18
518 448 543 490 P.
1173 459 1180 468 ⁸

368 533 417 596 illo
441 531 529 595 modo
553 533 584 595 in
609 541 739 616 utroque
763 551 890 598 numero
913 531 1091 618 scribamus,
1115 553 1185 598 cum
1207 535 1301 600 multa
1321 537 1377 600 alia
1396 556 1517 620 quoque
1536 537 1624 601 nobis
1644 556 1696 600 ex·
1791 539 1797 580 l

367 639 523 722 cogitanda
547 643 621 723 sint,
647 643 673 704 si
696 641 822 706 velimus
846 641 1018 706 diversitate
1042 645 1216 726 scriptionis
1240 645 1466 727 ambiguitatem
1490 665 1614 710 casuum
1638 665 1695 710 nu·
1788 647 1797 688 ³

369 766 583 830 merorumque
607 747 790 812 d1socrnere.

456 856 658 946 Transeamus
685 874 767 920 nunc
795 857 831 919 ad
856 873 880 919 v
903 857 1049 922 litteram:
1076 847 1274 942 a'pterrsque
1302 863 1497 942 superiorum
1523 863 1696 944 primitivus
1791 867 1797 906 i

367 972 398 1026 et
421 963 578 1046 adoptivus
601 973 632 1026 et
655 965 856 1027 nominativus
878 983 934 1047 per
953 983 971 1024 ι
994 973 1062 1028 eto
1086 967 1198 1048 scripta
1223 975 1304 1052 suut,
1323 967 1439 1032 scilicet
1463 973 1533 1051 quia
1557 968 1724 1032 sciebants

338 1155 342 1162 1
366 1071 484 1135 vocales
505 1074 587 1136 inter
610 1091 643 1136 se
667 1075 708 1136 ita
731 1071 876 1136 conlundi
900 1091 961 1134 non
985 1090 1089 1154 posse,
1117 1082 1152 1135 ut
1174 1091 1266 1136 unam
1290 1073 1431 1156 syllabam
1462 1074 1550 1156 [non]
1575 1077 1697 1158 iaciant,
1790 1085 1797 1126 i

366 1188 550 1263 apparetque
569 1199 622 1244 eos
640 1181 697 1244 lroc
717 1197 813 1263 genus
832 1181 989 1244 nominum
1008 1179 1095 1243 aliter
1114 1182 1282 1265 scripsisse,
1304 1182 1391 1245 aliter
1409 1187 1592 1248 enuntiasse.
1626 1203 1696 1247 nam
1792 1195 1797 1234 t

366 1305 436 1351 cum
454 1306 510 1371 per
528 1307 546 1350 o
566 1287 744 1371 scriberent,
767 1305 823 1370 per
841 1307 861 1350 u
881 1297 981 1351 tamen
1001 1287 1206 1350 enuntiabant
1244 1289 1298 1352 sed
1317 1292 1393 1352 ratio
1412 1289 1479 1353 illos
1500 1299 1697 1373 praesumpta
1792 1303 1797 1344 t

301 1415 309 1434 ι
366 1397 494 1479 decepit.
540 1403 608 1459 aute
632 1397 713 1458 euim
736 1397 889 1476 respicere
913 1392 1072 1479 debebant,
1096 1412 1134 1457 an
1157 1395 1213 1457 lrae
1238 1395 1315 1459 duae
1339 1397 1456 1459 vocales
1481 1407 1591 1460 essent.
1639 1397 1695 1459 sed
1793 1411 1797 1454 t

366 1522 436 1567 cum
459 1506 491 1566 ln
515 1505 672 1585 superiore
691 1503 893 1583 disputatione
916 1501 1223 1566 demonstraverimus
1244 1523 1262 1564 v
1285 1507 1398 1567 totiens
1421 1507 1615 1568 consonantis
1633 1507 1696 1566 vim
1714 1525 1740 1563 ra

367 1609 487 1693 babere,
511 1611 652 1690 quotiens
675 1627 731 1691 pro
755 1627 792 1672 eo
815 1611 948 1692 ponitur,
972 1609 1052 1690 q'ucd
1076 1609 1155 1691 apud
1180 1607 1311 1674 Graecos
1334 1611 1447 1675 dicitur
1469 1611 1626 1695 digamma,
1651 1614 1698 1674 ni·
1796 1631 1797 1670 ι

365 1717 408 1779 lril
431 1725 511 1780 vetat
533 1716 583 1780 bic
607 1735 727 1800 quoque
751 1727 867 1781 tantum
892 1719 1025 1801 speciem
1049 1737 1066 1778 v
1088 1717 1206 1781 litterae
1231 1719 1484 1803 animadvertere,
1512 1723 1569 1798 sed
1596 1729 1698 1783 tamen

364 1825 453 1889 aliam
483 1833 672 1909 potestatem.
718 1829 762 1890 sic
792 1829 995 1890 nominativus
1026 1825 1101 1889 duas
1133 1827 1255 1908 quidem
1282 1847 1301 1888 v
1331 1827 1446 1891 litteras
1476 1827 1611 1910 babebit,
1642 1827 1698 1891 sed

366 1936 499 2016 priorem
527 1953 582 2016 pro
612 1944 810 2018 consonante,
840 1937 1040 2018 posteriorem
1069 1953 1125 2017 pro
1149 1935 1244 1998 vocali
1271 1935 1388 1999 scilicet
1414 1939 1552 2018 positam.
1599 1955 1698 2016 aeque

365 2041 402 2104 ab
431 2041 545 2105 eisdem
573 2060 671 2124 equus
691 2042 839 2124 [equum]
868 2063 924 2126 per
947 2063 965 2104 v
988 2051 1019 2105 et
1042 2061 1060 2104 o
1085 2045 1217 2125 scriptus
1245 2052 1305 2126 est,
1334 2045 1365 2106 et
1392 2047 1563 2126 quaeritur,
1590 2051 1698 2106 utrum
1715 2063 1742 2104 rs

365 2167 420 2232 per
443 2168 538 2213 unum
558 2169 575 2213 a
593 2168 631 2212 an
654 2168 709 2231 par
729 2150 734 2230 Ι
755 2151 815 2214 duo
839 2149 948 2214 debeat
971 2149 1072 2213 scribi.
1114 2150 1167 2213 sed
1191 2153 1367 2234 priusquam
1388 2151 1425 2214 de
1447 2150 1504 2213 boc
1528 2149 1699 2234 loquamur,

365 2277 383 2320 v
406 2257 538 2320 litteram
562 2257 710 2341 digamma
733 2277 800 2324 esse
824 2259 978 2322 interdum
1000 2277 1061 2322 uon
1085 2267 1202 2322 tantum
1222 2261 1253 2322 in
1273 2259 1319 2321 bis
1342 2258 1488 2324 debemus
1511 2259 1698 2322 animadver-

366 2374 446 2449 tere,
474 2367 505 2428 in
530 2365 641 2448 quibus
665 2375 751 2431 sonat
774 2387 844 2431 cum
870 2367 969 2449 aliqua
998 2367 1215 2452 adspiratione,
1243 2365 1331 2430 utin
1356 2365 1471 2430 valente
1495 2375 1527 2429 et
1550 2367 1643 2430 vitulo
1667 2376 1700 2430 et

367 2474 520 2555 primitivo
540 2482 571 2537 et
594 2477 742 2559 genetivo,
765 2476 818 2540 sed
843 2479 933 2540 etiarn
955 2478 987 2537 in
1011 2473 1058 2537 bis
1083 2479 1114 2538 in
1139 2474 1249 2556 quibus
1273 2493 1343 2537 cum
1366 2494 1385 2552 q
1409 2475 1534 2537 conlrrsa
1557 2473 1631 2538 haec
1648 2476 1699 2538 lit-

367 2591 432 2644 tera
456 2593 512 2666 est,
534 2592 570 2646 act
591 2586 624 2646 iu
648 2602 684 2646 eo
709 2585 790 2666 quod
813 2593 861 2648 est
884 2586 961 2666 quis.
997 2601 1068 2645 nam
1091 2585 1119 2646 si
1141 2585 1263 2646 omuino
1288 2582 1361 2644 baec
1385 2582 1495 2644 vocabu
1513 2591 1604 2666 esset,
1626 2602 1698 2664 pro·
1716 2605 1744 2645 eo

456 2773 550 2833 cocae
567 2775 716 2832 Parrhasii
766 2775 861 2832 talin
879 2791 952 2848 quse
971 2773 1053 2830 nobis
1138 2771 1356 2830 idiceraitates
1375 2771 1538 2844 scriptionis
1625 2781 1699 2832 tac

299 2883 302 2896 ι
364 2853 507 2926 plerisque
521 2873 687 2928 superorum
705 2855 867 2929 primitiuns
883 2859 913 2912 et
925 2855 1154 2929 adoptinnsista
1172 2853 1289 2910 nomina
1306 2869 1357 2925 per
1375 2872 1395 2909 ιι
1409 2857 1469 2910 eto
1550 2859 1583 2909 12
1601 2854 1698 2924 specie

254 2968 255 2974 ,
366 2937 408 2976 aut

364 3004 403 3059 aa
427 2985 522 3064 littere
547 2989 581 3046 0:
610 2993 664 3047 ant
687 3007 822 3063 suprascr.
846 3008 861 3048 c
970 2991 1197 3049 animaduertere
1229 2991 1327 3045 tamen
1350 2987 1438 3045 aliam
1461 2989 1635 3060 potestatem
1659 2994 1699 3046 ιιι

366 3067 558 3128 nominatione
577 3071 647 3130 duas
667 3093 780 3147 quoque
799 3093 818 3130 ιι
835 3075 948 3132 litteras
1024 3079 1057 3128 14
1076 3071 1202 3143 positam
1218 3073 1305 3140 atque
1320 3068 1356 3125 ab
1375 3069 1469 3125 eidem
1484 3085 1573 3140 aqum
1591 3085 1699 3138 equum

366 3167 417 3220 per
435 3168 454 3205 a
473 3155 537 3208 oto
608 3155 646 3212 'to
665 3173 821 3227 perunum
840 3173 877 3212 an
968 3152 1019 3211 aad
1037 3150 1214 3224 priusquam]
1241 3153 1271 3206 et
1290 3148 1457 3220 priusquam
1516 3145 1519 3152 “
1550 3157 1583 3205 19
1602 3149 1699 3206 inhia

368 3229 470 3300 quibus
489 3233 606 3290 coninua
624 3237 695 3292 huso
713 3236 812 3293 littera
830 3237 875 3292 esi
892 3235 930 3291 in.
942 3251 976 3291 eo
1048 3239 1084 3289 20
1102 3231 1174 3289 haec
1191 3230 1300 3287 uocalis
1319 3232 1362 3286 est
1380 3249 1399 3285 ιι
1417 3229 1517 3301 procui
1537 3231 1623 3288 dubio

457 3408 473 3458 2
493 3403 673 3464 diuersitales
693 3405 852 3478 scriptionis
867 3403 909 3476 R,
929 3403 1095 3460 diversitate
1110 3401 1271 3473 scriptionis
1286 3400 1467 3458 Suerdaioeus
1481 3401 1585 3458 vindic.
1601 3417 1697 3471 praec.

365 3482 483 3542 Baetici.
499 3503 530 3556 ρ.
542 3491 581 3543 24
654 3494 671 3543 4
689 3503 707 3542 ιι
725 3485 867 3559 plerisque
884 3515 917 3525 -
931 3491 964 3540 14
977 3500 1030 3556 ριο
1048 3483 1140 3540 vocali
1160 3483 1269 3540 seilicet
1288 3483 1412 3553 positam
1431 3499 1459 3552 ρ.
1478 3487 1525 3549 66,
1540 3486 1582 3538 22
1610 3481 1699 3551 Popi-

244 3575 246 3580 ’
365 3566 467 3621 monaca
486 3567 564 3637 cpccd
583 3567 793 3624 Cassiodorium
806 3585 837 3638 ρ.
858 3572 940 3624 2292
968 3599 969 3602 =
1020 3581 1055 3620 sc
1076 3563 1220 3635 plerisque
1245 3562 1421 3634 superiorum
1446 3562 1476 3616 in
1494 3560 1648 3632 primitinis
1668 3565 1700 3617 et

366 3644 511 3716 adoptiais
529 3647 585 3704 ista
604 3649 721 3705 nomina
739 3665 790 3720 per
808 3665 826 3703 n
847 3651 877 3704 ct
894 3664 912 3703 o
931 3645 1038 3718 scripta
1056 3647 1122 3701 sunt
1139 3645 1176 3700 R.
1212 3643 1268 3699 Sed
1287 3643 1386 3699 Velius
1404 3642 1522 3714 Longus
1541 3659 1592 3714 per
1610 3643 1698 3699 ratio-

368 3742 433 3781 nem
452 3733 668 3802 praesumptam
688 3729 782 3801 decipi
801 3745 850 3785 eos
867 3729 963 3800 putat,
983 3727 1034 3798 qui
1053 3725 1214 3798 primitivus
1233 3728 1263 3780 et
1281 3723 1433 3794 adoptivus
1453 3727 1482 3779 et
1504 3725 1698 3782 nominativus

366 3809 396 3862 et
414 3807 474 3864 alia
491 3825 542 3879 per
560 3828 579 3865 ιι
598 3813 628 3866 et
646 3828 663 3867 o
683 3810 809 3867 scribant
827 3812 1004 3881 Papirianam
1101 3812 1117 3861 ι
1144 3807 1261 3873 sortasse
1279 3805 1347 3877 quis
1365 3804 1494 3860 sciebant
1512 3806 1626 3861 easdam
1645 3809 1699 3876 (ael

366 3885 484 3958 similas)
503 3890 617 3946 vocales
635 3889 710 3946 inter
724 3907 754 3946 se
773 3890 815 3946 ita
829 3887 964 3946 confundi
978 3905 1035 3944 non
1049 3903 1146 3958 posse:
1166 3887 1202 3954 ef.
1217 3885 1367 3956 Papirion.
1382 3887 1400 3944 l.
1416 3903 1438 3942 c.
1465 3886 1567 3959 vulgus
1586 3887 1699 3943 varitiam

366 3985 487 4038 parvum
506 3971 620 4026 torvum
639 3972 707 4027 sunt
725 3971 775 4042 qni
793 3973 898 4042 potunt
914 3988 966 4042 per
984 3969 1041 4026 duo
1060 3988 1079 4024 ιι
1097 3969 1183 4025 scribi
1200 3985 1259 4025 non
1276 3968 1392 4038 debore,
1412 3967 1479 4036 quis
1497 3968 1598 4025 similia
1614 3985 1698 4024 voca·

367 4047 404 4104 lis
422 4049 517 4105 vocali
535 4051 670 4110 ιιίιιιιιιιι
688 4068 745 4107 non
764 4051 858 4108 solum
875 4068 933 4108 non
952 4051 1114 4118 cohaereat,
1134 4049 1291 4106 sedetiam
1310 4031 1450 4120 syflabam
1464 4053 1583 4120 augeat,
1602 4054 1635 4106 nt
1654 4053 1698 4106 est

367 4145 474 4185 vacuus
493 4135 541 4188 etc.
570 4151 637 4192 acm
654 4135 704 4191 boc
722 4138 792 4189 certo
809 4133 859 4188 boc
877 4132 934 4187 loco
948 4130 1064 4202 Loacus
1082 4133 1184 4200 coluit,
1202 4147 1260 4188 aon
1278 4131 1351 4201 qaod
1372 4129 1420 4185 ‘ic
1438 4132 1582 4199 superiore
1599 4131 1698 4201 dc'spu-

366 4210 482 4266 icta'ortc'
499 4229 530 4282 p.
545 4217 624 4284 49,3
642 4216 748 4272 dictura
766 4217 838 4280 crat,
858 4227 1013 4281 numquam
1032 4212 1103 4268 duas
1121 4213 1234 4270 vooalas
1254 4211 1329 4267 coire
1349 4213 1381 4266 ut
1400 4225 1456 4264 non
1475 4209 1591 4282 longum
1611 4212 1698 4282 sylla·

369 4289 436 4346 bam
456 4291 572 4351 faciam.
649 4302 682 4352 12
702 4292 825 4366 speciem
843 4289 957 4346 litterae
971 4290 1209 4361 animaduersum
1229 4291 1279 4348 sed
1299 4293 1395 4346 mmen
1410 4287 1495 4344 aliam
1514 4293 1697 4361 potestatem.

372 4370 398 4425 si
416 4369 455 4426 sii
473 4373 666 4433 nominatione
684 4376 756 4431 duas
776 4387 888 4444 qnoque
906 4389 926 4425 u
943 4370 1055 4428 litteras
1073 4373 1193 4431 habebit
1209 4372 1238 4428 R
1326 4375 1359 4425 13
1379 4369 1420 4424 sic
1438 4371 1643 4446 nominativus]
1663 4391 1699 4430 ac

369 4451 411 4506 sic
429 4453 490 4508 lieri
509 4457 542 4512 ιιι
560 4455 751 4514 nominativus
770 4453 840 4509 duas
859 4451 974 4522 qnidam
993 4468 1011 4504 v
1031 4451 1141 4509 litterae
1161 4453 1266 4509 habeat
1286 4450 1464 4520 Papae-rasus
1557 4459 1590 4508 14
1609 4456 1699 4524 atquo

369 4533 405 4588 ab
424 4533 531 4591 eisdem
550 4552 658 4607 aequus
677 4552 728 4608 par
746 4553 765 4589 ιι
784 4536 814 4589 et
832 4549 849 4588 o
868 4537 894 4586 et
911 4533 975 4586 item
990 4537 1088 4601 postea
1106 4549 1198 4604 aequo
1217 4549 1324 4603 aequus
1343 4530 1429 4601 nequi
1447 4546 1538 4601 aequo
1553 4548 1609 4601 pro
1623 4550 1700 4604 equo

367 4629 458 4683 aquus
477 4617 544 4686 equi
562 4633 635 4688 equo
653 4616 683 4673 R
756 4621 790 4671 16
809 4627 861 4685 por
878 4629 966 4667 unum
984 4626 1021 4666 an
1039 4629 1090 4683 per
1109 4613 1165 4669 duo
1185 4613 1288 4668 debeat
1307 4610 1400 4667 scribi.
1429 4611 1467 4665 Et
1485 4610 1652 4683 priusquam
1666 4615 1697 4671 R

425 4697 458 4748 tn
477 4693 507 4748 in
525 4693 571 4750 his
589 4695 692 4766 quibus
706 4693 824 4752 confusa
837 4693 907 4748 haec
922 4691 1020 4747 littera
1034 4695 1091 4763 est,
1109 4692 1140 4748 in
1154 4709 1188 4749 eo
1203 4691 1279 4762 qnod
1298 4693 1343 4745 est
1356 4690 1428 4761 quis.
1456 4707 1525 4747 nam
1540 4691 1566 4746 si
1582 4695 1699 4752 omnino

367 4773 438 4828 haec
456 4773 564 4830 vocaus
583 4779 627 4830 sat
645 4794 663 4830 v
682 4773 886 4848 proculdubio
906 4773 975 4829 hsao
994 4771 1106 4842 syllaba
1124 4773 1211 4844 longa
1229 4773 1304 4828 esset
1322 4770 1350 4825 R
1442 4787 1507 4826 cnm
1527 4790 1545 4842 q
1565 4773 1696 4850 confusa]

373 4871 401 4924 p.
421 4857 497 4923 tat
518 4853 560 4910 ibi
578 4871 704 4926 qnoque,
723 4855 773 4912 ubi
791 4872 856 4912 cum
873 4854 970 4912 littera
988 4872 1007 4925 q
1026 4853 1144 4910 conium
1163 4858 1220 4924 est,
1240 4852 1299 4910 vim
1318 4851 1498 4911 consonantia
1517 4851 1605 4910 hobel
