3590 5486
322 318 389 386 184
532 307 535 314 '
876 311 1111 371 cssesononu

318 434 340 474 p.
356 421 410 464 280³
424 421 450 462 P.

192 543 207 592 ·.
319 510 467 590 integram
487 508 581 598 magis
606 523 673 570 esse
697 503 860 567 dictionem
881 477 985 565 noster
1004 503 1123 564 animus
1142 499 1316 565 arbitratur.
1354 518 1562 564 ammonemus
1582 519 1656 581 quo·

319 634 378 700 que
398 614 479 698 quod
503 617 534 678 in
555 615 727 678 derivativis
750 611 800 676 hio
820 613 924 694 etiam,
948 612 1027 673 sicut
1046 608 1174 694 ubique,
1198 609 1402 691 spectabimus
1420 611 1658 694 primiformium

237 759 250 780 ·
319 723 450 809 regulas,
474 733 508 788 ut
531 726 633 787 cervix
657 721 813 806 cervicale,
836 718 935 803 pulvis
959 716 1172 801 pulvinarium,
1195 735 1305 799 quasa
1329 704 1505 800 posteritate
1525 718 1657 802 syllabae

320 836 477 898 venientes
508 831 598 916 paulo
632 838 700 914 post
732 838 915 910 retegemus.
969 825 1046 890 banc
1079 825 1253 908 regularum
1286 824 1465 889 divisionem
1497 828 1659 892 coollrmat

322 943 474 1024 scriptura
502 939 648 1003 convivii:
679 955 748 1000 nam
777 934 916 999 dissimili
945 944 1081 1018 tempore
1105 935 1163 998 vivi
1191 933 1321 1016 syllabae
1345 938 1527 1000 constitutae
1551 945 1688 1001 nourr-⁵

311 1037 374 1114 'tur
407 1047 559 1130 similiter,
593 1045 674 1128 quod
706 1047 805 1129 prior,
838 1043 867 1107 id
901 1052 949 1108 est
976 1043 1243 1128 antepaenultima,
1271 1043 1359 1126 longe
1387 1055 1434 1108 est
1462 1021 1494 1108 et
1524 1047 1659 1128 speciem

321 1151 443 1240 regulae
468 1157 580 1220 meruit
603 1153 696 1237 paulo
717 1162 785 1216 ante
810 1162 1008 1238 memoratae,
1032 1151 1085 1216 ubi
1109 1153 1300 1216 meminimus
1325 1155 1353 1216 vi
1376 1152 1496 1236 longam
1519 1155 1550 1215 in
1575 1162 1657 1218 ante·

323 1265 507 1350 paenultima
540 1263 842 1345 sede,constitutam
873 1279 930 1343 per
958 1279 975 1322 v
1008 1261 1141 1350 vocalem
1174 1261 1337 1326 habentem
1370 1265 1429 1324 vim
1463 1265 1659 1324 consonantis

322 1375 495 1438 necessario
519 1372 625 1455 scribi3
655 1388 780 1434 manens
803 1368 897 1432 altera
926 1368 1027 1432 brevis
1051 1387 1142 1451 supra
1166 1369 1262 1432 dictae
1287 1372 1410 1434 servivit
1439 1369 1577 1454 regulae,
1606 1369 1659 1432 ubi

322 1482 454 1547 diximus
477 1483 507 1545 vi
531 1480 654 1543 brevem
677 1483 708 1542 in
732 1478 832 1542 medio
856 1480 986 1541 nominis
1010 1481 1139 1561 positam
1163 1496 1257 1560 perv
1281 1481 1389 1542 notari.
1427 1477 1561 1560 regulam
1585 1499 1660 1561 ergo
1677 1491 1704 1528 10

324 1590 454 1654 absurde
479 1608 540 1652 non
564 1587 696 1652 arbitror
720 1607 787 1651 esse
811 1587 945 1650 divisam.

414 1697 458 1759 vo
481 1695 593 1780 syllaba
617 1695 705 1778 longa
729 1695 775 1759 vel
799 1695 900 1758 brevis
923 1697 954 1757 ln
979 1695 1077 1758 medio
1102 1697 1233 1758 nominis
1256 1697 1354 1777 posita
1378 1715 1434 1778 per
1455 1715 1473 1756 v
1496 1695 1661 1780 scribetur,

418 1862 431 1911 1
452 1869 648 1910 ammonemus
662 1867 776 1924 qnoque
789 1851 820 1907 in
834 1849 1002 1908 derivativis
1016 1850 1063 1908 bic
1077 1867 1140 1908 esse
1154 1851 1227 1910 sicut
1240 1851 1347 1924 ubique
1361 1853 1546 1910 tractavimus
1559 1851 1660 1925 primi-

324 1936 458 1996 formium
472 1933 587 2006 regulas
602 1933 704 1990 Carrio
759 1939 775 1989 a
795 1929 842 1988 bic
857 1931 944 1989 etiam
961 1931 1031 1991 Por.
1045 1947 1076 2002 s,
1094 1932 1142 1990 bio
1161 1937 1238 1990 esset
1256 1933 1285 1990 B
1303 1934 1350 1992 bic
1367 1951 1428 1996 ease
1449 1934 1473 1990 0
1488 1935 1535 1992 bis
1553 1951 1614 1991 esse
1630 1935 1659 1990 A

367 2014 559 2091 spectauimus
579 2015 641 2072 ΔΒ
659 2013 890 2072 tractauimusC
959 2013 1169 2087 primiformnm
1188 2015 1217 2070 B
1291 2016 1451 2074 dceroical
1471 2014 1496 2073 0
1565 2014 1659 2087 pulvi·

322 2117 393 2158 nare
413 2098 514 2155 danto
587 2103 603 2153 b
623 2096 683 2154 nini
702 2094 828 2168 syllabae
848 2109 865 2154 ς
883 2094 956 2151 uiuii
974 2095 1101 2168 syllabae
1120 2095 1216 2153 ABG
1287 2103 1304 2154 6
1328 2115 1401 2170 quae
1420 2097 1497 2170 prior
1515 2096 1607 2153 ABG

325 2191 340 2240 't
361 2183 391 2238 in
409 2178 656 2252 anteponenltima
675 2178 743 2235 sede
761 2177 946 2236 oonsdtatam
965 2178 994 2233 A
1012 2177 1042 2234 in
1061 2177 1306 2250 antepeneoltima
1324 2179 1391 2236 sede
1408 2179 1565 2236 constituto
1582 2177 1611 2234 B
1630 2179 1660 2234 in
1675 2223 1681 2240 ,

326 2261 583 2336 antepenultimam
602 2259 653 2317 sed
672 2259 858 2316 coroniolam
878 2257 903 2314 0
974 2265 990 2314 9
1010 2258 1099 2316 seruit
1117 2259 1147 2314 A

1410 2425 1655 2437 n—s-n-ss—

787 2529 975 2586 mannaan
994 2528 1043 2585 on
1064 2528 1086 2584 n
1106 2528 1154 2587 av
1173 2529 1200 2584 v
1221 2509 1223 2514 '

330 2704 465 2788 regulas,
490 2713 523 2766 ut
547 2704 648 2764 ceruix
672 2698 815 2782 cervical,
837 2699 936 2780 pulvis
958 2699 1174 2784 pulvinarium,
1203 2718 1277 2782 quas
1301 2720 1316 2762 a
1340 2704 1527 2784 posteritatis
1550 2701 1661 2784 syllaba

325 2817 482 2877 venientes
505 2811 594 2895 paulo
619 2819 687 2893 post
710 2819 893 2891 retegemus.
931 2817 961 2870 et
985 2805 1149 2871 conubium
1174 2809 1220 2871 vel
1250 2829 1286 2872 ex
1311 2809 1424 2874 nubtiis
1448 2809 1555 2874 velex
1580 2811 1661 2874 nubo

328 2921 419 2986 verbo
439 2921 641 3002 compositum
661 2937 727 2981 esse
747 2919 816 2999 quis
834 2913 984 3000 abneget?
1009 2919 1071 2979 sive
1090 2919 1184 2999 igitur
1208 2937 1223 2979 a
1244 2917 1371 3002 nubtiis,
1394 2918 1414 2982 b
1434 2929 1548 2982 mutam
1571 2919 1663 2982 babe-

327 3032 372 3094 bit
395 3027 564 3092 secundum
589 3026 722 3108 regulam
747 3045 837 3108 quam
862 3035 931 3088 ante
955 3027 1127 3108 posuimus,
1157 3024 1210 3088 ubi
1234 3024 1364 3089 diximus
1388 3045 1553 3110 numquam
1577 3047 1594 3088 v
1618 3027 1661 3090 di·

327 3155 467 3220 pammon
498 3137 677 3199 consonanti
705 3135 865 3217 praeponi,
893 3136 955 3194 sive
985 3132 1022 3195 de
1052 3131 1132 3195 nubo
1163 3131 1255 3195 verbo
1285 3134 1397 3197 iactum
1421 3153 1488 3197 esse
1517 3134 1692 3216 dicamus,s

329 3247 456 3310 eandem
476 3248 659 3327 scripturam
678 3241 794 3306 tenebit
813 3243 982 3306 secundum
1002 3244 1149 3305 rationem
1168 3261 1258 3324 quarn
1282 3245 1314 3304 in
1332 3242 1664 3306 verbis.lestinabimus

328 3354 465 3419 reddere.
509 3353 588 3416 banc
619 3351 792 3434 regularum
823 3350 1001 3413 divisionem
1033 3351 1190 3413 confirmat
1223 3353 1373 3432 scriptura
1412 3353 1556 3414 convivii:
1594 3369 1663 3413 nam

328 3463 468 3527 dissimili
494 3471 631 3544 tempore
656 3460 713 3521 vivi
742 3458 1085 3541 syllabae-constitutae
1115 3465 1257 3523 notantur
1281 3459 1433 3542 similiter,
1461 3458 1542 3542 qbod
1569 3462 1665 3541 prior,

328 3572 358 3636 id
389 3571 435 3634 e‘st
463 3568 729 3653 antepaenultima,
762 3567 850 3648 longa
879 3575 926 3636 est
955 3576 986 3630 et
1019 3569 1151 3648 speciem
1180 3567 1301 3648 regulae
1332 3571 1442 3630 meruit
1476 3567 1565 3651 paulo
1593 3577 1663 3631 ante
1706 3617 1713 3624 .

328 3687 526 3760 memoratae,
549 3676 601 3741 ubi
626 3679 817 3740 meminimus
842 3679 870 3738 vi
894 3675 1013 3756 longam
1037 3678 1068 3738 in
1093 3675 1345 3757 antepaenultima
1370 3677 1442 3740 sede
1466 3680 1663 3740 constitutam
1681 3700 1707 3739 m

328 3809 384 3872 per
408 3808 427 3849 v
449 3786 582 3850 vocalem
606 3784 767 3848 habentem
791 3788 851 3848 vim
875 3787 1070 3847 consonantis
1095 3787 1267 3848 necessario
1292 3757 1548 3868 scribi5‘manens
1569 3783 1663 3848 altera
1779 3782 1784 3794 ’

329 3899 430 3963 brevis
462 3914 554 3979 supra
584 3894 682 3957 dictae
714 3895 837 3956 servivit
868 3892 1003 3976 regulae,
1041 3892 1092 3954 ubi
1129 3893 1259 3956 diximus
1290 3897 1319 3955 vi
1349 3892 1472 3956 brevem
1502 3895 1533 3955 in
1564 3893 1664 3956 medio

330 4008 461 4072 nominis
484 3998 614 4088 positam
637 4021 729 4087 perv
753 4002 923 4083 digammon
949 4003 1056 4063 notari.
1094 4021 1166 4082 ergo
1186 4002 1320 4084 regulam
1344 4001 1474 4066 absurde
1500 4020 1567 4064 esse
1590 4002 1663 4064 divi-

331 4125 395 4206 sam
419 4133 479 4176 non
503 4111 644 4176 arbitror.
1671 4161 1685 4197 ,

423 4296 436 4345 1
457 4288 553 4345 cervix
572 4287 695 4345 cervical
713 4287 760 4344 vel
778 4284 916 4342 cervicale
935 4283 1030 4357 pulvis
1048 4283 1181 4355 pulvinar
1199 4285 1246 4341 vel
1270 4285 1418 4358 pulvinare
1438 4285 1467 4340 P
1535 4289 1665 4357 aposte-

330 4375 404 4432 riore
419 4370 579 4445 syllabaN
594 4388 613 4428 a
625 4369 794 4442 posteritate
809 4365 936 4438 syllabae
958 4365 987 4421 P
1040 4371 1056 4420 2
1075 4368 1238 4438 retegemus
1255 4369 1285 4423 et
1304 4367 1455 4424 conubium
1475 4399 1509 4408 —
1529 4373 1546 4422 8
1565 4365 1666 4424 obtan-

330 4461 378 4514 tur
400 4454 535 4513 similiter
559 4451 588 4508 P
614 4451 770 4523 retegimus
799 4451 885 4519 endas
914 4446 1078 4518 regularum
1107 4447 1277 4505 divisionem
1301 4447 1450 4504 confirmat
1473 4447 1614 4519 scriptura
1637 4451 1667 4504 et

332 4536 504 4596 connubium
525 4551 562 4591 an
582 4551 616 4590 ex
634 4531 742 4604 nuptiis
761 4530 807 4587 vel
831 4545 866 4585 ex
889 4527 964 4584 nubo
985 4555 1018 4568 -
1044 4533 1059 4582 'l
1084 4527 1203 4585 reddere
1223 4528 1280 4584 vivi
1305 4528 1432 4599 syllabae
1457 4527 1580 4586 convivii
1598 4546 1666 4586 nam

331 4617 464 4674 dissimili
481 4621 612 4688 tempore
631 4614 804 4671 constitutae
824 4611 959 4668 notantur
976 4607 1108 4667 similiter
1125 4610 1160 4667 N
1213 4615 1247 4666 10
1266 4613 1438 4667 memoratas
1457 4611 1491 4666 N
1541 4611 1572 4668 in
1586 4614 1666 4671 ante·

332 4697 492 4770 penultima
517 4696 614 4754 eedem
639 4695 673 4750 N
695 4693 725 4750 in
750 4689 1006 4764 antepenultimam
1033 4691 1129 4748 eedem
1156 4693 1185 4747 P
1251 4695 1307 4747 '11
1333 4691 1524 4748 necessarium
1547 4693 1614 4750 NP

335 4786 367 4835 12
392 4793 479 4849 supra
501 4777 595 4836 dictae
620 4775 738 4834 servivit
760 4773 811 4830 obi
828 4772 858 4828 P
880 4787 967 4842 supra
991 4771 1085 4829 dictae
1104 4773 1230 4841 servavit
1248 4771 1368 4844 scriptor
1386 4773 1446 4828 tam
1466 4773 1515 4830 ubi
1533 4775 1567 4830 N
1638 4777 1667 4835 vi

334 4876 386 4917 om.
406 4857 445 4930 N,
465 4859 531 4916 aad.
550 4859 580 4914 P
651 4864 685 4914 14
703 4873 760 4914 non
778 4871 829 4912 ont.
850 4855 889 4923 N,
908 4856 973 4913 add.
996 4853 1025 4910 P
