3616 5482
578 317 651 376 ΔΕΒ
670 319 720 376 ott
739 317 1037 379 ORTHOGRAPHIA
1408 319 1472 386 119

129 439 154 478 p.
169 429 233 470 2289.
250 429 277 469 ro
290 427 316 469 P.

132 515 250 598 tione,
269 523 304 577 at
323 531 395 576 non
415 513 495 576 sine
514 520 730 595 argumento
749 504 1010 574 maledicere?’
1029 512 1060 572 in
1076 510 1197 573 leminis
1212 519 1313 574 autem
1328 510 1472 574 honestae

129 622 258 706 dieitur,
275 621 356 686 unde
372 621 534 686 Terentius
550 621 587 684 de
601 619 726 682 horrido
741 629 772 682 et
786 637 859 682 senc
873 616 1023 681 Eunucho
1043 612 1212 681 ‘illumne
1232 618 1471 684 inhonestum

129 730 316 794 bominem
340 725 547 811 [ambulare]’.
584 729 757 791 formositas
782 745 853 789 vero
877 728 909 788 in
933 725 1111 789 luxuriosis:
1136 724 1277 807 Virgilius

295 838 494 902 formosum
516 843 646 919 pastor
670 833 839 916 Corydon
862 833 1017 899 ardebat
1040 834 1178 910 Alexin,

80 975 95 1015 s
222 945 290 1030 lpse
314 965 482 1030 pronomen
506 945 660 1027 dignitatis
683 953 743 1025 est,
766 944 824 1006 iste
848 941 1035 1007 abiectioris.

223 1056 341 1120 Donum
366 1056 465 1120 dantis
489 1063 545 1137 est,
568 1071 679 1117 mrrnus
694 1053 881 1134 accipientis.
918 1051 992 1116 lllud
1016 1071 1032 1113 a
1057 1051 1165 1136 dando,
1189 1053 1279 1116 lroca
1301 1057 1470 1120 muniendo

125 1165 178 1228 rel
202 1165 393 1229 amonendo
413 1163 419 1242 1
439 1163 564 1226 dictum.
668 1207 683 1232 ,
1406 1174 1410 1184 ·

222 1274 283 1337 llas
307 1293 414 1336 manos
438 1273 529 1336 unius
552 1270 683 1335 hominis
707 1270 851 1355 dicirpus,
874 1270 951 1334 hanc
976 1288 1099 1333 manum
1118 1272 1284 1337 multorum
1303 1273 1469 1338 hominum.

222 1383 394 1465 Coargoere
422 1389 470 1446 est
499 1400 641 1445 coercere
671 1390 702 1444 et
730 1397 940 1462 compescere,
969 1397 1099 1460 arguere
1132 1368 1294 1444 ostendere
1326 1390 1357 1444 et
1387 1391 1468 1465 pate·

82 1495 248 1557 solacere:
276 1490 419 1574 Virgilius
447 1486 670 1573 ‘degeneres
698 1491 839 1552 animos
864 1489 972 1551 timor
996 1484 1145 1569 arguit'.
1187 1488 1267 1553 unde
1292 1500 1469 1573 argumenta

129 1603 278 1666 dicuntur
301 1620 378 1684 qrrae
402 1619 524 1664 causam
548 1598 722 1662 ostendunt.

222 1709 301 1774 Sunt
323 1727 495 1792 sormones,
524 1717 557 1772 ut
579 1710 623 1772 ita
646 1707 789 1791 dixerim,
813 1724 990 1770 communes
1014 1706 1074 1771 duo
1098 1705 1157 1770 sibi
1181 1711 1333 1772 contraria
1356 1711 1467 1792 signill-

128 1828 243 1883 oantes.
282 1827 387 1881 rector
409 1817 522 1882 dicitur
545 1826 577 1881 et
600 1818 653 1898 qui
676 1825 777 1899 portat
799 1825 830 1878 et
848 1819 901 1898 qul
921 1823 1069 1898 portatur.
1106 1816 1218 1899 hospes
1238 1821 1340 1901 etqui
1360 1822 1469 1903 recipit

127 1929 229 2010 etqui
247 1928 403 2009 recipitur.
440 1943 527 1988 sacer
546 1934 578 1988 et
596 1924 787 1988 venerandus
806 1932 837 1989 et
855 1926 1059 1989 execrandus:
1081 1923 1224 2008 Virgilius
1243 1921 1340 1990 ‘artri
1364 1947 1469 1992 sacra

85 2059 112 2101 rs
128 2029 271 2099 lames'.
315 2034 399 2099 ultus
428 2044 458 2099 et
486 2033 656 2098 vindicatus
685 2042 716 2096 et
742 2036 877 2116 punitus.
918 2035 1014 2115 gratia
1045 2042 1077 2096 et
1107 2032 1203 2098 bonae
1234 2043 1266 2098 et
1297 2034 1391 2099 malae
1423 2040 1468 2100 rei

128 2133 235 2208 causa:
262 2161 333 2207 nam
362 2145 441 2207 sicut
465 2142 594 2206 dicimus
618 2138 836 2206 ‘amicitiarum
859 2151 891 2206 et
918 2141 1059 2206 beuelicii
1086 2138 1214 2228 gratla’‚
1241 2145 1283 2207 ita
1307 2144 1468 2210 Sallustius

128 2249 341 2335 ‘obprobrii
373 2246 523 2337 gratia’,
558 2261 589 2314 et
623 2250 730 2314 Cicero
764 2229 1028 2334 ‘relegationis
1061 2269 1101 2314 ac
1135 2251 1313 2335 supplicii
1350 2257 1467 2336 gratia

129 2361 287 2427 colenda
316 2371 352 2426 et
380 2362 537 2426 fruenda
565 2356 802 2442 tradiderat’,
826 2369 857 2424 et
880 2361 1042 2424 Terentius
1068 2356 1147 2443 ‘qui
1170 2362 1329 2425 releram
1352 2366 1467 2426 sacri·

128 2471 210 2554 lego
239 2470 296 2535 llll
323 2465 503 2555 gratiam'.
541 2471 683 2552 suliragla
706 2468 810 2552 populi
834 2477 965 2552 atquae
989 2469 1140 2534 honorant
1168 2470 1313 2534 dicuntur
1336 2479 1367 2533 et
1391 2491 1466 2552 quiae

86 2605 115 2646 so
129 2581 286 2645 damnant:
310 2579 418 2644 Cicero
437 2580 475 2643 de
494 2589 637 2663 praetura
656 2577 771 2642 urbana
791 2573 918 2640 ‘istum
939 2580 991 2642 ris
1016 2578 1090 2642 ulla
1109 2597 1151 2642 ex
1170 2579 1297 2662 populi
1315 2579 1466 2643 Romani

129 2689 325 2771 sullragiis
353 2691 501 2772 eripere
530 2682 699 2771 poterit'.
741 2687 889 2750 donamus
918 2694 948 2751 et
975 2686 1050 2752 illud
1080 2686 1160 2771 quod
1190 2687 1297 2751 damus
1326 2698 1357 2752 et
1382 2690 1465 2752 illrmr

130 2800 181 2861 cui
209 2797 325 2860 damus.
367 2795 525 2860 adficimur
553 2796 669 2860 bonore
698 2804 729 2858 et
756 2795 914 2859 adficimur
941 2797 1062 2861 iniuria.
1098 2796 1251 2860 elevamus
1279 2805 1310 2859 et
1334 2816 1410 2879 quae
1435 2802 1466 2860 in

130 2907 224 2971 altum
249 2905 413 2969 attollimus
438 2915 468 2970 et
498 2925 574 2988 quae
599 2903 780 2968 adnullando
804 2903 915 2966 leviora
939 2905 1076 2969 iacimus.
1113 2904 1313 2970 subducimus
1336 2913 1367 2970 et
1390 2917 1466 2988 quae

129 3023 214 3078 retro
233 3013 440 3078 subtrahimus
460 3023 491 3078 et
510 3031 586 3095 quae
606 3015 638 3075 in
655 3018 801 3095 promptu
820 3013 989 3076 offerimus:
1014 3011 1175 3078 Sallustius
1193 3012 1273 3078 bello
1293 3013 1466 3080 Catilinario

131 3186 348 3197 -—---——

203 3267 699 3330 latnonMannoncautnonB
750 3269 1467 3335 2unde'lerentiuedehorridoeteaneeunucbos

130 3410 204 3467 unde
227 3407 367 3466 terentius
391 3405 427 3462 de
451 3404 568 3463 horrido
592 3407 623 3461 et
644 3404 669 3460 si
693 3403 754 3461 sine
774 3352 1003 3464 emtuheunuoho
1024 3407 1063 3462 M
1084 3406 1159 3462 uude
1185 3407 1322 3464 ursatius
1342 3408 1377 3466 de
1396 3410 1466 3466 ordo

130 3491 184 3547 etsi
202 3507 269 3547 aene
284 3488 415 3546 mucha
428 3486 458 3543 Β
475 3485 551 3543 unde
566 3527 703 3544 ........
719 3487 849 3544 eunucho
870 3489 979 3561 aliquot
997 3491 1097 3546 titteris
1115 3490 1223 3558 defectu
1241 3490 1467 3548 membranorum

127 3565 246 3644 perditis
271 3569 301 3629 0.
329 3571 447 3640 [ortonae
470 3566 547 3624 uude
565 3566 715 3624 Terentius
734 3567 770 3622 de
788 3567 903 3625 horrido
923 3573 953 3626 et
970 3569 1079 3626 moulto
1098 3587 1164 3626 aene
1183 3569 1335 3628 Eunucho:
1357 3571 1464 3630 Terent

130 3653 260 3711 Eanum.
280 3652 326 3709 ΙΙ
342 3657 368 3721 3,
388 3657 426 3708 65
498 3649 618 3706 illumne
636 3649 788 3706 honestum
806 3648 867 3705 BG
936 3641 1191 3708 tumbulare'om.
1206 3649 1276 3721 BG,
1295 3653 1361 3708 add.
1378 3654 1417 3709 M

129 3735 332 3809 tiormorum]
358 3732 438 3805 Vero.
457 3734 545 3791 bacol.
565 3738 631 3800 a,1
697 3729 816 3786 ardebat
834 3729 923 3786 alexis
943 3729 975 3802 0,
996 3746 1048 3788 om.
1062 3731 1115 3802 Bp
1177 3733 1267 3789 thoc
1286 3751 1305 3790 a
1323 3735 1465 3793 monendo
1568 3727 1571 3734 ’

129 3817 176 3874 uel
195 3833 214 3872 a
231 3815 374 3872 monendo
392 3813 501 3870 dietum
520 3811 580 3869 BG
650 3816 667 3866 8
685 3812 761 3868 hano
780 3811 867 3881 (hunc
887 3810 924 3884 0)
944 3828 1060 3868 manum
1079 3813 1185 3870 multos
1204 3813 1334 3872 homines
1353 3815 1413 3871 BG

132 3903 164 3954 10
187 3895 353 3970 degeneres]
378 3893 457 3967 Vero.
476 3895 548 3954 Aera.
573 3893 659 3949 IIII
677 3897 714 3948 13
805 3893 916 3950 animae
939 3893 968 3949 Β
1061 3901 1094 3950 ta
1118 3895 1221 3966 hospes
1246 3897 1291 3952 est
1314 3896 1363 3968 qui
1382 3898 1410 3954 B

131 3985 163 4034 lt
187 3977 262 4050 auri]
287 3975 366 4048 Verg.
391 3978 462 4032 Aen.
486 3975 552 4031 III
568 3977 606 4031 57
688 3979 721 4031 16
744 3972 877 4050 dicimus]
902 3974 1024 4032 diximus
1045 3974 1069 4031 0
1149 3976 1191 4034 ita
1214 3977 1347 4049 supplicii
1371 3979 1465 4050 gratia

130 4059 272 4116 Salustius
294 4056 442 4130 obprobrii
464 4052 560 4128 gratia
579 4053 615 4111 0.-
639 4053 754 4111 Solluet.
780 4054 840 4113 Cot.
864 4061 913 4125 23,
939 4063 955 4114 1
981 4075 1066 4129 quem
1089 4075 1220 4116 censores
1243 4061 1343 4116 senatu
1366 4060 1464 4131 probri

129 4139 224 4213 gratia
240 4141 390 4196 moverant
482 4140 516 4192 17
537 4138 567 4192 et
584 4141 649 4192 oute
668 4135 765 4194 Cicero
785 4153 836 4196 om.
856 4138 884 4194 B
976 4140 1163 4214 relegationis
1184 4141 1222 4196 Μ
1237 4139 1416 4211 religationis
1435 4140 1464 4197 Β

128 4222 276 4296 religionis
290 4217 356 4292 pO:
377 4218 433 4275 Cic.
448 4234 479 4289 p.
499 4215 581 4277 noea.
601 4218 694 4274 Amor.
714 4223 761 4287 15,
779 4222 816 4276 43
909 4227 943 4278 18
969 4222 1089 4280 menda
1108 4221 1146 4276 M
1151 4219 1176 4276 0
1196 4220 1337 4279 serundo
1355 4219 1408 4292 Bp
1471 4221 1479 4247 '

129 4303 198 4377 quid
216 4301 339 4360 referam
357 4301 398 4360 B:
420 4301 529 4359 Terent.
548 4297 680 4358 Marcie.
706 4299 733 4355 t⁷
749 4307 776 4369 3,
794 4307 814 4359 2
889 4309 925 4360 20
943 4306 1079 4376 praetura
1099 4302 1137 4358 Μ
1153 4302 1334 4373 praefectura
1352 4303 1412 4359 BC

128 4388 215 4443 istum
234 4383 279 4440 nie
298 4383 352 4440 illa
368 4384 470 4457 populi
489 4381 631 4455 suffragiis
651 4379 773 4439 emanere
792 4384 901 4455 poterit
917 4403 950 4456 p:
971 4384 1027 4441 Cic.
1047 4387 1080 4440 ira
1104 4383 1253 4440 Vosmet.
1273 4400 1323 4439 sec.
1345 4385 1366 4438 I
1383 4391 1411 4453 5,
1428 4391 1464 4443 14

129 4485 185 4525 non
203 4481 306 4523 vereor
325 4481 360 4521 ne
378 4467 430 4523 aut
447 4465 533 4522 istum
553 4463 596 4520 rie
615 4463 677 4520 ulla
694 4481 729 4521 ex
751 4464 852 4536 populi
870 4465 993 4522 Romani
1016 4462 1159 4536 suffragiis
1183 4463 1292 4535 eripere
1311 4468 1362 4521 aut
1381 4483 1399 4522 a
1417 4483 1463 4524 me

129 4549 220 4607 ullum
247 4564 350 4604 munus
378 4547 536 4606 aedilitatis
564 4547 688 4620 amplius
718 4549 769 4602 aut
796 4545 905 4619 gratius
933 4547 1040 4620 populo
1068 4545 1197 4602 Romano
1226 4561 1288 4601 ease
1317 4545 1410 4618 possit

128 4637 161 4688 Μ
176 4630 286 4703 eripere
300 4646 336 4686 ne
349 4629 458 4700 poterit
473 4631 511 4686 Μ
554 4629 661 4703 poterii
675 4627 730 4685 Ubi
745 4645 811 4685 eum
824 4629 914 4701 pudet
928 4629 1066 4685 donamus
1080 4626 1120 4684 B:
1136 4627 1171 4695 of.
1180 4643 1209 4697 p.
1220 4631 1320 4696 120,3
1367 4635 1402 4684 22
1417 4629 1464 4685 oui

129 4711 240 4785 damus]
260 4709 306 4768 oui
325 4709 465 4768 donamm
485 4709 510 4766 0
557 4717 591 4768 28
611 4709 799 4784 adnullando]
819 4709 942 4767 odlando
962 4707 1014 4776 Bp
1064 4713 1099 4762 ta
1119 4707 1269 4764 Sallustius
1289 4709 1366 4766 bello
1387 4708 1463 4766 Cati·

128 4792 243 4867 linario]
263 4793 400 4850 calmum
417 4791 495 4850 bello
515 4791 634 4850 catilina
653 4792 692 4848 Μ
708 4791 786 4849 bello
805 4792 852 4849 uel
870 4790 1004 4849 catilinae
1024 4789 1159 4846 salustius
1179 4789 1296 4846 Obello
1316 4790 1462 4848 catillinae

130 4874 176 4930 uel
193 4873 336 4932 caribnae
355 4875 492 4933 suumne
509 4876 550 4932 B:
570 4875 687 4934 Sallust.
708 4872 792 4931 emt.
812 4879 858 4943 59,
877 4879 895 4931 3
1418 4869 1420 4874 ’
