3590 5486
631 287 680 346 on
700 253 997 344 ouunoosarms
1416 288 1482 356 too

141 405 168 444 ρ.
181 389 242 434 saro.
256 393 284 434 ιι
298 391 325 433 s.

143 480 255 561 sentis,
283 487 318 543 ut
345 478 460 542 dictum
488 486 549 562 est,
577 478 739 560 temporis,
768 494 900 560 qnorum
927 477 1127 560 praeteritum
1155 478 1186 540 in
1215 475 1268 540 bui
1296 484 1349 540 aut
1378 477 1411 540 in
1434 479 1481 560 psi

143 587 272 670 syllabas
291 587 420 672 desinet,
435 587 561 650 eandem
577 585 596 650 b
617 595 731 649 murtam
750 587 782 649 in
800 585 941 649 omnibus
957 584 1147 668 temporibus
1162 584 1321 650 modorum
1335 587 1481 669 omnium,

143 695 328 780 ubicumque
352 695 509 779 inciderit,
532 713 654 758 servare
678 693 887 772 desideranti

427 889 476 958 IX
506 889 731 959 EVTYCHIS
760 889 821 958 DE
850 887 1186 959 ADSPIRATIONE

114 1039 128 1081 s
233 1022 422 1104 Quamquam
441 1021 514 1084 alias
538 1040 659 1104 quoque
679 1039 769 1084 voces
792 1020 829 1083 ad
853 1021 1089 1104 adspirationem
1112 1023 1300 1103 pertinentes
1322 1040 1382 1085 non
1407 1042 1478 1104 pan·

141 1151 206 1211 cas,
233 1150 310 1214 quae
335 1151 396 1196 non
421 1141 508 1194 erant
536 1130 574 1193 ab
601 1131 719 1194 idoneis
743 1129 920 1194 auctoribus
944 1131 1168 1214 frequentatae,
1200 1132 1301 1194 sciens
1325 1134 1478 1214 praeterii,

141 1259 178 1304 oe
203 1243 296 1304 nimia
318 1240 507 1324 longitudino
527 1238 686 1303 voluminis
706 1256 804 1302 essem
825 1239 986 1322 molestus,
1011 1246 1125 1321 umen,
1148 1241 1290 1320 quoniam
1315 1238 1477 1320 plerosque

107 1427 111 1439 ¹
141 1349 306 1432 legentium
334 1350 403 1433 plus
426 1349 450 1434 †
473 1349 545 1412 licet
568 1347 681 1412 sterilis
712 1346 843 1412 brevitas
867 1366 958 1431 quam
981 1347 1065 1410 utilis
1089 1333 1377 1411 commentariorum
1408 1367 1477 1432 pro·

140 1457 255 1543 llxltas,
278 1459 365 1542 quasi
387 1477 445 1541 per
467 1460 629 1541 epitomam
652 1456 758 1520 eadem
782 1457 855 1520 mibi
885 1464 1025 1539 repetere
1054 1454 1168 1537 placuit
1190 1465 1222 1519 et
1245 1455 1387 1519 omnibns
1415 1464 1476 1520 tam

102 1579 277 1631 coaeterum
312 1568 493 1632 testimoniis
525 1583 616 1648 quam
645 1566 770 1630 redditis
805 1565 918 1648 ubique
946 1563 1115 1628 rationibus
1144 1567 1367 1648 praetermissis
1394 1569 1476 1648 ipsas

140 1676 348 1740 tantummodo
372 1695 472 1741 meras
496 1695 604 1740 rursus
628 1694 781 1758 exponere
805 1675 941 1760 regulas,
970 1682 1004 1738 ut
1032 1685 1102 1738 ante
1133 1673 1213 1736 dicta
1241 1673 1475 1738 studiosioribus

139 1793 171 1847 et
191 1789 362 1868 posteriora
385 1786 561 1850 satisfacere
584 1784 744 1848 rideantur
767 1783 814 1848 hIs
837 1786 890 1866 qui
913 1783 1050 1864 longiora
1073 1781 1239 1844 fastidiunt
1266 1847 1269 1852 ,

229 1892 336 1958 Omnis
365 1911 420 1956 vox
449 1911 556 1976 graeca
584 1893 631 1956 vel
659 1892 787 1957 barbara
816 1910 905 1984 suum
935 1898 1035 1956 serrat
1063 1891 1142 1972 apud
1171 1889 1323 1952 Romanos
1353 1899 1414 1953 tam
1441 1893 1474 1954 in

139 1999 292 2064 vocalibus
315 2019 406 2083 qnam
430 2004 460 2064 in
485 2001 722 2066 consonantibus
747 2005 900 2086 spiritum,
926 2009 960 2063 nt
983 1999 1073 2081 llalys
1092 1997 1215 2061 llecuba
1241 1997 1335 2080 Hegio
1359 1999 1472 2062 Hieron

102 2127 125 2168 n
139 2106 288 2171 llomerus
312 2107 436 2197 bymen,
460 2108 533 2172 bora
557 2111 631 2192 diei,
655 2109 785 2191 Thybris
809 2109 951 2172 Phoebus
975 2107 1087 2171 eborus
1110 2105 1236 2169 Rhenus
1261 2105 1416 2170 Hannibal.

227 2215 341 2280 Omnes
370 2217 490 2282 articuli
513 2237 529 2281 a
554 2218 648 2282 vocali
677 2221 858 2301 incipientes
882 2237 951 2281 cum
976 2217 1180 2299 adspiratione
1203 2216 1413 2299 proteruntur,
1440 2226 1473 2280 nt

136 2323 188 2388 bio
208 2325 284 2389 baec
307 2326 381 2402 boc,
405 2326 436 2390 lai
459 2326 516 2390 bae
539 2327 627 2411 haec,
651 2327 764 2410 absque
789 2330 924 2392 vocativo
937 2345 975 2388 -ο,
1015 2335 1047 2389 et
1069 2323 1220 2388 adverbiis
1245 2333 1345 2387 tamen
1373 2325 1473 2388 locali-

137 2431 192 2496 bus
212 2432 398 2520 adspiratur,
418 2443 452 2498 ut
475 2434 524 2498 bio
548 2433 607 2499 buo
632 2434 703 2498 bino
725 2433 795 2510 bac,
819 2435 877 2498 nisi
897 2452 967 2496 cnm
986 2429 1218 2516 pronominibus
1238 2443 1472 2517 componuntur,

226 2626 363 2684 idesmit
376 2627 426 2688 ςΔ
482 2625 688 2685 suurtoflts
701 2625 762 2682 ΑΘ
773 2629 798 2682 el
812 2627 901 2684 doleia
916 2625 935 2681 S
949 2625 978 2704 Β
993 2624 1131 2683 Eutioatis
1146 2625 1213 2682 Por.
1270 2630 1364 2682 ‘lasse
1379 2623 1438 2680 AG

135 2708 272 2780 quonism
286 2725 339 2765 osa.
353 2707 390 2776 B,
405 2707 502 2765 adab
567 2713 584 2764 8
603 2707 668 2778 plu
688 2707 756 2764 lioot
776 2706 881 2764 sterilis
901 2704 1027 2764 breuitss
1047 2724 1133 2779 quom
1153 2707 1233 2764 utilis
1252 2705 1471 2763 commentario·

134 2805 197 2844 rum
211 2788 339 2845 delectat
357 2787 507 2860 prolixitas
523 2787 624 2846 caroso
689 2787 758 2846 licet
772 2787 875 2858 ΑΒΘ,
894 2789 992 2860 piscat
1006 2791 1031 2858 b,
1050 2789 1123 2847 libet
1136 2791 1221 2847 codes
1234 2788 1389 2844 Emensis
1402 2791 1470 2845 243.

133 2871 252 2938 sonam
264 2869 346 2926 iuvst
395 2869 494 2942 qusm]
510 2886 566 2941 que
579 2869 639 2926 ΑΘ
692 2869 808 2941 aquosi
821 2885 872 2942 per
885 2871 1034 2941 ythomam
1047 2870 1154 2927 ABG=
1170 2872 1334 2942 epytomam
1349 2870 1381 2924 in
1394 2885 1470 2924 mur·

133 2952 197 3022 piae
215 2951 232 3007 b
287 2950 432 3026 omnibus]
453 2951 579 3008 omnium
598 2949 691 3008 ΑΒΘ
751 2955 785 3008 10
804 2950 1013 3022 praetermissis
1034 2951 1143 3023 Carrio,
1162 2951 1326 3024 praemissis
1345 2949 1437 3007 ABG

136 3039 169 3089 11
187 3032 264 3089 halis
282 3031 376 3089 ΑΒΘ
463 3031 555 3104 Hegio
573 3033 602 3088 Β
622 3031 686 3090 heio
705 3031 766 3089 ΑΘ
862 3037 894 3088 lb
913 3032 1018 3104 hymen
1037 3034 1066 3088 A
1084 3033 1192 3089 humen
1210 3032 1239 3089 Β
1257 3030 1400 3089 trimano

133 3112 203 3171 burs
221 3113 333 3170 dierum
353 3113 381 3170 A
455 3110 557 3170 thibris
575 3113 638 3169 ΑΒ
714 3114 820 3171 brem
838 3115 899 3173 ΑΘ
978 3119 1011 3171 11
1030 3116 1150 3191 sorim
1167 3113 1197 3170 in
1217 3113 1359 3171 adverbiis
1379 3113 1467 3170 etiam

132 3193 280 3251 rooslibns
298 3193 460 3268 adspirator
533 3193 674 3252 localibus
693 3195 744 3255 sei
764 3196 910 3253 oooslibus
929 3195 988 3254 ΒΘ
1158 3209 1163 3218 ’

594 3493 782 3551 ΜΑΒΤΥΒΙΙ
799 3491 850 3550 DE
869 3493 892 3548 B
911 3494 960 3550 ET
980 3495 1005 3549 V

130 3663 232 3727 habito
257 3663 385 3727 blbaroo
405 3681 472 3726 amo
491 3665 586 3726 doceo
605 3683 640 3725 ac
661 3663 737 3726 talla.
772 3681 842 3725 nam
861 3681 938 3744 quae
964 3662 1117 3727 habebunt
1136 3663 1156 3726 b
1176 3673 1290 3727 mutarn
1315 3665 1344 3725 in
1369 3665 1466 3745 prima

130 3791 274 3856 persona,
302 3791 432 3854 quorum
462 3775 659 3854 praeteritum
687 3774 719 3834 in
748 3770 799 3834 bui
824 3775 930 3835 autin
954 3775 1002 3854 psi
1026 3772 1154 3854 syllabas
1178 3773 1310 3857 desinet,
1339 3772 1464 3835 carralem

130 3879 149 3942 b
176 3889 292 3944 mutam
317 3883 454 3945 inomni
478 3890 615 3962 tempore
638 3879 799 3942 modorum
822 3882 973 3962 omnium,
1001 3881 1186 3964 ubicumque
1217 3882 1371 3962 inciderit,
1401 3901 1465 3945 ser·

129 4007 199 4052 vare
223 3988 405 4053 desiderant.

102 4149 115 4192 s
477 4129 737 4198 ADAMANTII
766 4130 866 4199 SIVE
895 4131 1120 4198 MARTYRII

128 4237 189 4306 DE
223 4237 251 4304 B
284 4237 412 4306 MVTA
429 4239 502 4305 'ET
534 4237 566 4302 V
595 4239 758 4308 VOCALI
791 4240 1035 4309 TRADVCTA
1069 4240 1118 4307 IN
1152 4238 1462 4308 uttNSONnNnts

171 4345 467 4415 POTESTATEM
490 4345 627 4414 LIBER
651 4347 919 4416 SINGVLARIS
942 4348 1150 4418 EXPLICIT
1173 4347 1419 4416 FELICITER.

213 4551 372 4618 Equorum
390 4541 562 4616 praeteritus
582 4543 611 4599 P
625 4561 747 4615 quarum
765 4545 935 4617 prseteritos
953 4547 987 4602 N
1057 4546 1123 4602 uin
1138 4545 1233 4604 omnia
1251 4547 1382 4619 tempora
1401 4547 1466 4605 NP

164 4633 180 4683 b
202 4624 370 4683 sconsum
388 4625 448 4681 siue
467 4623 587 4696 Martyri
600 4625 634 4680 N
710 4634 726 4682 6
743 4627 791 4682 DE
806 4627 829 4682 B
844 4627 1010 4684 LITTERA
1025 4629 1131 4685 utun
1146 4627 1175 4684 P
1245 4629 1276 4685 in
1290 4647 1365 4688 cons.
1381 4633 1461 4703 pote·

129 4711 231 4765 atatem
249 4707 279 4764 P
293 4707 325 4764 in
344 4723 419 4765 oona.
434 4710 547 4780 potesta
561 4707 596 4762 N
666 4713 681 4762 ‘i
702 4707 897 4765 FELICITER
916 4726 967 4764 om.
987 4709 1021 4764 N

686 4857 902 4867 ——-—
