3602 5482
571 356 573 362 ·
612 350 637 382 ·.
701 313 900 396 munerun
1393 335 1458 403 aar

122 439 281 494 amna

122 528 304 609 pronomine
333 527 406 588 satis
431 527 627 590 tractavimus
651 573 659 588 .
682 544 731 608 ra,
759 528 785 590 si
813 543 882 590 cum
912 526 1004 588 animi
1032 523 1152 588 adfectu
1181 525 1370 607 proteratur,
1401 521 1460 585 boc

124 645 172 699 est
194 654 251 718 per
274 635 523 720 suspirationem,
547 636 606 698 erit
628 635 816 718 interiectio,
840 644 875 698 ut
897 641 969 717 puta

266 761 306 806 ra
330 761 595 825 quemquamne
619 742 801 809 bominem
824 746 860 808 in
883 745 1002 806 animo
1025 743 1230 806 instituere
1254 751 1316 806 aut

265 870 399 936 parare
422 861 463 916 ut
486 853 535 916 sit
558 853 684 914 carius
708 871 813 935 quam
836 855 915 937 ipse
940 861 1001 916 est
1019 850 1092 913 sibi
1116 899 1123 914 .

84 975 98 1018 a
124 965 151 1025 si
175 980 248 1026 rero
271 981 306 1024 ra
329 981 387 1044 pro
410 963 567 1026 vocatione
590 959 689 1042 abque
717 963 904 1045 proseratur,
932 962 992 1025 erit
1019 959 1196 1024 adverbium
1224 963 1398 1044 irascentis,
1426 969 1460 1024 ut

124 1067 172 1134 ‘ra
198 1070 356 1136 bominum
385 1064 582 1154 nequissime'
612 1117 619 1132 .
648 1071 692 1132 sic
726 1079 756 1134 et
788 1070 863 1136 alise
895 1070 1125 1135 interiectiones
1157 1069 1195 1132 ab
1223 1068 1289 1134 aliis
1321 1068 1459 1152 partibus

123 1183 272 1244 orationis
299 1180 530 1264 discernuntur,
562 1179 621 1242 boc
650 1188 698 1242 est
726 1188 774 1262 ut,
806 1181 948 1262 quotiens
976 1180 1110 1242 ammom
1142 1195 1198 1260 per
1225 1180 1460 1260 suspirationem

123 1309 248 1354 morere
271 1292 483 1374 inveniuntur,
508 1298 572 1354 tum
596 1306 669 1352 suae
693 1291 852 1370 potestatis
876 1306 943 1352 esse
967 1285 1182 1369 intellegantur
1202 1335 1209 1350 .
1230 1287 1278 1350 sin
1302 1305 1374 1351 vera
1398 1306 1459 1351 uon

122 1418 180 1484 per
204 1401 439 1482 suspirationem
467 1398 573 1482 enimi,
606 1395 671 1460 sed·
688 1396 777 1460 aliter
804 1397 1018 1479 proteruntur,
1050 1396 1081 1460 id
1115 1395 1196 1478 qnod
1224 1395 1460 1477 significaverint

83 1523 110 1564 1⁰
122 1511 371 1593 pronuntiantur.
475 1577 479 1586 ,

216 1616 277 1681 Vae
300 1619 472 1682 interiectio
495 1635 638 1700 pressum
662 1625 822 1680 accentum
844 1615 957 1680 babere
981 1605 1144 1698 reperitur.

216 1725 259 1790 Dc
283 1727 495 1790 interiectione
520 1733 667 1807 qnantum
690 1727 769 1789 ratio
792 1723 937 1808 pascebat
959 1722 1209 1808 mmmmm!

410 1916 772 1990 RDGAPITVLA'IIO
801 1918 862 1987 DE
890 1917 1173 1988 AGODNTIBVS

216 2072 367 2135 Accentus
395 2069 468 2153 quid
498 2067 566 2134 est?
610 2069 699 2134 Certa
726 2069 774 2133 lex
803 2079 835 2132 et
862 2067 966 2150 regula
994 2069 1031 2132 ad
1060 2067 1214 2132 levandam
1243 2067 1385 2152 syllabam
1415 2067 1460 2132 vel

81 2194 108 2236 rs
121 2179 329 2264 premendam
372 2181 524 2244 occentus
552 2179 633 2243 unde
661 2177 761 2241 dictus
790 2181 855 2241 est?
892 2176 980 2251 Quod
1000 2177 1092 2242 'iuxta
1120 2187 1242 2242 cantum
1267 2180 1321 2256 sit,
1348 2187 1382 2241 ut
1410 2177 1459 2240 ad·

122 2281 278 2372 s'erbium,
302 2289 382 2372 quael
406 2291 490 2353 iuxta
514 2287 641 2352 verbnm
658 2289 707 2351 sit.
745 2286 829 2350 luter
847 2296 1007 2351 accentum
1025 2296 1057 2351 et
1075 2295 1198 2352 cantum
1217 2287 1290 2370 quid
1309 2283 1459 2352 interest?

123 2398 214 2472 Quod
247 2406 355 2463 cautus
386 2401 419 2462 iu
451 2399 580 2482 musica,
619 2403 763 2461 accentus
796 2397 827 2460 in
860 2399 996 2459 oratione
1029 2405 1085 2459 est
1132 2397 1297 2480 occentus,
1334 2398 1388 2479 qni
1423 2395 1458 2458 ad

123 2507 277 2573 acuendae
300 2506 427 2591 syllabas
450 2507 676 2589 gravandasque
695 2509 864 2590 pertinent,
888 2516 963 2589 quot
982 2502 1075 2570 suunt?
1112 2506 1203 2591 Tres,
1226 2509 1257 2571 id
1277 2516 1325 2571 est
1343 2515 1461 2592 acutus,

123 2619 239 2700 gravis,
263 2613 477 2679 cirmsmtlerns
501 2663 509 2679 .
533 2617 628 2679 ceteri
651 2633 712 2678 non
737 2617 831 2696 magis
855 2623 999 2678 accentus
1024 2633 1114 2696 usuam
1137 2625 1226 2679 notae
1250 2615 1388 2679 brevium
1412 2615 1460 2678 rel

83 2740 111 2782 ro
123 2725 284 2808 longarum
308 2723 504 2808 syllabarum,
527 2723 748 2806 adspiratarum
766 2721 814 2785 rel
833 2721 955 2787 exilitum
975 2722 1163 2808 iudicantur,
1188 2743 1318 2807 quorum
1338 2727 1459 2787 nomina

123 2845 198 2898 suut
220 2832 336 2916 brevis,
359 2831 481 2916 longus,
504 2832 683 2916 adspiratio,
706 2831 823 2895 exilitas
847 2879 854 2894 .
879 2832 932 2896 sed
956 2832 1047 2918 baec,
1068 2842 1103 2896 ut
1122 2832 1197 2916 diri,
1221 2832 1368 2916 simpbcis
1387 2842 1460 2896 sunt

123 2945 224 3026 signa,
254 2960 331 3024 qnae
360 2960 421 3005 non
449 2950 540 3024 egent
568 2940 771 3022 disputatione
800 2988 807 3002 .
832 2941 875 3004 illi
903 2959 975 3004 vero
1003 2949 1148 3005 accentus
1176 2942 1231 3024 qui
1258 2937 1459 3003 bumilitatem
1576 2933 1582 2938 “

101 3050 171 3116 ,rel
195 3049 387 3114 altitudinem
411 3049 594 3133 syllabarum
612 3048 792 3132 ostendunt,
819 3048 850 3112 id
874 3059 921 3112 est
944 3059 1066 3135 acutus,
1095 3052 1208 3135 gravis,
1237 3049 1460 3132 circumflexus,

122 3158 214 3244 plena
237 3161 355 3223 ratione
381 3158 529 3224 tractandi
552 3169 632 3223 sunt
678 3159 795 3224 bantus
818 3177 875 3221 cur
898 3156 1033 3223 dicitur?
1077 3158 1164 3232 Quod
1194 3166 1281 3222 acuat
1308 3168 1340 3220 et
1364 3159 1461 3240 erigat

83 3285 110 3327 ss
124 3267 277 3352 syllabam
316 3267 421 3332 Gravis
445 3264 562 3352 quare?
605 3267 693 3342 Quod
717 3268 866 3350 deprimat
894 3278 924 3332 et
952 3267 1097 3352 deponat:
1125 3269 1183 3330 iste
1213 3266 1384 3330 contrarius
1413 3274 1461 3328 est

124 3387 224 3440 acuto.
263 3375 343 3450 Quid
367 3373 603 3442 circumflexus?
641 3376 757 3459 Duplex
780 3385 840 3439 est:
871 3395 940 3439 nam
969 3397 1007 3440 ex
1034 3386 1124 3441 acuto
1148 3386 1180 3440 et
1201 3379 1285 3459 grani
1309 3384 1459 3441 constat.

218 3595 232 3643 1
252 3587 295 3663 iu]
318 3589 393 3646 inter
418 3591 456 3646 M
537 3587 607 3646 satis
632 3587 820 3645 trsctsninaus
840 3587 879 3642 M
900 3585 969 3644 satis
988 3589 1179 3646 transmutari
1199 3589 1227 3644 Β
1311 3596 1385 3647 tua
1404 3607 1459 3662 qne

124 3685 250 3742 quamue
274 3669 325 3726 M:
351 3670 458 3728 Terent.
482 3671 602 3742 Adelph.
622 3669 644 3724 Ι
661 3673 725 3738 113
807 3671 859 3726 snt
885 3669 1000 3743 parare]
1028 3687 1065 3728 au
1093 3687 1193 3742 parere
1218 3669 1293 3728 ΒΜ
1375 3677 1460 3742 iper

123 3751 345 3824 suspirationem
364 3755 474 3812 moveri
491 3755 618 3813 indicare
635 3751 820 3810 inveniuntur
839 3752 955 3808 coniecit
976 3751 1084 3808 litarat
1101 3768 1183 3809 reone
1201 3755 1319 3824 antiqu
1336 3771 1364 3810 a.
1383 3757 1460 3812 18⁷7

118 3856 151 3910 p.
171 3840 230 3895 308
316 3851 368 3908 per
391 3835 611 3908 suspirationem
630 3837 729 3908 priore
752 3836 810 3891 leco
834 3851 886 3892 ess.
907 3833 958 3903 M,
976 3833 1042 3890 aaa.
1061 3833 1090 3888 Β
1173 3839 1189 3890 8
1208 3838 1270 3891 tum
1290 3835 1371 3908 susc]
1390 3833 1459 3890 uum

123 3932 194 3972 ause
212 3915 241 3972 Β
259 3917 357 3974 umen
376 3933 426 3974 sen
445 3918 484 3973 M
554 3917 598 3974 sin
620 3933 688 3974 vero
713 3932 769 3973 nou
791 3932 843 3987 per
864 3914 1085 3987 suspirationem
1111 3933 1176 3973 cum
1199 3914 1304 3973 affectu
1327 3915 1416 3972 animi
1434 3921 1460 3972 et

124 3997 226 4054 deinde
244 3997 431 4069 pronuntiant
446 4015 500 4070 pra
518 3997 740 4071 pronuntiantur
758 4000 876 4056 coniecit
896 3999 1005 4056 Tbarot
1024 4041 1031 4056 .
1050 4000 1154 4055 rectius
1172 4003 1234 4054 erat
1251 3998 1297 4055 sin
1315 4013 1383 4055 vero
1402 4013 1458 4055 non

122 4097 175 4152 per
195 4077 428 4151 suspirationem,
457 4080 512 4136 boc
530 4082 575 4135 est
593 4097 658 4136 cum
682 4080 873 4139 commotione
898 4081 1000 4150 animi,
1029 4081 1079 4138 sed
1098 4081 1182 4138 aliter
1205 4079 1402 4152 proferuntur,
1429 4077 1460 4134 id

123 4161 201 4234 qood
216 4159 442 4233 significaverint
455 4175 516 4216 esse
530 4159 760 4232 pronuntientur.
834 4161 877 4218 sin
891 4179 960 4220 nero
973 4162 1001 4217 Β
1017 4159 1042 4217 si
1056 4162 1175 4218 uercM
1246 4159 1459 4233 speeiemntnr

124 4241 154 4298 in
173 4257 232 4314 qno
250 4238 456 4314 signiticsuerit
473 4239 502 4294 Β
526 4240 690 4311 proferetur
711 4242 742 4298 in
766 4243 842 4314 qood
861 4242 1066 4316 significansrit
1086 4243 1124 4298 M
1196 4249 1228 4299 11
1250 4241 1293 4300 Vs
1312 4242 1388 4298 ΒΜ

125 4331 160 4382 19
181 4323 223 4379 In
240 4323 473 4396 recapitulatione
496 4321 530 4379 als
553 4323 712 4380 accentibus
731 4330 844 4394 praeter
868 4326 996 4382 menes
1019 4325 1143 4382 casinam
1162 4324 1234 4380 ΒΜ
1252 4324 1396 4394 adempta
1420 4328 1460 4379 est

123 4407 318 4478 disoeepasstia
341 4404 444 4462 1116ίοί1
463 4404 645 4460 Monacensis
663 4408 748 4473 6399,
771 4405 838 4461 olim
862 4405 1055 4477 Frisinpesasis
1078 4411 1133 4462 199
1151 4403 1206 4474 (F)
1226 4449 1232 4462 .
1251 4406 1316 4461 itero
1333 4420 1349 4460 e
1366 4405 1460 4460 codice

124 4487 274 4555 demsi,
297 4503 352 4559 assa
374 4501 443 4542 aeus
465 4491 506 4541 est
528 4484 674 4542 Lucienus
699 4485 856 4544 Muellerus
877 4504 946 4544 mass.
966 4485 1055 4543 Ram.
1074 4503 1100 4543 a.
1122 4487 1248 4543 XVIII
1264 4489 1303 4552 (a.
1322 4490 1413 4555 1863)
1428 4503 1457 4556 p.

124 4575 183 4628 169
201 4584 257 4640 aaa.
283 4583 381 4638 panca
408 4567 553 4637 compta
581 4571 647 4622 sunt
665 4587 674 4620 .·
693 4567 728 4634 cf.
751 4583 842 4638 snpra
856 4586 888 4640 p.
907 4573 1014 4635 329,12
1088 4561 1388 4626 nncbrlrvnarto
1408 4565 1457 4624 DE

124 4646 359 4708 accunrfflvs
383 4665 434 4705 ass.
452 4646 496 4715 B,
519 4647 585 4704 add.
605 4646 681 4703 ΜΒ
754 4655 786 4704 to
806 4652 851 4706 est
873 4667 924 4707 ass.
949 4647 1059 4706 ΒΜΓ
1086 4687 1090 4698 .
1128 4651 1161 4706 ut
1179 4665 1230 4706 oss.
1257 4649 1295 4704 M
1367 4654 1401 4706 16
1421 4647 1460 4705 sit

124 4749 177 4788 aas.
195 4730 270 4787 ΒΜ
274 4729 306 4786 F
376 4731 406 4786 et
429 4730 545 4786 cantum
567 4744 619 4784 arn.
639 4729 678 4784 M
750 4736 784 4785 lt
804 4732 849 4786 est
871 4748 922 4788 orn.
943 4730 975 4787 F
1045 4729 1113 4801 qnid
1136 4729 1294 4788 sccneudns
1319 4729 1349 4786 Β
1423 4738 1457 4788 11

125 4812 266 4886 salapimi
286 4813 323 4868 M
329 4810 361 4867 F
449 4819 484 4868 11
503 4829 553 4869 cor
571 4813 671 4868 acutus
690 4811 794 4868 dicitur
814 4810 845 4867 F
934 4817 969 4868 11
987 4811 1084 4884 grauis
1104 4829 1190 4885 quare
1210 4811 1314 4869 dicitur
1334 4810 1366 4867 F

125 4903 160 4955 16
180 4895 251 4970 quid
270 4894 464 4954 nnumflexn
483 4894 588 4952 dicitnr
606 4893 637 4950 F
