3602 5482
364 309 430 376 286
964 309 1087 368 REDAE

361 411 538 462 amma

453 496 548 582 Pena,
572 496 652 580 quod
677 507 724 560 est
748 499 937 580 eoniunetlo,
961 516 1016 581 per
1040 517 1072 562 e:
1103 515 1214 581 poena,
1244 495 1325 580 quod
1350 505 1397 561 est
1412 497 1617 582 supplicium,
1639 517 1692 580 per

361 623 411 669 oe:
436 605 576 670 similiter
599 615 630 670 et
654 605 788 688 Poenus,
812 605 841 669 ld
867 615 914 670 est
937 606 1017 670 Ater.

452 714 672 796 Praeguautern
696 733 765 780 oum
790 717 904 799 scripto
928 715 1051 800 diuidis,
1075 736 1094 798 g
1117 717 1267 781 secundae
1292 717 1420 800 syllabae
1445 723 1557 784 noetis:
1583 721 1693 802 pignus

365 831 396 886 et
419 841 518 905 pugna
539 825 678 888 similiter
697 833 728 888 et
751 833 852 888 cetera
877 823 968 890 buius
987 823 1077 888 modi.
1114 836 1252 908 propter,
1275 827 1308 889 in
1332 825 1479 889 divisione
1502 825 1693 908 seribendip

361 931 512 994 secundae
536 931 665 1014 syllabae
689 935 803 1016 iungis:
826 951 988 1019 prospere,
1012 951 1027 996 s
1050 932 1210 998 secundae.
1703 943 1716 986 ⁵

434 1041 552 1105 Partio
577 1042 688 1124 populo
713 1042 825 1124 praedo
843 1038 846 1126 l
863 1045 960 1106 activo
984 1061 1096 1124 genere
1115 1061 1175 1106 non
1198 1061 1360 1124 numquam
1380 1044 1587 1125 proferuntur.
1621 1047 1693 1132 item

360 1149 434 1213 baeo
467 1152 532 1232 ipsa
561 1152 730 1214 eommunis
763 1154 885 1233 generis
913 1150 1004 1215 verba
1034 1154 1154 1234 saepius
1183 1153 1392 1235 inveniuntur,
1421 1155 1536 1234 partior
1565 1153 1694 1236 populor

361 1257 499 1340 praedor.
1486 1315 1491 1324 .

451 1367 535 1430 Pooo
559 1367 738 1448 simpliciter
761 1367 873 1453 aliquid
898 1375 1043 1431 statuens.
1081 1366 1209 1450 dispono
1233 1367 1345 1450 aliquid
1369 1370 1471 1450 operis
1500 1369 1693 1449 impensioris

363 1475 409 1538 vel
439 1475 557 1538 consilii
585 1476 735 1539 tacturus:
763 1485 810 1538 est
837 1479 928 1540 etiam
951 1476 1112 1559 disponere
1137 1475 1268 1539 foederis
1296 1476 1430 1539 ineundi.
1467 1495 1604 1559 propono
1634 1495 1693 1539 non
1707 1485 1730 1524 ¹⁰

361 1601 524 1665 numquam
552 1583 589 1645 ad
617 1583 865 1666 interrogandum
893 1587 1027 1668 pertinet
1056 1593 1087 1648 et
1114 1587 1332 1667 quaestionem.
1369 1584 1487 1667 adpooo
1517 1585 1693 1648 adiectionis

361 1699 423 1774 est,
445 1693 568 1773 impono
592 1690 742 1755 insuendi.
780 1709 953 1774 superpono
977 1691 1109 1775 aliquem
1128 1711 1253 1755 censum
1278 1690 1324 1753 vel
1347 1690 1482 1754 laborem
1505 1693 1559 1754 unl
1582 1693 1692 1773 cuique

362 1799 509 1864 indicens.
548 1818 702 1883 praepono
726 1799 843 1890 aliquid·
867 1801 1058 1883 praeferens:
1088 1803 1132 1864 sle
1156 1807 1187 1864 et
1211 1811 1370 1882 antepono.
1407 1807 1557 1882 postpono
1581 1799 1692 1882 aliquid

361 1907 490 1971 interius
520 1906 665 1972 iudicans.
708 1927 856 1992 compono
884 1909 1012 1972 ornandi
1040 1919 1092 1973 aut
1119 1908 1231 1990 eloquii
1258 1918 1311 1972 aut
1339 1909 1457 1972 artificii
1487 1919 1547 1993 est,
1580 1927 1692 1991 sepono

304 2051 313 2072 ¹·
362 2015 530 2097 separandi.
563 2003 705 2100 suppono
737 2017 849 2099 aliquid
877 2017 986 2082 subtus
1014 2017 1172 2081 inducens.
1208 2016 1327 2100 depono
1353 2015 1550 2080 labefactandi
1578 2026 1624 2080 est
1648 2015 1692 2078 vel
1705 2023 1728 2064 ¹⁵

362 2125 422 2186 rita
446 2124 619 2188 excedendi.
1237 2210 1239 2216 y
1277 2187 1281 2197 ,
1690 2136 1693 2146 ’

378 2301 383 2311 ,
451 2232 636 2314 Peregrinus
656 2253 766 2298 nomen
786 2253 875 2317 saepe
895 2237 1011 2298 soeium
1030 2233 1121 2298 babet
1139 2243 1171 2297 et
1188 2235 1384 2302 ooniuootum
1404 2232 1461 2296 sibi
1481 2251 1591 2298 nomen
1612 2233 1688 2297 aliud
1708 2253 1711 2260 ·

363 2338 455 2402 dativi
478 2359 583 2423 maus,
607 2350 641 2405 ut
664 2342 760 2406 saneti
784 2341 928 2408 dicuntur
951 2344 1106 2426 peregrini
1128 2342 1199 2406 lauio
1223 2341 1353 2405 saeculo.
1549 2411 1552 2418 ,

452 2447 647 2534 Praestolari‚
670 2471 731 2516 nou
755 2453 948 2536 praestulari,
973 2453 1042 2534 quia
1066 2453 1147 2514 venit
1171 2471 1187 2514 a
1211 2450 1303 2514 verbo
1327 2461 1548 2533 praestosum.

453 2555 567 2639 Puppis
587 2562 791 2622 aoetrsatlrum
810 2577 914 2622 easurn
932 2563 964 2623 in
978 2579 1026 2624 em
1046 2568 1078 2622 et
1095 2561 1182 2622 inim
1198 2561 1301 2642 mittit,
1319 2557 1480 2622 ablativum
1499 2560 1530 2620 in
1546 2577 1563 2621 e
1583 2568 1615 2622 et
1629 2562 1659 2623 in
1673 2562 1691 2622 i.
1704 2565 1727 2605 ²⁰

453 2664 552 2729 Psallo
575 2667 747 2749 perlectum
770 2668 841 2732 lacit
865 2668 981 2750 psallui.

452 2773 557 2837 Potior
580 2778 695 2857 potitus
720 2795 787 2839 sum
812 2785 843 2839 et
865 2777 1009 2858 perfruor
1031 2777 1208 2860 perfructus
1231 2794 1298 2839 sum
1324 2794 1359 2838 ex
1385 2794 1445 2839 rano
1469 2793 1580 2857 graeco
1604 2779 1693 2858 venit,

362 2881 443 2962 qraod
468 2890 515 2944 est
538 2871 709 2947 detulerim.

454 2987 606 3054 Praeeello
630 2991 705 3056 aliis.

454 3096 586 3162 Pasenas
609 3119 721 3183 genere
746 3102 891 3164 feminino
915 3111 946 3165 et
968 3120 1079 3184 pascua
1104 3111 1213 3165 neutro
1237 3093 1394 3183 pluraliter
1417 3101 1555 3164 dicimus
1705 3105 1726 3146 ²⁵

453 3205 607 3271 Primitiae
631 3229 759 3273 numero
789 3219 906 3274 tantum
932 3209 1042 3292 plurali
1071 3209 1224 3290 dicuntur,
1252 3208 1304 3272 sed
1329 3208 1509 3290 aliquotiens
1533 3210 1693 3291 singularis

362 3312 599 3399 intellegentiae,
622 3326 657 3380 ut
680 3321 711 3380 in
735 3318 849 3400 psalmo
874 3311 947 3402 (77,
967 3318 1017 3378 51.
1041 3319 1121 3391 104,
1140 3310 1202 3401 36)
1228 3311 1428 3398 ‘primitias
1452 3317 1567 3378 omnis
1591 3315 1692 3378 labo·

364 3417 448 3486 ris’:
472 3425 502 3486 in
527 3401 636 3505 graeco
660 3428 741 3488 enim
765 3425 960 3506 singulariter
983 3415 1140 3506 ἀπαρχήν
1163 3423 1269 3487 habes:
1300 3426 1344 3486 sio
1368 3426 1452 3486 etin
1476 3422 1612 3505 apostolo
1637 3419 1695 3509 (od

368 3529 504 3592 Corinth.
529 3532 620 3613 115,
645 3527 702 3618 23)
727 3527 929 3616 ‘primitiae
954 3527 1150 3596 Christus'.

454 3638 541 3711 Quod
565 3648 595 3702 et
620 3643 689 3721 quia
714 3650 744 3704 et
769 3661 823 3704 our
843 3649 874 3704 et
897 3659 990 3722 quare
1010 3638 1110 3703 verbis
1129 3639 1289 3703 subiuncta
1313 3639 1472 3722 aliquando
1495 3639 1724 3704 indicativum³⁰

363 3745 488 3810 verbum
512 3748 651 3833 trahunt,
674 3749 834 3832 aliquando
858 3751 1099 3813 coniunctivum:
1125 3747 1289 3829 Gregorius
1314 3743 1482 3811 ‘noverat
1504 3749 1589 3829 qula
1614 3751 1692 3812 sine

364 3855 470 3937 eulpa
493 3875 574 3919 esse
598 3859 655 3919 vix
685 3853 866 3941 possunt'‚
895 3868 926 3920 et
955 3875 1079 3920 rursum
1103 3851 1271 3919 ‘noverat
1300 3858 1383 3938 quia
1412 3855 1580 3920 diluendi
1609 3869 1692 3920 suut

394 4037 396 4041 “
438 4035 542 4101 lquae
557 4031 786 4102 estsupplioium
802 4029 865 4086 ML
915 4029 1062 4102 tpignus]
1077 4046 1189 4101 pugnus
1201 4030 1239 4084 M
1243 4033 1248 4044 '
1288 4029 1497 4104 osimplieiter]
1514 4031 1694 4088 similiterM

418 4109 552 4184 dispono]
577 4111 730 4182 disponam
751 4112 789 4167 M
862 4116 893 4165 11
918 4108 955 4166 ad
977 4107 1209 4180 interrogandum
1235 4109 1478 4182 (interrogandam
1497 4111 1547 4182 M)
1569 4113 1692 4183 pertinet

365 4191 562 4263 quaestionem
581 4191 650 4247 PM
668 4192 704 4247 ad
723 4188 957 4262 interrogandam
976 4189 1173 4261 quaestionem
1191 4190 1218 4246 L
1308 4199 1341 4248 1a
1360 4191 1411 4248 nni
1430 4191 1546 4264 eoique]
1566 4191 1617 4246 uni
1635 4192 1690 4247 eui·

365 4288 486 4345 eumque
505 4273 555 4333 eL
574 4273 620 4330 ni.
640 4272 742 4344 auique
762 4272 801 4327 M
820 4271 850 4326 ui
868 4269 1115 4340 eniasenmqaeP
1189 4279 1221 4328 13
1246 4288 1389 4345 praepono
1410 4271 1535 4343 aliquem
1555 4271 1594 4327 M
1664 4275 1692 4327 et

365 4369 417 4410 om.
437 4353 465 4408 P
534 4357 676 4428 postpono
695 4353 806 4426 aliquid
824 4351 873 4412 eL
890 4355 1031 4423 postpono
1050 4351 1127 4408 enim
1146 4353 1224 4410 aliud
1246 4355 1284 4408 M
1299 4369 1375 4425 pono
1394 4351 1470 4409 euim
1489 4351 1599 4423 aliquid
1618 4351 1647 4406 P

366 4439 400 4489 lo
423 4433 574 4506 separandi
598 4437 642 4492 est
665 4436 694 4491 P
763 4434 927 4506 depono-
947 4431 1102 4488 excedendi
1125 4449 1176 4488 orn.
1197 4435 1235 4489 M
1307 4441 1340 4491 lt
1366 4433 1454 4490 babet
1472 4447 1523 4487 oen.
1543 4431 1592 4491 eL
1629 4497 1632 4502 Δ
1664 4435 1691 4489 et

365 4529 416 4572 om.
436 4515 465 4570 P
527 4522 560 4572 19
579 4515 757 4574 Praestolare
777 4520 821 4572 eat
838 4532 895 4571 nou
914 4513 943 4568 P
994 4514 1072 4587 qnia]
1092 4531 1165 4585 quae
1185 4515 1224 4570 M
1276 4521 1309 4570 tl
1330 4513 1434 4587 psallui
1452 4529 1523 4570 corr.
1543 4512 1692 4584 paalliiM

406 4601 441 4652 13
456 4593 598 4658 anoton
611 4598 639 4654 L
652 4598 774 4671 apoleuo
788 4597 818 4652 P
827 4595 931 4668 apolon
947 4594 985 4650 M
1027 4601 1062 4650 14
1077 4595 1219 4667 praecello
1233 4595 1297 4651 aliia
1313 4594 1401 4651 oreb
1458 4598 1493 4649 26
1508 4593 1690 4666 singulariter

369 4675 580 4749 intellegendae
595 4681 697 4736 Albini
715 4679 834 4750 ombopr.
848 4694 880 4748 p.
896 4680 1006 4744 307,11
1022 4675 1123 4748 singul.
1139 4674 1344 4746 intelligendae
1358 4675 1433 4730 sient
1450 4673 1480 4729 in
1499 4675 1631 4746 apostolo
1646 4675 1704 4734 eL·

417 4763 451 4813 tt
472 4763 536 4815 σῇ
553 4758 664 4815 labores
683 4761 712 4814 P
781 4765 816 4817 18
834 4757 924 4814 babel
944 4756 983 4811 M
1054 4760 1089 4810 30
1108 4755 1234 4811 subieobe
1254 4755 1292 4809 M
1355 4760 1387 4808 31
1409 4753 1694 4811 ooniunetatiuumP

417 4835 582 4911 Gregorius]
602 4856 717 4910 grecum
738 4838 766 4893 P
825 4836 901 4910 quod
920 4836 980 4892 aine
1000 4837 1037 4892 M
1098 4843 1133 4892 32
1152 4837 1270 4908 possunt
1288 4834 1317 4889 P
1332 4833 1441 4905 possint
1460 4837 1497 4890 M
1510 4837 1628 4906 possent
1646 4835 1690 4894 aL
