3602 5482
589 337 661 396 ABS
690 338 938 399 oaauuuutct
1362 339 1429 408 3'l5

93 548 210 594 annum
244 529 487 592 ducentesimum
521 533 683 612 septimum
719 533 826 594 vixisse
860 531 930 594 olim
959 529 1108 596 Oelrlerus
1141 532 1200 596 sihi
1227 545 1430 617 persuaserat,

93 650 239 704 auctores
264 657 324 702 non
349 637 498 724 adhibuit,
527 641 607 706 sicut
636 659 727 723 supra
756 641 832 726 dixi,
862 650 962 704 tamon
990 644 1066 704 ratio
1096 642 1283 728 disputandi,
1312 663 1370 727 qua
1398 645 1428 707 iu

93 760 160 814 arte
190 747 346 812 tractanda
376 767 450 812 rasus
479 758 540 834 est,
573 748 610 812 alr
644 750 699 814 hac
731 761 829 815 aetate
859 750 954 813 aliena
982 758 1029 815 est
1053 799 1060 814 .
1084 750 1144 815 huc
1173 753 1290 816 accedit
1319 772 1429 816 nomen

94 857 273 922 Sacerdotis
302 868 349 921 ter
377 859 409 921 in
438 857 575 941 exemplo
604 863 736 942 positum
766 855 808 946 (is
837 862 917 924 enim
945 861 982 922 iis
1012 862 1214 941 grammaticis
1239 881 1316 944 quos
1341 863 1430 926 modo
1516 855 1521 862 '

94 967 173 1052 dixi,
205 967 265 1030 hoc
299 977 346 1032 cst
378 976 486 1050 quarto
519 966 654 1051 saeculo,
692 988 752 1032 oon
786 968 880 1032 mtrlto
913 969 1066 1050 antiquior
1098 969 1192 1032 luisse
1225 970 1358 1054 videtur,
1392 972 1430 1034 cl.
1504 1023 1506 1026 .

93 1095 224 1158 gramm.
248 1076 297 1140 lat
321 1097 348 1141 r.
372 1076 410 1140 Vi
433 1097 462 1160 p.
485 1071 569 1164 424)
594 1086 624 1140 et
649 1096 758 1141 nomen
783 1067 900 1142 Donati*
915 1080 944 1139 in
969 1087 1104 1139 extremo
1128 1077 1206 1140 libro
1226 1078 1430 1161 appellatum.

94 1204 280 1268 quamquam
312 1186 349 1248 de
379 1185 494 1248 Donato
523 1186 646 1268 quidem
674 1189 737 1250 scio
766 1185 899 1251 dubitari
926 1205 1030 1270 posse,
1063 1196 1166 1250 utrum
1199 1206 1234 1249 ea
1263 1207 1339 1270 quac
1373 1189 1430 1251 ltoc

95 1296 221 1357 nominc
245 1297 383 1377 apposito
407 1297 520 1378 scripta
545 1305 616 1360 suut
640 1295 676 1358 ab
701 1297 766 1379 ipso
790 1294 934 1359 Dositheo
958 1314 996 1358 an
1015 1293 1053 1357 ab
1071 1293 1129 1358 alio
1148 1299 1343 1377 grammatico
1361 1303 1432 1378 post

94 1423 169 1468 oum
193 1403 294 1468 addita
316 1407 386 1468 sint
1028 1423 1031 1430 '

190 1513 271 1597 Ergo
295 1515 333 1578 ad
356 1525 452 1579 artem
476 1519 701 1598 grammaticam
725 1516 861 1580 Dosithei
885 1516 1020 1578 delinitio
1044 1517 1203 1600 temporis,
1227 1533 1303 1596 quae
1323 1532 1430 1596 genea-

94 1623 195 1706 logiae
224 1623 333 1707 Hygini
364 1624 464 1689 addita
492 1637 552 1710 est,
586 1625 667 1690 nendo
701 1626 789 1689 modo
822 1628 954 1708 pertinet
985 1672 992 1686 .
1020 1624 1057 1688 ad
1091 1627 1431 1708 interpretamentorum

95 1745 202 1796 autem
226 1733 319 1797 libros
344 1752 455 1798 nomen
478 1737 678 1816 grammatici,
706 1734 787 1816 quod
816 1742 898 1797 certe
927 1735 956 1795 ci
979 1733 1033 1814 qui
1061 1750 1197 1796 scanno
1222 1734 1431 1797 ducentesimo

95 1843 230 1924 septimo
245 1845 404 1925 scripsisse
419 1844 550 1907 fateatur
565 1843 657 1908 tribui
672 1847 787 1928 nequit,
800 1845 841 1907 ita
857 1850 974 1905 unium
987 1842 1098 1904 rcierri
1112 1845 1234 1926 poterit,
1247 1851 1282 1906 ut
1296 1845 1322 1904 is
1334 1843 1432 1903 varios

96 1949 194 2012 libros
217 1950 289 2014 olim
313 1955 345 2014 in
368 1971 511 2034 graccum
535 1971 706 2016 sermonem
731 1952 890 2016 translatos
914 1949 1072 2031 collegisse
1096 1961 1127 2014 et
1151 1970 1301 2014 unacum
1322 1950 1432 2031 glossis

97 2058 263 2123 rerbomm
302 2071 332 2124 et
370 2064 540 2144 nominum,
577 2082 637 2145 quo
674 2061 847 2124 uberiorem
885 2060 1048 2123 exercendi
1085 2055 1241 2124 materiem
1276 2057 1432 2141 discipulis

96 2168 275 2252 praeberet,
298 2172 510 2250 grammaticae
534 2173 591 2232 arti
615 2189 632 2233 a
656 2178 752 2234 semet
780 2172 846 2251 ipso
876 2170 1060 2251 compositae
1088 2169 1234 2232 adiecisse
1258 2166 1432 2231 credatur.

97 2295 201 2359 oeque
231 2285 331 2339 tameo
361 2276 435 2340 sides
462 2297 554 2342 manu
582 2281 767 2361 scriptorum
796 2279 934 2342 codicum
963 2276 1040 2340 lranc
1069 2280 1217 2341 rationem
1242 2275 1432 2340 commendat

96 2384 147 2449 rel
170 2361 289 2448 certam
311 2404 433 2450 causam
457 2387 595 2470 praebet,
618 2406 674 2450 cnr
697 2407 713 2450 a
733 2387 877 2451 Dositheo
900 2389 1093 2469 potissimum
1114 2387 1187 2450 haec
1207 2389 1306 2450 omnia
1326 2385 1431 2450 collata

97 2506 130 2558 et
154 2498 323 2578 composita
346 2514 413 2558 osse
438 2496 588 2578 dicamus,
610 2498 790 2578 praesertim
815 2513 884 2558 cum
908 2493 1088 2574 multocius
1111 2497 1232 2576 generis
1251 2497 1430 2577 interpreta-

97 2613 203 2667 menta
237 2623 298 2666 non
331 2604 440 2669 additis
473 2604 646 2668 nominibus
677 2615 835 2668 auctorum
873 2607 904 2666 in
942 2602 1098 2667 codicibus
1135 2604 1248 2686 scripta
1286 2603 1432 2667 serantur.

96 2731 200 2776 annus
225 2723 323 2776 umen
349 2716 402 2776 uui
425 2711 533 2795 Hygini
557 2713 634 2776 libro
663 2714 782 2778 additus
810 2715 847 2776 de
877 2712 1003 2795 reliquis
1030 2730 1152 2794 quoquo
1179 2713 1433 2795 interpretamen-

97 2831 204 2884 tornm
229 2821 315 2884 libris
338 2821 461 2905 valebit,
484 2825 511 2884 si
533 2841 638 2886 verum
663 2833 710 2885 est
734 2816 789 2884 laos
814 2841 919 2885 omnes
948 2821 984 2884 ab
1013 2821 1120 2884 eodem
1147 2829 1273 2883 auctore
1301 2822 1432 2903 scriptos

98 2943 131 2994 et
155 2949 218 2994 uuo
243 2950 334 3013 opero
360 2931 533 3014 duodecim,
557 2942 591 2994 ut
615 2931 747 3015 videtur,
770 2929 918 2992 librorum
941 2929 1177 3013 comprehensos
1200 2948 1277 2992 esse.
