3590 5486
331 359 399 428 214
885 361 1122 425 caesionum

331 463 514 515 nmmo

332 549 433 612 dictus
460 548 647 633 intellegitur
670 549 826 634 Virgilius,
854 561 959 617 orator
988 555 1163 618 enuntiatus
1187 555 1356 620 advertitur
1380 555 1503 640 Cicero,
1532 559 1670 638 quarmb

333 658 419 722 multi
443 668 475 723 et
497 667 605 742 poetae
625 667 656 723 et
675 669 812 724 oratores
835 662 868 724 ln
890 659 982 725 latina
1005 659 1108 750 lingua
1128 681 1195 726 esse
1214 663 1391 749 doceantur,
1415 663 1495 747 quod
1520 665 1613 728 etiam
1633 665 1669 728 de

331 765 463 830 Homero
487 777 577 852 atque
602 767 804 834 Demosthene
827 787 935 852 graeca
959 769 1099 834 facundie
1122 771 1323 838 concelebrat.
1361 772 1572 836 mathematica
1596 791 1669 835 vero

332 885 379 939 est
398 877 525 940 selentia
545 895 622 958 quae
641 877 822 941 abstractam
841 877 1014 941 considerat
1032 881 1240 962 quantitatem.
1278 880 1429 946 manacta
1448 881 1530 942 enim
1549 882 1670 962 quanti·

333 993 377 1047 tas
401 983 526 1068 dicitur,
551 1005 641 1068 quam
664 985 819 1050 intehectu
844 1005 860 1049 a
884 989 1010 1051 materia
1034 999 1210 1072 separantes
1234 989 1280 1052 vel
1308 987 1346 1052 ab
1369 987 1436 1052 aliis
1459 989 1696 1054 accidentibuse

332 1091 394 1155 sola
415 1094 643 1158 ratiocinatione
664 1105 837 1159 tractamus.
858 1095 863 1173 Ι
884 1097 929 1157 sio
950 1097 1044 1160 totius
1063 1095 1225 1160 voluminis
1244 1096 1319 1160 ordo
1339 1097 1426 1178 quasi
1444 1096 1575 1178 quodam
1594 1099 1669 1162 rade

330 1203 501 1284 promissus
524 1209 579 1266 est.
618 1222 699 1267 nunc
724 1202 870 1286 quemad
895 1201 1017 1266 modum
1041 1203 1173 1286 pohlcita
1193 1213 1278 1287 sunt,
1301 1222 1358 1286 per
1376 1204 1539 1266 divisiones
1562 1203 1668 1268 delini·

332 1311 491 1393 donesque
515 1329 586 1375 suas
610 1313 732 1376 domino
756 1314 876 1374 iuvante
901 1311 1076 1396 reddamus,
1105 1315 1175 1395 quia
1200 1312 1309 1396 duplex
1334 1309 1465 1394 quodam
1488 1311 1578 1375 modo
1608 1313 1668 1376 dis·
1720 1369 1726 1380 .

331 1417 420 1482 cendi
444 1439 540 1501 genus
566 1429 627 1503 est,
656 1420 776 1502 quando
800 1429 831 1482 et
854 1419 971 1481 hnealis
995 1418 1158 1502 descriptio
1183 1419 1292 1485 imbuit
1316 1419 1477 1504 diiigenter
1500 1431 1668 1505 aspectum,

332 1535 363 1589 et
389 1546 445 1610 per
474 1531 594 1591 aurium
622 1537 818 1611 praeparatus
846 1529 941 1590 intrat
969 1526 1099 1590 auditus.
1151 1527 1308 1591 uec·lllud
1337 1547 1458 1612 quoque
1490 1527 1668 1612 tacebimus,
1683 1549 1707 1588 ro

331 1635 443 1719 quibus
466 1636 643 1700 auctoribus
669 1645 728 1700 mm
752 1637 870 1718 graecis
896 1653 985 1718 quam
1010 1634 1111 1699 latinis
1139 1654 1215 1718 quae
1239 1635 1369 1700 dicimus
1393 1639 1527 1719 exposita
1551 1635 1667 1700 clarue-

330 1753 417 1820 runt,
451 1753 485 1808 ut
513 1746 566 1825 qui
595 1744 729 1808 studiose
761 1742 861 1825 legere
890 1742 1021 1806 voluterit
1046 1743 1230 1826 quibusdam
1258 1745 1446 1828 compendiis
1474 1745 1668 1808 introductus

331 1850 462 1915 lucidius
486 1855 633 1916 maiorum
657 1851 737 1915 dieta
760 1854 916 1934 percipiat.

330 2093 351 2132 „
366 2083 419 2125 „„
435 2083 471 2124 „¹
485 2083 579 2125 „m
602 2027 857 2115 INS‘HTVTIO
876 2029 938 2097 Dm
958 2029 1078 2098 ARTE
1099 2027 1402 2108 GRAMMATIGA

422 2177 622 2241 Grammatioa
650 2197 665 2240 a
690 2176 800 2242 litteris
824 2197 934 2241 nomen
958 2181 1089 2263 accepit,
1118 2181 1197 2242 sicut
1220 2178 1358 2243 vocabvdi
1386 2181 1481 2262 ipsius
1510 2178 1666 2242 derivatus
1681 2197 1704 2237 u

331 2305 425 2350 sonus
448 2286 595 2371 ostendit,
625 2305 700 2368 quas
727 2289 845 2369 primus
869 2261 1003 2350 emdium
1029 2286 1159 2350 Cadmus
1183 2287 1314 2353 sedecim
1345 2297 1462 2352 tantum
1485 2289 1597 2370 legitur
1621 2291 1666 2350 in·

331 2397 450 2458 venisse
479 2412 530 2458 eas
559 2394 681 2459 Graecis
711 2394 940 2459 studiosissimis
969 2396 1100 2460 tradens.
1142 2397 1276 2479 rehquas
1304 2399 1362 2480 ipsi
1390 2399 1545 2460 vivacitate
1574 2398 1667 2460 animi

331 2503 559 2585 suppleverunt.
595 2501 632 2564 de
658 2521 786 2584 quarum
809 2503 948 2568 formulis
972 2514 1062 2587 atque
1093 2505 1256 2570 virtutibus
1279 2504 1413 2570 Helenus
1436 2515 1468 2568 et
1491 2505 1667 2568 Priscianus

331 2611 485 2694 suptiliter
508 2613 598 2674 attico
623 2630 763 2674 sermone
787 2611 881 2675 locuti
905 2623 984 2676 serui.
1022 2617 1216 2696 grammatica
1240 2633 1311 2677 vero
1336 2621 1383 2678 est
1405 2615 1515 2696 peritia
1538 2612 1666 2694 pulchre

330 2720 474 2804 loquendi
493 2739 529 2783 ex
553 2723 652 2802 poetis
676 2718 846 2785 illustribus
865 2722 1098 2804 oratoribusque
1119 2721 1252 2786 collecta.
1291 2723 1425 2786 officium
1445 2725 1511 2786 eius
1530 2730 1578 2784 est
1600 2723 1665 2784 sine
1681 2739 1706 2779 ao
1779 2744 1782 2760 ·

330 2833 403 2893 sitio
427 2829 590 2893 dictionem
615 2827 764 2910 prosalem
784 2831 1001 2910 metricamque
1022 2848 1219 2914 componere3
1243 2831 1312 2894 linis
1331 2848 1403 2892 vero
1422 2827 1560 2891 elimatae
1583 2827 1666 2892 locu·

282 3001 286 3009 ,
332 2940 424 3001 tionis
447 2935 493 2999 rel
518 2939 687 3018 scripturae
711 2935 886 3019 inculpabili
908 2937 1028 3020 placere
1052 2941 1170 3020 peritia.

423 3044 482 3109 Sed
502 3047 638 3127 quamvis
657 3053 797 3108 auctores
817 3055 988 3128 temporum
1008 3049 1200 3128 superiorum
1220 3046 1257 3109 de
1272 3057 1336 3110 arte
1350 3047 1544 3129 grammatica
1558 3044 1668 3109 ordine

331 3153 450 3216 diverso
470 3155 665 3215 tractaverint
684 3155 808 3235 suisque
829 3152 957 3215 saecuhs
981 3153 1106 3216 honoris
1126 3153 1219 3217 decus
1242 3154 1420 3238 habuerint,
1444 3165 1478 3217 ut
1496 3153 1667 3235 Palaemon,

330 3261 460 3343 Phocas,
489 3259 607 3322 Probus
636 3268 667 3322 et
696 3261 895 3343 Censorinus,
925 3260 1011 3323 nobis
1040 3270 1139 3324 tamen
1168 3261 1266 3345 placet
1294 3264 1325 3324 ln
1354 3262 1487 3326 medium
1515 3259 1667 3324 Donatum
1681 3280 1705 3320 ss

332 3369 497 3446 deducere,
527 3371 579 3450 qui
603 3378 634 3431 et
657 3373 761 3451 pueris
785 3370 957 3452 specialiter·
980 3379 1069 3452 aptus
1093 3379 1124 3433 et
1148 3370 1298 3435 tironibus
1327 3370 1473 3453 probatur
1495 3388 1666 3434 accommo-

331 3478 401 3554 dus,
431 3481 519 3541 euius
546 3480 668 3558 gemina
697 3484 866 3540 commenta
895 3476 1089 3562 rehquimus,
1117 3487 1265 3560 utsupra
1290 3479 1371 3562 quod
1399 3481 1463 3560 ipse
1488 3477 1596 3559 planus
1620 3487 1667 3540 est

331 3660 375 3716 nis
399 3659 482 3716 multi
501 3663 531 3716 et
552 3662 654 3732 poetae
674 3663 704 3716 et
722 3665 849 3718 oratores
867 3661 897 3716 iu
920 3662 1040 3730 numae
1064 3660 1164 3733 lingua
1189 3677 1250 3717 esse
1273 3659 1437 3716 doceantur.
1461 3657 1668 3716 mathematica

331 3741 438 3798 ueroB
475 3740 798 3814 agraemJgraaoiaAS
845 3735 1056 3814 equumque
1081 3739 1329 3798 'accedentibusS
1375 3738 1666 3798 tnadsABuateSb

370 3831 385 3879 7
406 3823 659 3894 quemammodum
680 3823 740 3878 AB
804 3831 838 3879 10
857 3842 907 3896 per
925 3824 1037 3880 aurium
1056 3825 1258 3896 praeparatum
1277 3821 1366 3878 intrat
1384 3820 1514 3878 auditum
1534 3820 1669 3879 Garsts'ns

368 3922 420 3977 per
439 3905 551 3961 aurium
571 3903 806 3975 sparsorium
827 3906 888 3961 ΑΒ
964 3911 995 3961 ta
1015 3905 1211 3961 volueriut-
1230 3901 1386 3959 introducti
1406 3933 1440 3944 -
1458 3901 1622 3974 percipiant
1638 3903 1667 3959 Β

370 3993 559 4067 compendiis]
581 3993 810 4065 conpetentiias
884 4001 918 4051 ιε
937 3980 1018 4050 uxi.
1034 3993 1255 4050 annonario.
1275 3979 1365 4049 ruci
1381 3991 1596 4050 iusmnvmo
1617 3991 1666 4049 nu

331 4086 433 4143 narn
463 4070 684 4142 oniuanroa
712 4067 906 4141 admotae
933 4101 951 4140 a
978 4083 1084 4141 irrues
1112 4085 1167 4142 as
1195 4082 1427 4140 onssrononu
1456 4082 1667 4140 sonorosus

331 4166 437 4224 EXPL.
458 4164 620 4222 SECUNDI
645 4165 744 4221 LIBRI
769 4165 953 4222 subsanio
978 4173 1003 4221 et
1026 4168 1198 4237 interpositis
1221 4165 1312 4221 titulis
1335 4163 1454 4220 eiusdem
1478 4163 1546 4220 lsbrs'
1567 4162 1667 4220 Gram-

330 4249 437 4304 metica
455 4264 474 4303 a
491 4246 597 4302 litteris
615 4245 644 4302 Β
711 4253 743 4303 it
764 4265 868 4318 easque
888 4246 1005 4303 Graecis
1024 4246 1241 4304 studiosissimis
1258 4242 1446 4302 tradidisses
1500 4243 1625 4313 rehqnss
1638 4244 1667 4299 B

331 4329 443 4400 rahqua
461 4327 518 4384 AS
585 4333 617 4384 18
637 4327 672 4384 de
692 4345 811 4398 quarum
831 4327 1019 4399 positionibus
1037 4331 1123 4398 atqua
1143 4326 1297 4383 uirtutibus
1316 4339 1398 4396 greco
1418 4323 1526 4380 ahenas
1544 4323 1667 4394 (alienus

331 4415 363 4464 ut
380 4411 491 4466 ridetur
505 4409 532 4480 b)
552 4407 640 4466 latine
659 4409 816 4480 priscianus
835 4407 1003 4480 suppliciter
1021 4409 1203 4478 (sufficienter
1217 4408 1245 4478 b)
1263 4408 1459 4462 uastauerant
1478 4406 1668 4476 gnmmatica

331 4509 399 4548 uero
422 4492 451 4547 Β
542 4491 667 4548 Helenus
691 4491 779 4562 atque
803 4489 964 4545 Priscianus
988 4488 1129 4546 Garunna.
1163 4489 1302 4545 Helenum
1326 4501 1405 4558 wne
1428 4485 1533 4542 dixerit
1557 4483 1667 4544 Ouano-

331 4571 438 4641 dors'ua,
452 4589 509 4628 non
524 4577 639 4627 condet.
654 4574 680 4627 ss'
692 4589 822 4644 praessura
835 4587 891 4627 esse
904 4572 1001 4639 soluit,
1014 4574 1087 4654 aaut
1100 4565 1220 4638 oidddr,
1234 4571 1267 4626 de
1276 4567 1427 4640 Apollonio
1441 4567 1483 4622 uel
1492 4566 1666 4634 Herodiano,

331 4668 399 4722 quos
413 4653 491 4722 apud
506 4651 686 4709 Mannum
701 4653 859 4709 nominatos
873 4652 1028 4721 ιἰιιιειιεναι,
1043 4655 1162 4724 copiturr'
1175 4657 1265 4724 potest
1339 4656 1371 4705 19
1393 4647 1494 4722 atheo]
1512 4651 1630 4722 antiqno
1650 4667 1667 4710 s

388 4738 423 4787 to
444 4733 658 4804 oratoribusque
677 4750 694 4793 s
714 4731 932 4804 auctoribusque
951 4733 1041 4789 ΑΒΕ
1127 4734 1186 4790 sine
1203 4731 1274 4790 vitio
1293 4731 1448 4787 dictionem
1467 4732 1495 4785 A
1513 4731 1574 4788 sine
1594 4730 1667 4787 uitio

333 4812 545 4871 distinctionem
564 4812 592 4868 Β
611 4815 671 4871 siue
690 4814 812 4870 dictione
832 4815 854 4870 S
915 4821 949 4870 at
971 4813 1105 4871 elimatae
1124 4813 1205 4871 BSo
1223 4813 1340 4870 elimata
1355 4813 1382 4867 Δ
1443 4816 1478 4866 24
1498 4811 1614 4882 suisque
1633 4842 1666 4854 -

333 4895 486 4952 imbuerint
503 4895 535 4948 s'rs
553 4911 640 4965 morp.
660 4895 727 4950 odd.
747 4896 774 4950 Δ
840 4900 873 4951 2⁷
894 4893 1080 4966 rahuqnimus
1099 4893 1122 4951 S
1184 4894 1287 4966 planus
1305 4892 1333 4947 B
1351 4891 1459 4949 latinns
1478 4891 1553 4948 AS*
