3590 5486
443 314 493 372 DE
512 313 611 372 ARTE
631 314 746 375 METR.
764 315 814 374 ΕΤ
832 313 883 371 DE
903 313 1092 372 onrflourt.
1367 313 1431 380 221

95 503 245 587 producta
265 510 335 567 ante
354 502 501 586 vocalem,
524 501 658 587 62373
682 504 719 568 66
739 505 879 589 genetivo
904 504 1062 566 nominum
1084 504 1116 566 ln
1138 504 1186 566 ius
1209 502 1256 566 661
1281 506 1345 567 ium
1369 504 1433 566 667-

96 620 213 696 766676;
242 619 497 675 commentatores
526 611 634 676 Donati
662 612 841 696 Pompeium
870 620 901 675 et
925 610 1066 692 Sergium
1094 610 1155 695 his,
1183 607 1327 694 62350
1357 612 1394 676 66
1418 617 1436 674 'r

96 720 199 784 littera
224 729 255 784 et
277 715 415 802 62353
439 718 477 782 66
497 720 711 784 communibus
735 719 870 804 syllabis,
893 719 1046 782 Audacem
1069 718 1117 782 rel
1139 719 1320 805 Audacium,
1344 741 1437 804 quern

96 830 185 914 diclt,
214 823 358 912 62363
387 826 424 891 66
453 837 590 891 accentu
609 830 871 912 interiectionum,
894 825 1098 910 Victorinum,
1124 829 1155 892 h.
1180 849 1205 892 6.
1236 828 1371 894 libellum
1400 831 1437 893 de

97 941 216 1001 6677666
230 945 399 1000 metrorum
413 937 541 1001 Maximo
556 934 711 1000 Victorino
727 937 890 1021 tributum,
909 955 938 1020 p.
954 933 1041 1000 2371
1063 936 1100 998 66
1120 937 1284 1020 synalipha,
1302 937 1435 1003 Mallium

97 1045 294 1110 Theodorum
322 1065 351 1130 p.
376 1042 465 1132 2379
496 1047 533 1110 66
561 1045 690 1110 iambico
714 1055 822 1108 metro.
861 1045 897 1108 ad
922 1045 1021 1109 Servii
1045 1047 1259 1109 centimetrum
1282 1049 1438 1130 pertinent

97 1154 173 1220 haec
197 1175 227 1240 p.
250 1152 350 1240 2380,
370 1162 542 1235 praetereo
565 1161 638 1216 suut
660 1162 761 1218 metro
785 1158 850 1218 olio
870 1159 1038 1234 perplura,
1068 1173 1149 1232 quoe
1173 1157 1205 1217 in
1228 1156 1318 1218 libris
1342 1161 1437 1220 centi-

97 1272 269 1328 metrorum
296 1265 487 1344 simplicibus
521 1270 695 1326 monstrato
722 1266 871 1342 exeruplr's
904 1267 1035 1341 quisque
1063 1267 1207 1344 reperiet.
1259 1263 1296 1325 ab
1330 1264 1436 1328 iisdem

99 1371 277 1436 auctoribus
297 1375 386 1436 etiam
406 1390 466 1435 non
486 1369 647 1454 adscriptis
669 1368 844 1433 nominihus
865 1370 958 1434 multa
977 1381 1101 1455 recepta
1120 1379 1246 1456 suut,.e
1271 1371 1383 1452 quihus
1403 1391 1438 1435 66

98 1500 176 1562 6666
196 1484 326 1544 maxime
345 1483 541 1544 consentiunt
558 1478 699 1543 iudicatis
718 1477 793 1541 16676
811 1487 950 1542 veterum
969 1489 1139 1561 auctorum,
1158 1497 1235 1560 quos
1249 1478 1330 1543 Beda
1345 1499 1433 1544 secu·

100 1599 150 1654 tus
179 1597 241 1673 est,
268 1587 516 1672 in'marginibus
544 1588 686 1652 editionis
716 1587 863 1652 adnotari
901 1597 966 1651 arte
995 1599 1097 1654 autem
1122 1589 1231 1653 llonati
1258 1607 1327 1652 cum
1356 1607 1437 1652 com·

100 1700 259 1762 mentariis
280 1698 379 1780 Sergii
398 1708 429 1761 67
447 1697 584 1779 Pompeii
604 1703 636 1759 67
658 1698 690 1758 76
713 1697 812 1778 prima
835 1705 920 1778 parte
944 1696 1014 1760 libri
1038 1696 1077 1760 66
1096 1696 1217 1779 syllabis
1236 1706 1267 1760 67
1291 1699 1323 1760 76
1342 1697 1436 1761 617666

101 1826 178 1888 6666
203 1815 251 1870 667
275 1805 312 1870 66
336 1806 511 1870 hexametro
531 1824 621 1888 saepe
641 1824 716 1868 usus
736 1812 790 1868 est.
829 1824 866 1868 cx
885 1804 976 1868 6161171
995 1804 1149 1870 Theodori
1173 1805 1251 1870 iihro
1275 1806 1312 1870 de
1331 1809 1437 1870 metris

101 1934 170 1979 cum
195 1914 344 1996 quaedam
367 1913 405 1976 66
429 1912 641 1977 communibus
666 1913 788 1996 syllabis
811 1909 951 1995 62354
974 1922 1005 1977 67
1028 1912 1065 1976 66
1089 1912 1266 1978 hexametro
1286 1925 1317 1978 et
1335 1925 1439 1997 penta·
1557 1963 1559 1968 .

102 2033 199 2086 metro
228 2041 257 2105 p.
282 2018 372 2085 2365
401 2029 465 2084 tum
495 2021 625 2104 plurima
653 2040 731 2103 quae
761 2024 793 2085 76
817 2023 906 2085 tertia
930 2030 1017 2103 parte
1040 2040 1069 2103 p.
1094 2018 1264 2104 2376666.
1288 2023 1326 2087 66
1350 2026 1440 2086 666776

102 2143 272 2196 metrorum
295 2129 459 2212 generibus
482 2128 627 2212 leguntur
649 2131 843 2212 6677766667.
881 2128 1033 2192 Atrdacem
1058 2129 1095 2192 de
1115 2128 1327 2193 scansionihus
1351 2129 1440 2193 hexa-

101 2243 193 2305 metri
220 2260 250 2323 6.
271 2236 373 2322 2368,
405 2239 442 2302 66
471 2257 614 2301 mensura
646 2257 672 2302 6.
700 2241 787 2302 reice
814 2255 842 2319 p.
872 2233 961 2300 2372
989 2245 1020 2299 67
1047 2256 1074 2299 6.
1106 2257 1190 2316 aquo
1218 2234 1375 2323 62375,
1404 2239 1441 2301 66
1543 2290 1547 2300 .

103 2348 245 2431 rhythmo
269 2359 301 2412 et
324 2356 474 2431 metrop.
498 2343 588 2436 2380Ι
612 2356 736 2440 6666766
760 2355 815 2410 est
854 2355 975 2428 praeter
1006 2346 1063 2408 hos
1086 2345 1124 2409 de
1148 2365 1291 2410 mensura
1315 2346 1440 2430 syllaba·

98 2475 171 2531 666]
196 2459 229 2520 76
252 2459 360 2539 primis
385 2475 459 2519 usus
479 2441 532 2518 ¹est
561 2455 669 2518 libellis
693 2455 730 2518 66
755 2454 875 2536 syllabis
905 2453 1059 2539 tlnalihus,
1087 2458 1140 2537 qui
1165 2455 1262 2520 Seruii
1286 2464 1316 2520 ct
1339 2455 1438 2519 Victo·

104 2569 163 2630 riui
187 2564 362 2628 nominihus
385 2545 525 2648 inscripti
549 2564 704 2647 feruntur,
728 2562 859 2644 6667666
884 2581 920 2625 ex
941 2561 1070 2625 Charisii
1093 2582 1215 2646 quoque
1236 2571 1268 2626 67
1286 2562 1441 2635 1176676676

104 2673 191 2737 libris
214 2691 310 2755 pauca
334 2675 459 2754 recepit
497 2672 666 2736 charisium
692 2673 828 2734 enimin
851 2673 889 2735 iis
914 2689 990 2752 quac
1015 2671 1053 2734 66
1077 2691 1103 2734 6.
1124 2677 1266 2736 76666166
1289 2682 1321 2737 67
1340 2678 1440 2754 pului-

104 2801 166 2844 nar
186 2801 215 2866 p.
230 2778 319 2844 2759
349 2781 434 2844 etde
454 2781 559 2864 regula
577 2780 687 2844 Lucilii
705 2783 735 2843 76
756 2779 929 2844 nominihus
949 2784 981 2845 in
1001 2780 1196 2845 7666617667
1217 2783 1309 2847 linitis
1329 2785 1442 2865 scripta

105 2899 178 2954 sunt
200 2909 231 2972 6.
250 2886 340 2954 2373
359 2899 483 2954 secutus
503 2899 558 2953 est
596 2909 613 2952 a
633 2889 775 2952 Diomede
795 2898 896 2954 autem
917 2889 1197 2953 commentariolum
1217 2890 1255 2954 66
1277 2890 1441 2973 generibus

105 3001 277 3062 carminum
300 3001 331 3061 16
355 2999 414 3062 line
437 2997 508 3062 lihri
531 3001 679 3082 scriptum
704 3001 828 3080 recepit

198 3106 280 3170 Alios
298 3115 436 3171 veterum
455 3110 721 3190 grammaticorum
740 3105 834 3170 libros
853 3116 974 3190 praeter
994 3125 1047 3170 eos
1067 3126 1144 3189 quos
1168 3105 1230 3170 disi
1254 3127 1270 3171 a
1290 3109 1370 3172 Beda
1390 3109 1443 3172 ad·

106 3215 221 3280 hihitos
243 3235 310 3279 esse
335 3234 396 3280 nou
423 3218 540 3299 inueni,
569 3233 667 3297 neque
692 3214 857 3297 quidquam
882 3217 1018 3298 omnino,
1047 3215 1128 3296 quod
1158 3216 1280 3297 quidem
1305 3237 1341 3279 ex
1365 3220 1439 3280 anti·

106 3327 216 3408 667666
236 3325 372 3388 doctrina
396 3327 524 3407 petitum
545 3328 598 3408 sit,
623 3325 701 3407 apud
726 3342 797 3387 eum
820 3323 949 3407 iegitur,
973 3323 1052 3406 quod
1078 3343 1138 3388 non
1158 3327 1189 3388 in
1208 3325 1256 3388 his
1279 3324 1366 3388 libris
1391 3327 1442 3407 667

105 3452 191 3498 6666
211 3443 314 3498 extant
337 3436 516 3498 1666676766.
554 3435 656 3515 776666
677 3451 746 3496 cum
767 3432 802 3494 ad
828 3432 996 3515 supplenda
1015 3442 1153 3497 ueterum
1177 3429 1443 3515 grammaticorum

106 3553 271 3630 praecepta
300 3541 373 3606 67677
402 3545 471 3606 6667
498 3542 548 3606 676
576 3540 654 3604 liber
682 3543 800 3624 6116767,
830 3544 861 3603 76
891 3551 955 3604 arte
979 3544 1186 3604 recentiorum
1215 3552 1373 3624 poetarum
1397 3541 1444 3604 uel
1486 3548 1490 3556 ’

109 3651 327 3715 modernorum
352 3652 602 3731 versificatorem,
631 3667 708 3731 quos
736 3651 801 3731 ipse
826 3650 899 3712 dicit
923 3669 951 3730 p.
975 3645 1083 3732 2354,
1111 3648 1321 3731 cognoscenda
1345 3651 1444 3713 omnis

109 3761 175 3823 iere
200 3761 266 3823 elus
289 3759 403 3823 utilitas
426 3763 524 3843 posita
547 3769 602 3822 est.
640 3776 709 3820 nam
733 3757 769 3819 ad
794 3757 903 3820 horum
927 3775 1017 3821 66667
1041 3775 1076 3821 66
1103 3777 1180 3840 6666
1204 3758 1242 3820 66
1265 3760 1443 3841 antiquiori·

110 3867 169 3930 hus
193 3877 353 3949 acceperat
376 3869 612 3932 accommodavit
636 3884 802 3947 eorumque
827 3884 934 3929 uersus
958 3865 1129 3948 adscripsit.
1167 3885 1203 3928 ex
1232 3865 1279 3928 his
1308 3870 1442 3930 uomina·

111 3981 166 4041 tim
195 3975 355 4060 appellarit
381 3975 454 4061 hos,
482 3975 659 4053 iuvencum,
689 3974 896 4058 Ambrosium,
923 3973 1140 4058 Prudentium,
1167 3973 1340 4058 Paulinum,
1370 3975 1445 4036 Pro·

112 4104 251 4170 sperum,
287 4083 457 4167 Sedulium,
493 4082 673 4148 venantium
707 4084 922 4166 Fortunatum,
957 4085 1125 4147 Aratorem.
1171 4083 1264 4147 semel
1294 4103 1323 4165 p.
1354 4079 1444 4146 2380

75 4201 77 4206 ’
111 4196 274 4260 Pordrium
298 4195 476 4277 nominarit,
506 4191 560 4254 sed
584 4194 651 4254 eius
674 4201 826 4274 tamquam
857 4195 964 4275 pagani
988 4211 1020 4255 se
1045 4195 1194 4255 rationem
1217 4211 1278 4255 non
1302 4191 1443 4254 habuisse

112 4304 194 4367 dicit
232 4306 263 4365 in
283 4302 422 4384 plurimis
437 4308 537 4363 766666
552 4299 698 4381 exemplis
718 4300 829 4382 quihus
848 4318 923 4363 usus
941 4308 1001 4382 est,
1020 4301 1140 4362 nomina
1160 4307 1318 4380 poetarum
1334 4300 1445 4362 omisit.

7 4389 10 4404 ’
113 4412 165 4474 sed
190 4411 388 4474 haecomnia
412 4408 554 4490 indagare
578 4417 609 4471 et
633 4427 669 4470 cs
693 4407 805 4490 quihus
833 4409 908 4472 locis
932 4407 1065 4490 quidque
1094 4409 1222 4489 petitum
1247 4409 1287 4470 677
1310 4396 1444 4470 indicare

114 4530 148 4582 ut
174 4521 298 4602 longum
323 4525 354 4581 67
382 4517 542 4581 molestum
567 4525 646 4600 erat,
673 4519 715 4580 776
743 4519 774 4580 76
803 4517 863 4580 hoc·
890 4535 1001 4599 genere
1026 4519 1210 4598 scriptorum
1239 4535 1346 4599 parum
1371 4515 1444 4579 utile

15 4639 17 4643 ’
115 4647 181 4692 esse
210 4626 378 4691 ridebatur.
415 4645 509 4708 quare
538 4626 622 4689 nolui
649 4627 681 4686 76
700 4625 757 4688 'his
785 4625 911 4688 eandem
940 4643 1076 4708 operam,
1105 4642 1195 4705 quarn
1222 4623 1445 4712 antiquioribus
1558 4644 1566 4660 ·
1654 4599 1661 4609 '

115 4736 316 4820 scriptoribus
338 4737 491 4820 praestiti,
514 4734 676 4816 collocare,
706 4734 758 4797 sed
782 4733 926 4817 pleraque
951 4752 1010 4795 non
1035 4732 1176 4796 indicatis
1199 4734 1375 4798 auctoribus
1399 4732 1446 4796 vel

114 4845 187 4920 locis
211 4865 229 4909 e
255 4845 366 4928 quihus
388 4847 482 4928 petita
506 4852 578 4906 sunt
601 4838 732 4905 exhibui.
