3590 5486
347 327 414 397 268
548 325 557 338 ·
958 302 1081 395 sunau

259 481 261 488 ,
347 445 370 484 μ.
384 434 444 476 aret.
459 434 487 476 aa
501 435 526 476 r.

347 520 501 582 feminino.
549 518 657 584 callum
691 539 813 605 quoque
846 533 878 588 et
911 542 1039 588 caenum
1075 534 1106 589 et
1136 547 1259 591 crucum
1294 539 1418 616 neutro,
1451 532 1505 596 sed
1534 531 1686 616 Vergilius

347 622 469 712 (georg.
495 625 668 716 1111122)
693 631 859 696 mascrrlino
882 627 1124 718 ‘crocumque
1147 633 1366 703 rubentem’.

437 737 512 801 Cani
543 737 669 802 cancelli
702 748 733 803 et
765 759 866 806 cemes
900 742 1083 825 singularem
1117 763 1279 810 numerum
1312 767 1373 812 non
1406 749 1534 816 babent:
1579 771 1685 816 casses

345 853 446 917 autem
468 849 544 910 retia
562 846 720 912 dicuntur:
743 848 846 914 caulae
865 851 1013 937 similiter,
1027 851 1228 916 caerimoniae
1247 873 1343 920 cunae
1363 865 1393 921 et
1412 859 1575 942 compedes
1595 867 1627 923 et
1653 863 1685 923 in

346 963 455 1019 rreutro
488 974 601 1038 genere
632 965 730 1020 casira
760 957 873 1022 cibaria
907 956 1073 1044 crepundia
1102 960 1251 1026 cunabula
1285 961 1483 1048 [singularem
1519 985 1712 1032 numerum⁵

347 1081 407 1126 nen
431 1061 568 1147 babentJ.
1023 1105 1026 1112 ·
1067 1059 1069 1064 ¹

436 1171 535 1237 Cruor
558 1175 706 1257 pluralem
726 1194 786 1239 non
806 1174 913 1240 babet:
936 1173 1086 1259 Vergilius
1109 1171 1201 1264 (Aen.
1222 1180 1298 1243 IIII
1314 1168 1398 1268 687)ι
1415 1183 1526 1266 plurali
1545 1204 1683 1271 cruores,

345 1277 473 1364 ‘atque
497 1291 597 1348 atres
621 1283 784 1348 siccabat
809 1295 910 1348 vaste
935 1281 1115 1350 cruorcs'.

436 1391 614 1474 Coniugium
631 1403 662 1457 et
677 1395 814 1476 contagia
830 1403 939 1458 neutro
953 1415 1065 1476 genere
1081 1397 1223 1481 dicende,
1238 1407 1268 1460 et
1283 1380 1357 1461 baec
1372 1403 1511 1482 coningio
1526 1403 1682 1468 feminino.

436 1501 596 1564 Comoedia
616 1503 750 1565 carmina
769 1521 846 1585 qnae
871 1505 902 1566 in
926 1506 1072 1567 conuiuiis
1092 1513 1253 1590 cammtur,
1277 1507 1347 1587 quia
1367 1511 1548 1574 comessatio
1571 1531 1681 1594 graece
1697 1527 1721 1566 ¹⁰

343 1606 458 1692 κῶμος
479 1603 620 1672 dicitur.¹

435 1717 582 1782 Cartallos
600 1737 723 1804 graece,
747 1719 837 1783 latine
857 1719 978 1784 liscella.
1012 1720 1143 1785 calamos
1161 1739 1284 1805 graece,
1308 1723 1398 1787 latine
1419 1726 1544 1791 arundo.
1583 1749 1679 1793 canon

344 1845 467 1910 graece,
490 1825 583 1890 latine
608 1827 720 1910 regula.
758 1827 849 1892 cades
872 1847 995 1913 graece,
1019 1828 1110 1892 latine
1134 1832 1232 1894 situla.

435 1935 591 2000 Cunabula
609 1945 682 2000 sunt
700 1938 791 2018 panni
810 1937 968 2021 infantiae,
988 1937 1041 2000 sed
1062 1936 1211 2002 lohannes
1229 1939 1580 2027 Constantinopolitanae
1600 1949 1678 2030 epis-

344 2063 440 2128 copus
463 2044 571 2109 scribit
594 2044 738 2109 Lazarum
763 2046 793 2107 in
817 2053 1015 2108 monumento
1039 2045 1198 2110 cunabulis
1222 2048 1402 2114 involutum.
1696 2069 1720 2108 ns

435 2155 579 2219 Cantator
600 2164 632 2217 et
659 2155 807 2218 cantatrix
838 2173 854 2216 a
878 2151 972 2216 ¹serbo
996 2164 1084 2217 canto
1109 2165 1139 2218 et
1162 2165 1267 2219 cantor
1291 2168 1380 2239 atque
1406 2164 1522 2224 cantrix
1546 2183 1562 2225 a
1587 2164 1680 2227 uerbo

345 2283 421 2328 cano
445 2245 528 2328 rebte
551 2264 672 2328 dieitur.

436 2372 589 2437 Comburo
613 2390 669 2455 per
692 2389 721 2434 m
746 2369 955 2456 scribendum,
983 2390 1043 2435 non
1068 2391 1123 2455 per
1148 2393 1182 2456 n,
1214 2393 1355 2456 comparo
1380 2375 1521 2439 similiter
1543 2387 1575 2440 ei
1599 2399 1679 2443 eonn-

346 2501 428 2566 penn
453 2491 614 2561 ceteraque
638 2479 731 2544 huius
754 2480 844 2543 modi.

436 2590 624 2671 Conspectus
639 2607 710 2652 cuna
729 2589 761 2650 in
777 2589 929 2670 scriptura
949 2587 1143 2652 dividendum
1159 2601 1215 2674 est,
1229 2610 1245 2653 c
1260 2595 1401 2673 soaprenti
1420 2592 1549 2675 syllabae
1569 2598 1677 2678 iungis.
1693 2610 1718 2648 ‘³⁰

437 2697 630 2781 Cornplacee,
661 2715 721 2760 non
752 2695 930 2780 conplaceo;
961 2699 1179 2782 commoratus,
1209 2718 1269 2762 non
1301 2701 1509 2785 conmoratus,
1541 2722 1677 2788 compre-

344 2808 443 2872 hendo
466 2827 522 2890 per
547 2825 585 2871 m.

435 2915 575 2979 Comelua
602 2933 776 2998 perunum
801 2913 810 2977 l
840 2914 1049 2998 scribendum,
1077 2916 1247 2980 commodat
1276 2927 1307 2980 et
1335 2918 1527 2982 commendat
1555 2939 1612 3002 per
1641 2941 1679 3004 m,

343 3008 562 3108 computrescit
585 3043 641 3107 per
664 3043 708 3108 m,
733 3023 905 3108 complures
929 3043 985 3108 per
1009 3043 1047 3087 m.

435 3133 580 3198 Columna
609 3152 679 3197 cum
713 3135 827 3215 scripio
856 3133 1050 3197 dividendum
1082 3144 1206 3218 est,·m
1235 3137 1375 3217 sequenti
1407 3135 1536 3219 syllabae
1566 3141 1717 3221 nectis3u

345 3243 494 3307 calumnia
518 3241 665 3306 similiter.

434 3353 506 3416 Celo
525 3351 618 3435 celas,
637 3351 667 3415 id
687 3361 735 3414 est
753 3351 919 3436 abscondo,
938 3371 994 3435 per
1013 3351 1180 3434 simplicem
1200 3371 1216 3414 e
1236 3351 1446 3436 seribendnm3
1468 3351 1552 3415 caelo
1572 3353 1680 3431 caelas,

270 3503 272 3508 -
344 3483 414 3526 carm
444 3463 593 3544 picturam
622 3461 783 3544 signilicat,
811 3480 867 3543 per
890 3461 1098 3544 diphthongon
1123 3479 1157 3524 ae
1186 3459 1413 3543 proferendum.
1450 3460 1531 3523 unde
1561 3460 1679 3525 caelum

343 3571 452 3635 melius
472 3570 658 3652 intellegitur
677 3569 790 3632 dictum
810 3569 847 3632 ab
867 3589 917 3652 eo,
941 3570 1022 3652 quod
1047 3567 1153 3631 caelati
1177 3571 1273 3632 instar
1294 3568 1456 3632 multiiaria
1480 3571 1520 3633 sit
1543 3571 1679 3634 siderum

345 3683 487 3744 varietate
507 3681 670 3762 depictum,
689 3697 779 3761 quam
799 3679 880 3760 quod
900 3677 1060 3741 inuisibilia
1080 3687 1110 3739 et
1130 3679 1245 3740 incerta
1264 3676 1442 3741 mortalibus
1462 3677 1541 3742 celet
1560 3697 1678 3745 arcana.
1693 3695 1717 3735 no

435 3787 583 3852 Cantarua
607 3787 800 3872 animalest,
821 3783 826 3868 Ι
847 3797 1004 3850 cantarum
1027 3803 1146 3847 camara
1170 3785 1287 3849 domus.

437 3997 450 4045 1
472 3989 577 4045 cabum
597 4004 711 4059 quoqne
730 3991 760 4045 et
778 4005 879 4046 oenum
898 3985 1050 4059 singularia
1070 3984 1180 4042 numeri
1200 3989 1274 4044 sunl
1298 3987 1362 4045 cani
1380 3988 1430 4048 Ls
1508 3988 1609 4044 nanno
1628 3987 1677 4044 sed

344 4079 374 4132 et
392 4073 477 4147 uirgl'
497 4070 687 4127 masculinnm
705 4071 735 4125 P
750 4073 852 4127 neutra
870 4071 919 4126 aed
939 4068 1028 4140 nergl'
1048 4067 1206 4125 mescnlino
1226 4068 1265 4124 M
1336 4077 1354 4126 4
1373 4069 1567 4127 caeremoniae
1587 4068 1626 4124 M

344 4164 360 4211 ὁ
380 4155 526 4229 singulare
545 4168 694 4208 numerem
713 4169 771 4209 non
788 4151 896 4208 hebent
913 4151 948 4220 P,
967 4168 1018 4208 ern.
1039 4149 1107 4205 ML
1187 4158 1202 4208 7
1223 4169 1306 4208 eruor
1323 4152 1412 4209 habel
1430 4150 1572 4222 pluralem
1590 4149 1676 4222 uirgi-

344 4238 400 4294 lins
419 4242 505 4308 atque
524 4237 603 4294 eirca
622 4234 750 4292 siccanal
768 4238 848 4291 neate
867 4249 981 4289 cruores
1001 4231 1029 4288 P
1049 4248 1132 4289 cruor
1150 4233 1260 4306 plurale
1280 4251 1336 4290 non
1354 4232 1445 4289 habet
1463 4231 1594 4304 nirgn'lina
1613 4235 1677 4305 plu·

344 4317 399 4375 reli
418 4335 531 4374 cruores
551 4319 638 4390 alque
657 4319 735 4374 atros
754 4315 936 4388 significabat
952 4315 980 4371 L
1053 4321 1069 4372 8
1092 4317 1172 4372 reete
1190 4333 1242 4373 orn.
1263 4315 1301 4370 M
1370 4320 1386 4370 2
1408 4314 1479 4370 haec
1498 4313 1633 4386 contagio
1653 4313 1682 4369 P

343 4399 414 4456 haec
433 4400 567 4471 conlegia
588 4401 655 4457 ML
717 4404 751 4454 10
771 4395 925 4454 coruscatio
945 4397 1001 4453 PL
1064 4405 1096 4453 12
1117 4399 1242 4455 calamos
1265 4397 1293 4453 P
1309 4395 1436 4452 calamus
1456 4394 1523 4450 ML
1586 4412 1677 4452 canon

344 4497 447 4552 graece
462 4475 576 4540 tduou
596 4483 688 4538 latina
702 4479 803 4553 regula
818 4479 848 4533 P
910 4485 943 4535 1³
961 4480 1083 4538 latinum
1098 4481 1186 4538 ailuln
1202 4481 1239 4536 M
1255 4478 1360 4534 latinos
1376 4476 1462 4533 situla
1479 4475 1507 4531 P
1562 4483 1595 4533 ae
1611 4493 1676 4532 ran·

344 4559 433 4634 tator]
454 4563 553 4620 centor
573 4563 611 4619 M
674 4569 710 4619 20
729 4563 757 4636 c]
778 4577 830 4618 eon
851 4559 879 4615 P
939 4561 1051 4632 syllaba
1069 4563 1099 4617 P
1163 4567 1197 4617 21
1218 4559 1373 4630 conplaceo
1392 4573 1449 4614 noa
1469 4557 1634 4629 complaceo
1653 4557 1681 4613 P

400 4644 598 4714 conprehensio
618 4647 679 4714 (oen.
699 4661 751 4714 per
769 4645 808 4712 m)
830 4639 858 4694 P
920 4647 954 4698 25
973 4643 1129 4701 diuidendo
1148 4641 1248 4698 MLP
1306 4640 1441 4707 aequente
1462 4636 1491 4691 P
1553 4641 1588 4693 27
1609 4639 1676 4694 aeri-

216 4693 221 4701 ·
344 4721 470 4778 bendum
492 4740 543 4780 ona.
565 4725 603 4780 M
693 4731 728 4781 ee
753 4722 831 4794 quod
854 4723 948 4778 caelat
971 4723 1063 4780 instar
1081 4725 1211 4796 picturae
1230 4721 1277 4778 uel
1296 4719 1373 4791 quod
1392 4717 1551 4774 multifaria
1569 4717 1608 4773 M

346 4804 595 4940 31912ῑέ23θὶιὲοὲ
602 4803 651 4864 sL
670 4821 755 4874 quem
776 4803 825 4876 qni
845 4803 874 4859 P
887 4803 935 4860 uel
953 4805 1029 4874 qnod
1051 4806 1088 4860 M
1149 4804 1224 4879 cplel
1245 4802 1311 4858 ML
1331 4800 1406 4857 calet
1426 4800 1455 4856 P
1508 4807 1540 4857 31
1563 4818 1677 4918 camara
