3590 5486
63 997 76 1038 5

57 3189 80 3231 25

59 3732 82 3774 ³⁰

582 355 632 412 DE
651 355 752 414 lituu
772 356 942 416 uuinton
1192 397 1196 404 -
1363 355 1431 423 255

89 470 111 508 p.
126 457 183 499 asca
198 457 225 498 ι».
1096 451 1108 460 ·

89 543 244 627 spondeo,
274 541 407 627 dactylo,
435 541 554 606 duobus
584 543 749 628 trochaeis,
781 548 832 609 cui
861 554 958 608 metro
991 553 1060 625 post
1095 553 1157 607 tres
1181 563 1288 609 versus
1311 544 1433 608 additur

91 656 187 716 semis
216 652 331 715 heroici
360 669 478 714 versus.
519 652 578 716 hoc
606 662 704 716 metro
728 662 852 717 sanctus
879 655 1006 716 antistes
1029 651 1174 716 Paulinus
1205 663 1323 717 sextum
1354 654 1434 717 beati

91 761 205 824 Felicis
228 760 414 824 confessoris
438 759 550 823 librum
574 765 762 846 composuit,
785 765 875 826 cuius
898 763 1082 844 priuclplum
1108 772 1154 825 est

310 871 427 932 lamue
452 868 530 932 abis
555 877 590 932 et
614 889 680 934 uos
703 889 909 954 properans
932 870 1132 954 relinquis,

253 993 256 998 ·
312 996 403 1065 quos
428 988 548 1042 tamen
572 978 649 1042 sola
672 983 825 1062 regione
849 979 1008 1063 linquis,

311 1103 459 1170 semper
483 1085 614 1151 adnixa
638 1090 718 1152 slne
742 1088 819 1152 line
843 1096 964 1151 tecum

410 1204 533 1260 monle
558 1196 719 1260 iuturus.

88 1315 119 1368 et
143 1304 234 1388 paulo
258 1313 329 1386 post
353 1304 426 1368 diclt

310 1415 410 1477 slout
432 1413 599 1497 Aegypto
623 1423 805 1497 pereunte
830 1415 1017 1497 quondam

311 1523 432 1585 noctis
456 1531 493 1586 et
515 1522 649 1586 densae
673 1523 844 1589 tenebris
868 1533 1013 1607 operta,

241 1695 247 1707 ,
309 1647 378 1712 qua
402 1629 461 1694 dei
484 1631 563 1694 vlrl
587 1650 692 1695 sacra
715 1651 808 1715 gens
833 1633 975 1718 agebat,

408 1739 558 1804 luxerat
581 1739 681 1825 orbi,

309 1866 402 1930 quae
426 1846 530 1911 modo
554 1849 591 1910 iu
615 1856 695 1912 toto
720 1852 869 1932 species
892 1849 1077 1932 probatur

309 1955 414 2039 orbe,
438 1973 518 2021 curu
542 1963 697 2019 sauctae
721 1959 779 2040 pia
804 1977 887 2041 pars
912 1958 1004 2021 ildel

311 2063 454 2148 fulgeat
477 2062 647 2147 Christo,
671 2065 841 2149 reliquos
865 2065 1034 2129 tenebris

411 2173 547 2238 obruat
570 2192 693 2259 error3

310 2285 364 2346 sic
388 2301 465 2345 meo
490 2300 560 2364 qua
585 2301 624 2346 se
649 2283 746 2348 leret
769 2293 875 2349 actus
899 2303 962 2347 ora

311 2400 446 2455 cuncta
470 2393 617 2456 nicetae
641 2392 810 2458 dominus
834 2393 1030 2474 secundet,

313 2499 430 2563 donec
454 2509 615 2583 optatam
638 2503 793 2584 patriam
817 2502 973 2566 vehatur
1015 2503 1024 2524 ⁶

410 2607 534 2672 laetus
557 2607 598 2671 ad
623 2606 759 2672 urbem.

309 2729 371 2798 DE
395 2729 550 2799 METRO
575 2729 880 2799 ΊἙΤΒΑΜΕΤΒΟ
904 2729 1212 2800 ununuuuulcu

193 2841 325 2908 lletrum
358 2844 539 2928 dactylicum
575 2855 786 2910 tetrametrum
820 2845 1031 2910 catalecticum
1064 2857 1183 2911 constet
1215 2867 1253 2911 ex
1286 2829 1432 2931 spondeo,

93 2949 226 3034 dactylo,
253 2953 413 3038 catalecto,
441 2954 573 3040 dactylo,
602 2955 745 3037 spondeo.
784 2974 845 3037 quo
870 2972 945 3017 usus
968 2963 1016 3017 est
1043 2965 1167 3018 sanctus
1191 2954 1369 3019 Ambrosius
1401 2959 1432 3019 ln

95 3063 268 3141 precatione
293 3062 425 3147 pluviae,
448 3065 537 3128 cuius
561 3063 719 3128 exordium
743 3063 801 3127 hoc
825 3073 883 3147 cst,

314 3171 486 3254 squalent
508 3190 592 3234 arra
616 3173 688 3236 soli
710 3174 864 3257 pulvere
890 3173 1017 3257 multo,

313 3279 427 3362 pallet
451 3283 575 3346 siccus
598 3300 700 3366 ager,
724 3291 824 3345 terra
848 3283 1014 3364 latescit,

313 3389 440 3453 nullus
463 3391 562 3453 roris
585 3389 716 3474 honos,
740 3389 840 3452 nulla
863 3398 1053 3472 venustas,

314 3477 457 3580 quando
481 3497 580 3563 nulla
604 3502 699 3562 viret
723 3502 841 3581 gratia
866 3499 1014 3582 ilerum,

314 3606 427 3671 tellus
451 3606 539 3670 dura
563 3609 646 3670 sitit
670 3611 795 3671 nescia
819 3611 930 3692 roris,

312 3717 395 3780 lons
418 3719 487 3778 lam
512 3717 633 3780 uesclt
656 3733 781 3798 equas,
806 3715 957 3779 llumina
981 3734 1124 3780 cursus.

96 3825 180 3887 cuius
205 3823 275 3887 llnis
298 3824 363 3907 hic,

313 3936 382 3997 iam
406 3931 702 3996 eaelos'reseres
727 3950 884 4014 arvaque
909 3931 1009 3996 laxes

277 4069 282 4079 ·
314 4041 473 4106 fecundo
498 4039 666 4123 placidus
689 4037 805 4103 imbre
830 4059 1008 4123 rogamus.

28 4182 31 4190 '
100 4141 339 4244 Wo
360 4174 389 4229 at
407 4169 519 4228 duobus
540 4169 568 4226 L
632 4171 776 4242 poetices
794 4187 925 4228 reuersus
945 4171 999 4229 hoc
1020 4174 1113 4228 metro
1132 4177 1188 4228 iim
1207 4173 1329 4230 onusto
1350 4171 1381 4228 F

100 4257 217 4314 additur
234 4253 319 4312 semis
337 4250 446 4311 heroici
464 4267 562 4308 uenus
581 4248 635 4310 sP
652 4265 734 4306 coma
753 4252 833 4321 (corr.
853 4269 966 4309 comma
985 4253 1006 4325 l)
1029 4251 1175 4310 heroicum
1195 4253 1377 4327 subiungitur
1396 4256 1432 4315 L.

97 4337 156 4394 linis
176 4336 231 4409 (ool
248 4339 338 4406 tome)
360 4333 470 4392 heroici
483 4351 579 4391 versus
595 4333 732 4390 Mallium
742 4351 773 4405 p.
789 4339 854 4402 591,
868 4339 907 4392 12
921 4335 1065 4407 scripsisse
1078 4335 1189 4391 conieci
1209 4335 1256 4390 aed
1274 4337 1334 4392 ntes
1346 4339 1433 4408 scrip-

97 4423 188 4478 toram
208 4423 371 4490 eornrptcrn
389 4415 490 4473 hahuit
508 4413 589 4470 Beda
668 4421 684 4470 2
705 4415 826 4472 unientis
846 4415 875 4471 P
948 4421 1045 4474 sextus
1064 4416 1096 4473 F
1174 4419 1242 4473 eet
1259 4418 1376 4474 deletum
1395 4425 1434 4475 eal

97 4501 174 4559 inL
255 4494 604 4558 uadnixaLPsdmixa
623 4494 808 4557 chnisos
887 4499 984 4555 tecum
1004 4497 1130 4555 Leito
1149 4497 1214 4554 FP
1285 4501 1433 4572 tpreuite
1502 4503 1505 4510 '

12 4579 16 4594 '
98 4582 324 4656 componente
343 4579 376 4636 P
457 4585 490 4635 10
517 4576 641 4636 donnas
661 4577 692 4634 F
775 4586 807 4636 11
832 4579 939 4652 agaba
958 4579 1021 4636 FP
1040 4580 1165 4637 habebat
1188 4585 1213 4636 et
1236 4582 1269 4636 io
1286 4599 1375 4654 morp.
1394 4583 1432 4640 ol.

98 4665 203 4736 egsum
220 4661 247 4718 L
331 4666 367 4717 14
386 4660 448 4718 orbi
467 4658 496 4715 P
572 4665 605 4716 17
624 4659 696 4716 hora
714 4658 743 4715 L
818 4666 852 4717 18
872 4664 975 4718 cuncto
993 4659 1105 4718 nicetae
1126 4661 1154 4716 P
1172 4663 1275 4718 cuncte
1293 4663 1387 4721 niceto
1406 4663 1433 4720 L

51 4773 56 4788 ·
99 4747 183 4802 mnia
201 4744 314 4801 nicetae
333 4741 366 4798 F
387 4743 491 4798 concii
514 4742 574 4798 lete
598 4757 615 4800 ς
709 4748 742 4798 19
767 4745 898 4814 optutum
921 4741 1046 4814 petriam
1066 4741 1127 4798 LP
1141 4745 1241 4814 opinio
1260 4745 1383 4816 putrium
1404 4746 1436 4801 P

99 4829 197 4898 optato
215 4825 347 4898 patrius
403 4827 438 4879 22
458 4839 492 4879 ex
512 4821 638 4895 spondeo
653 4825 683 4879 et
700 4822 816 4894 duciylo
835 4824 864 4880 P
915 4831 951 4881 24
970 4825 1000 4881 in
1020 4825 1185 4896 peccatione
1204 4824 1235 4880 F
1287 4831 1322 4883 ut
1341 4828 1431 4884 honos

98 4909 316 4982 uipereor-ipim
336 4911 375 4964 cal
393 4907 425 4961 iu
445 4903 475 4960 F
546 4905 675 4960 uetustus
694 4903 723 4958 P
792 4912 827 4962 83
846 4907 982 4976 secundo,
1001 4908 1049 4963 sed
1068 4923 1085 4962 o
1103 4924 1159 4964 ros.
1181 4907 1211 4963 P
