3564 5482
378 353 446 421 408
952 353 1130 414 nostram

376 455 571 536 omum,

870 537 932 608 Du
955 477 1209 608 Panatcnuo

468 685 664 770 Participlum
694 696 740 752 cst
770 689 862 753 dictio
893 691 1042 772 originem
1076 687 1198 753 trahens
1226 709 1243 752 a
1273 692 1393 754 nornine
1423 700 1454 754 et
1476 711 1494 754 a
1516 691 1612 756 verbo
1643 711 1709 755 cum

328 801 331 806 '
377 803 514 878 tempore
549 805 580 858 et
611 815 684 861 caan
716 808 747 864 et
779 817 900 881 genere.
951 797 1143 882 participium
1178 809 1279 864 autem
1313 799 1428 864 dictum
1461 800 1596 885 ridetur,
1630 800 1708 884 quod

377 912 494 986 partem
518 906 616 988 capiat
640 909 784 992 nominis,
808 916 925 991 partem
950 906 1042 970 verbi.
1089 909 1247 992 participio
1271 908 1413 972 accidunt
1431 928 1447 972 a
1468 913 1590 974 nomine
1614 929 1709 993 genus

378 1022 409 1076 et
432 1031 533 1097 casua,
561 1031 577 1078 a
609 1013 701 1079 verbo
732 1015 860 1100 qualitas
888 1025 920 1080 et
949 1024 1086 1099 tempos,
1115 1015 1152 1080 ab
1182 1025 1314 1102 utroque
1343 1036 1489 1082 numerus
1514 1015 1519 1102 Ι
1544 1029 1577 1082 et
1606 1021 1741 1102 ligurus

377 1139 487 1203 genera
512 1123 678 1208 participiis
697 1123 851 1210 accidunt,
874 1125 1082 1210 masculinum,
1107 1135 1140 1189 ut
1159 1125 1208 1190 hic
1228 1128 1339 1211 lactan,
1363 1127 1556 1210 femininum,
1581 1137 1616 1191 ut
1636 1128 1707 1190 haec

378 1231 464 1315 lacta,
483 1241 638 1318 neutrum,
663 1233 908 1318 alteritatum,
932 1253 1108 1319 commune,
1133 1243 1166 1299 ut
1180 1237 1308 1298 iaciens:
1336 1243 1487 1320 tempora,
1500 1239 1708 1319 praeteritum,

379 1350 412 1404 ut
434 1340 596 1426 iaculatus,
619 1361 777 1428 praesens,
801 1353 834 1408 ut
853 1341 995 1420 iaculans,
1019 1343 1165 1420 laturum,
1190 1351 1224 1407 ut
1242 1343 1438 1408 uculaturua.
1471 1343 1600 1426 quattus
1618 1347 1707 1428 parti·

292 1527 299 1554 y
378 1449 526 1532 elpiorum
546 1453 625 1514 sicut
643 1450 820 1516 verborum:
839 1461 891 1514 aut
910 1455 992 1516 enim
1010 1454 1129 1534 agentia
1148 1464 1220 1518 suut
1239 1463 1291 1517 aut
1308 1453 1453 1536 patientia
1472 1463 1524 1516 aut
1538 1455 1706 1518 communia
1757 1457 1760 1462 “

378 1566 430 1620 aut
453 1567 561 1622 neutra
585 1569 636 1624 aut
660 1559 849 1644 deponentia.
896 1560 1098 1625 convivandus
1123 1580 1183 1625 non
1202 1561 1346 1645 dicimus;
1371 1561 1590 1626 convivandum
1610 1573 1706 1626 tamen
1720 1579 1740 1618 1⁰

380 1666 508 1730 dicimus
532 1669 722 1754 figuralem,
752 1690 810 1754 qua
835 1673 866 1734 in
891 1669 1031 1734 omnibus
1061 1668 1162 1734 verbis
1191 1673 1319 1754 utinm,
1347 1669 1523 1734 luctandum
1551 1671 1626 1734 mihi
1655 1681 1707 1734 est

378 1779 497 1841 numeri
521 1777 595 1862 tluo,
619 1777 780 1862 singularis
805 1787 836 1842 ct
863 1779 996 1863 pluralia.
1044 1778 1157 1862 llgtuae
1185 1778 1277 1862 duae,
1310 1779 1439 1862 simplex
1471 1789 1502 1842 et
1534 1783 1706 1864 composita.

469 1885 547 1950 Sunt
571 1885 664 1952 multa
687 1889 808 1951 nomina
831 1906 909 1970 quae
933 1889 1068 1971 speciem
1091 1889 1320 1971 participiorum
1343 1887 1470 1972 itabant,
1499 1899 1532 1954 ut
1556 1892 1706 1954 tunicatus

377 1992 525 2078 galeatum
558 2013 634 2076 quae
668 1999 742 2074 quia
774 2005 892 2078 partem
919 2016 936 2059 a
964 1995 1058 2059 verbo
1091 2015 1150 2059 non
1185 1995 1311 2080 habent,
1344 2016 1405 2060 non
1438 2006 1522 2061 recte
1552 2000 1706 2082 participia

377 2103 529 2169 dicuntur.
577 2113 649 2168 stant
671 2104 806 2188 aequalia
830 2108 966 2189 aomina,
994 2123 1071 2186 quae
1095 2107 1278 2169 nominativo
1307 2124 1380 2168 casu
1408 2098 1576 2190 participiis
1600 2105 1737 2170 simillae

378 2196 531 2297 ridentur,
558 2223 593 2277 ut
617 2213 718 2277 cultus
741 2233 848 2296 passus
873 2217 969 2298 rmus,
997 2233 1129 2296 quorum
1153 2215 1298 2278 discretio
1322 2212 1524 2280 declinatione
1547 2215 1703 2298 detegitur.

467 2321 543 2385 lllud
577 2321 798 2386 observandum
831 2333 892 2405 eat,
929 2323 1166 2404 inpersonalium
1199 2320 1362 2386 verborum
1395 2325 1517 2387 omnino
1550 2325 1705 2406 participia

377 2450 440 2495 nou
460 2449 542 2512 esee,
562 2433 697 2512 quanvis
715 2432 812 2494 visum
834 2431 925 2499 luerit
945 2430 1076 2495 Salustio
1095 2431 1197 2495 dicere
1217 2425 1483 2514 ‘paenitentem
1503 2426 1704 2515 Lepidum’3

377 2548 409 2602 et
431 2539 559 2621 pudone
609 2538 662 2601 sed
691 2541 786 2622 magia
814 2539 972 2622 appellatio
1002 2558 1092 2621 quam
1120 2542 1312 2623 participium
1340 2549 1402 2623 est,
1430 2531 1449 2604 ὁ
1474 2531 1705 2624 αἰσχυντηρός,

378 2646 459 2711 unde
482 2645 632 2730 inpudens
656 2638 675 2710 ὁ
700 2638 936 2731 ἀναίσχυντος.
1715 2663 1736 2704 2⁰

883 2879 944 2948 Dm
969 2877 1202 2949 ADVERBIO

440 3027 615 3121 ,Adrerhia
638 3038 691 3092 aut
714 3048 786 3093 suae
809 3031 968 3112 positionis
992 3039 1064 3092 stant
1087 3040 1140 3092 aut
1167 3029 1204 3092 ab
1234 3029 1299 3092 aliis
1329 3040 1497 3095 transeunt.
1544 3049 1561 3094 a
1586 3051 1618 3094 ae
1642 3049 1702 3093 nas·

378 3147 504 3221 ceantur,
537 3148 571 3199 ut
601 3136 669 3200 heri
701 3155 813 3221 nuper,
850 3137 887 3200 ab
920 3135 1005 3222 aliis,
1040 3138 1128 3201 docte
1160 3139 1337 3221 prudenter.
1392 3139 1535 3203 adverbio
1568 3138 1704 3202 accidunt

378 3247 557 3328 significatio
581 3248 765 3328 comparatio
789 3247 894 3328 ligura.

470 3353 711 3436 significationes
721 3352 933 3418 adverbiorum
943 3352 1054 3417 maritae
1070 3362 1142 3417 stant
1157 3355 1319 3438 σημασίᾳι
1334 3348 1572 3439 ἐπιρρημάτων
1587 3353 1733 3422 uotiule

471 3519 564 3576 Codex
582 3518 781 3590 Sanpalleuaia.
820 3519 856 3575 11'
869 3519 1053 3576 luctuandum
1130 3527 1163 3575 ta
1177 3520 1247 3591 quia
1260 3538 1311 3578 oau.
1387 3528 1420 3578 to
1435 3521 1569 3580 dicuntur
1582 3525 1619 3582 al.
1634 3541 1702 3581 arca.

377 3602 595 3674 superscriptum
614 3607 653 3656 eet
726 3607 760 3658 te
779 3601 956 3674 penitentem
1028 3607 1063 3657 20
1083 3595 1283 3675 ἀναίσχυντος]
1303 3621 1476 3668 cartennae
1555 3611 1593 3661 aa
1610 3605 1703 3661 adner

377 3685 490 3740 biotam
509 3681 731 3754 significationea
750 3686 817 3739 aunt
836 3682 943 3738 multae
961 3681 1103 3753 significat
1127 3687 1279 3751 (eom-ana)
1304 3683 1379 3739 enim
1403 3687 1517 3756 tempna
1541 3685 1652 3742 linitum
1674 3686 1703 3739 ut

377 3766 527 3838 diequarte
557 3783 598 3826 εις
626 3782 763 3835 ratapant
787 3764 872 3820 hodia
892 3771 997 3835 rapace
1019 3781 1080 3820 erar
1100 3783 1184 3835 nupto
1203 3764 1338 3834 perendie
1361 3783 1433 3837 paru
1457 3785 1508 3836 ιην
1537 3785 1640 3838 caprea
1666 3785 1702 3828 aar

378 3867 412 3916 ap
431 3865 529 3916 τριτηιι
548 3843 595 3901 die
614 3848 716 3914 quarto
736 3863 777 3909 atr
795 3865 829 3915 τη
847 3863 964 3916 aarum
984 3843 1076 3918 upupa
1094 3845 1162 3901 here
1181 3847 1211 3900 et
1228 3845 1291 3901 heri
1310 3849 1384 3917 zdpc

470 4015 504 4066 ta
525 4007 597 4064 Sunt
615 4006 707 4064 multa
724 4007 851 4082 nomina]
873 4007 982 4064 Choria.
999 4013 1152 4080 p.180‚20
1169 4007 1700 4082 Dion.p.402‚231)onaa.p.aae‚ra

417 4097 450 4148 18
469 4106 543 4163 quae
562 4106 627 4146 cum
645 4091 758 4160 partam
781 4088 861 4146 vorbi
884 4106 941 4146 non
963 4088 1090 4145 habeant
1109 4089 1268 4158 wroruiua,
1296 4107 1369 4162 quae
1397 4091 1466 4162 quia
1493 4107 1511 4147 a
1537 4093 1624 4148 verbo
1651 4107 1702 4147 noo

379 4173 497 4229 veniant
519 4171 666 4228 Diomedae
745 4177 778 4228 tr
807 4169 882 4227 Illud
908 4169 1131 4242 obaerrandram]
1160 4170 1253 4226 Diem.
1277 4187 1307 4242 p.
1337 4175 1440 4238 363,19
1515 4179 1549 4228 18
1573 4165 1700 4237 seluto]

379 4254 509 4325 quamvis
539 4252 690 4310 Sallentina
719 4253 824 4309 dixerit
855 4251 886 4308 in
917 4251 1012 4323 prima
1042 4249 1163 4307 historia
1192 4250 1344 4322 ‘Lepidum
1373 4255 1568 4324 paenitentem
1591 4251 1699 4310 conaiti’

381 4336 527 4391 Charinus
540 4351 571 4405 p.
591 4337 694 4399 253,ss
769 4331 1284 4405 aaatvorbia]ctaro.p.1ao‚2u
1357 4339 1391 4389 25
1412 4333 1640 4407 Significationea
1658 4331 1700 4389 ad·

380 4415 554 4488 verbiorum]
575 4414 684 4471 cluna
699 4430 729 4485 p.
750 4420 855 4484 tuma
875 4436 883 4469 :
902 4416 938 4483 of.
957 4413 1052 4468 Diona
1069 4431 1099 4484 p.
1115 4416 1197 4484 404,AE
1218 4455 1224 4468 .
1246 4413 1472 4485 Significatioaaa
1484 4445 1515 4456 -
1528 4421 1624 4485 411,11
1646 4431 1701 4486 pro

380 4496 496 4554 bibendi
515 4513 550 4552 ne
570 4491 609 4568 μή
629 4512 700 4552 nere
719 4492 789 4567 μήτε
808 4497 917 4568 cca-ipta
934 4500 1001 4551 auat
1018 4495 1052 4550 iat
1070 4495 1162 4551 codice
1182 4497 1349 4553 Moaooeaai
1367 4501 1421 4554 ⁶01
1442 4495 1502 4567 (M)
1583 4513 1701 4568 apporta

380 4580 600 4652 aiguiiicationea
617 4579 622 4652 l
638 4597 822 4648 autpnpuron
840 4577 1041 4635 adnerbiorum
1057 4579 1062 4647 Ι
1077 4581 1167 4634 uoltu
1187 4596 1259 4634 ιισιν
1278 4577 1387 4634 multae
1401 4579 1467 4634 aunt
1482 4581 1487 4649 Ι
1503 4595 1637 4649 apparare
1654 4593 1701 4646 per

380 4660 523 4733 aignificat
542 4660 617 4718 enim
633 4663 638 4730 Ι
655 4679 765 4731 gaarma
784 4680 823 4724 aaa
841 4661 954 4730 lempna
973 4661 1006 4714 ut
1024 4661 1067 4728 (iu
1083 4676 1171 4731 aaarp.
1191 4660 1314 4731 linitam)
1330 4661 1335 4730 Ι
1351 4677 1474 4730 caprona
1493 4659 1578 4716 hodie
1597 4661 1603 4729 Ι
1625 4679 1702 4730 euplo

380 4759 443 4798 crau
468 4744 474 4813 Ι
499 4761 571 4814 μετα
594 4761 646 4811 rapa
668 4761 771 4812 capace
796 4740 931 4813 perendie
956 4747 960 4809 1
986 4760 1029 4804 εις
1051 4758 1183 4809 τητριτην
1206 4740 1237 4796 in
1255 4740 1302 4797 die
1320 4740 1406 4797 tertio
1433 4745 1438 4810 Ι
1464 4759 1506 4804 εις
1532 4759 1566 4810 τη
1592 4757 1700 4808 taceare

382 4827 485 4894 quarto
512 4827 516 4893 Ι
544 4843 636 4896 upton
656 4826 730 4894 χθης
757 4823 804 4880 dia
827 4823 889 4879 heri
914 4824 958 4894 (lta
974 4839 1063 4893 uturp.
1084 4823 1206 4892 ethere)
1228 4841 1326 4892 apeme
1349 4840 1441 4892 npapu
1460 4821 1563 4878 audica
1580 4823 1680 4877 tertiata
1699 4822 1701 4890 l

380 4923 447 4975 aepoa
467 4917 521 4975 ope
541 4921 603 4961 aero
620 4907 624 4979 Ι
642 4921 724 4961 mane
743 4921 861 4977 ueapere
877 4911 882 4976 l
899 4923 1006 4974 aaaron
1025 4925 1128 4968 werec
1146 4904 1275 4975 pauperia
1294 4907 1378 4960 nocte
1398 4903 1436 4959 M
