3590 5486
614 327 663 385 bu
684 327 980 387 otufloonarifle
1402 331 1467 399 183

128 443 151 482 p.
166 432 227 474 2³⁰¹.
240 431 255 474 8
268 432 294 474 P.

131 517 197 594 talia
226 536 283 600 per
312 516 330 578 b
359 525 474 580 mutam
502 516 689 601 scribantur,
724 525 824 582 nmen
859 517 916 580 bac
944 507 982 580 dc'
1011 535 1115 602 cauea,
1146 519 1288 600 quoniavn
1319 538 1335 582 a
1367 499 1485 582 verbis

129 627 256 710 figurata
286 611 472 710 consistunt,
507 635 539 690 et
568 627 726 692 sciendum
757 627 837 710 quod
869 644 1080 709 quaecumque
1111 629 1232 690 nomina
1265 611 1335 691 cum
1367 628 1467 692 verbis

130 735 243 798 babent
265 736 455 818 societatem,
480 733 644 797 verborum
666 735 793 820 regulis,
817 745 892 816 quas
917 743 1021 817 postea
1047 732 1145 814 [curn]
1176 735 1244 798 ioco
1268 754 1323 800 suo
1348 721 1491 801 dedcrt·‘

129 863 210 922 inus,
233 845 299 926 ipsa
323 861 445 926 quoque
469 844 642 906 necessario
666 841 876 906 subiacebunt.
1479 847 1486 855 “

102 969 115 1010 s
219 949 266 1013 Bi¹
285 950 388 1034 longa,
418 954 444 1015 si
473 949 658 1035 paenultima
688 951 794 1035 inerit,
830 969 886 1034 per
916 951 937 1014 h
966 946 1081 1016 mutam
1111 952 1278 1038 scribetur,
1310 964 1345 1020 ut
1374 955 1468 1019 iibido
1518 953 1524 973 '
1577 1033 1580 1038 ,

127 1060 237 1142 rubigo
256 1059 370 1124 tibicen
388 1060 519 1124 ambitus
538 1060 706 1124 concubina
726 1059 835 1131 cubile.
869 1060 922 1124 sed
943 1059 1000 1124 boc
1020 1063 1109 1125 ettam
1129 1063 1365 1140 manifestamus,
1385 1058 1481 1146 quod'

127 1169 238 1232 borum
262 1167 408 1251 quaedam
429 1169 434 1248 Ι
455 1171 486 1232 in
510 1169 774 1252 transfiguratione
799 1172 1022 1253 corripiuntur,
1051 1180 1084 1234 ut
1113 1169 1227 1234 tibicen
1249 1169 1337 1256 tibia,
1366 1172 1466 1237 cubile

127 1277 251 1341 cubitus
274 1278 320 1340 vel
344 1277 523 1363 conubium,
552 1295 628 1360 quoe
660 1277 732 1341 licet
754 1279 814 1341 vim
838 1277 996 1368 longarum
1019 1280 1190 1360 amiserint,
1214 1287 1314 1342 tamen
1338 1281 1465 1344 eandem

127 1389 312 1470 scripturam
335 1399 367 1451 et
395 1390 426 1450 in
454 1385 693 1450 derivationibus
722 1387 896 1451 desiderant
924 1386 1087 1450 custodire.
1125 1387 1282 1451 sciendum
1307 1397 1466 1472 practerea

90 1513 114 1553 1⁰
128 1497 224 1581 quod,
247 1500 274 1560 si
297 1499 327 1560 in
352 1497 527 1578 compositis
552 1494 725 1558 nominibus
749 1494 795 1558 vel
819 1497 851 1558 in
875 1493 1131 1576 antepaennltima
1154 1496 1226 1559 sede
1250 1499 1279 1559 vi
1308 1495 1395 1579 longa
1420 1499 1464 1561 in-

129 1606 238 1670 ciderit
261 1583 387 1690 syllaba,
409 1623 465 1687 per
488 1624 506 1664 v
530 1603 661 1667 vocalem
685 1623 742 1686 pro
765 1611 951 1666 consonante
975 1601 1165 1688 scribentur,
1195 1611 1231 1666 ut
1254 1606 1368 1670 invitus
1392 1605 1465 1670 divi-

129 1733 225 1796 genus
250 1712 370 1778 Lavinia
393 1712 583 1796 privilegium
602 1730 637 1775 ac
661 1710 738 1775 talia.
775 1711 948 1793 privignum
968 1713 1058 1774 etiam
1081 1711 1153 1776 huic
1169 1712 1296 1794 ¹regulae
1314 1716 1463 1780 inservire

129 1835 189 1884 nou
213 1821 332 1904 dvnbito,
356 1820 435 1903 quod
459 1839 515 1903 per
538 1820 757 1884 detractionem
782 1838 798 1882 e
822 1817 941 1882 litterae
965 1819 1025 1883 dici
1051 1830 1139 1903 puto:
1167 1824 1357 1906 privigenum
1382 1829 1463 1889 enirn

139 2069 142 2076 ·
219 2038 236 2088 3
257 2049 326 2103 qnae
346 2035 447 2104 posteo
466 2049 530 2088 cum
549 2031 613 2088 loco
632 2048 697 2100 eno,
717 2031 764 2086 sed
782 2031 883 2102 postes
901 2047 957 2088 ros.
975 2030 1013 2102 B,
1033 2047 1106 2103 qnae
1125 2033 1227 2102 postea
1245 2047 1310 2088 cum
1329 2031 1392 2090 loco
1412 2051 1463 2090 suo
1529 2089 1534 2117 1

128 2114 213 2169 codam
231 2112 385 2170 Benenate
403 2117 470 2182 243,
495 2127 567 2184 quse
590 2114 743 2184 propterea
765 2127 830 2168 cum
853 2112 916 2169 loco
939 2129 990 2170 eno
1009 2112 1069 2170 Ao
1140 2119 1156 2170 t
1179 2113 1231 2170 sed
1253 2113 1309 2171 hoc
1328 2114 1417 2172 etiem
1435 2118 1463 2172 A

129 2193 180 2249 sed
198 2193 252 2250 beo
271 2193 359 2250 etium
377 2193 406 2248 B
425 2193 474 2261 sed
493 2193 564 2250 boec
582 2195 613 2248 et
632 2189 657 2248 0
738 2193 815 2264 qnod
832 2194 936 2251 berum
949 2193 977 2250 Β
996 2211 1054 2266 qua
1067 2193 1171 2250 horum
1189 2196 1218 2250 A
1236 2213 1310 2267 quea
1323 2196 1467 2255 huran

10 2269 14 2286 '
182 2279 197 2330 7
222 2274 413 2348 corrumpitur
435 2289 505 2330 corr.
530 2272 721 2346 corripiuntur
743 2275 772 2330 B
867 2281 884 2332 8
908 2276 1064 2333 amiserunt
1087 2273 1147 2332 AO
1243 2283 1260 2334 9
1283 2281 1314 2335 et
1336 2277 1368 2334 in
1391 2296 1462 2336 corr.

127 2354 214 2410 etium
233 2353 264 2410 in
281 2354 311 2409 B
376 2360 411 2410 10
430 2353 506 2427 quod
525 2353 679 2426 etoquia
698 2355 768 2414 ei'B
788 2373 806 2428 q
825 2355 850 2412 si
869 2358 909 2413 A
961 2358 1008 2430 vel
1027 2357 1057 2413 iu
1075 2360 1303 2431 antepenultima
1318 2360 1416 2417 sedem
1433 2361 1462 2416 B

127 2434 172 2489 uel
187 2433 218 2490 in
233 2435 467 2508 antepenultimis
481 2435 547 2492 redd
564 2434 589 2491 0
603 2435 634 2492 in
647 2436 810 2510 penultima
822 2441 888 2494 ente
903 2439 1064 2510 penultimo
1077 2439 1146 2497 aede
1161 2441 1188 2496 A
1245 2447 1279 2496 12
1298 2441 1396 2499 leuius
1410 2442 1465 2499 AO

179 2514 368 2582 desserviret)
440 2523 473 2573 1³
498 2515 574 2588 quod
597 2535 650 2590 per
668 2521 697 2575 A
715 2537 789 2592 quae
813 2537 864 2594 per
882 2520 943 2578 Bo

588 2833 775 2892 MARTYBll
794 2835 844 2892 DE
864 2835 888 2892 Β
907 2836 955 2893 ΕΤ
975 2836 1001 2891 V

125 3024 229 3089 causa,
253 3006 395 3086 quoniam
419 3021 435 3065 a
459 3002 559 3066 verbis
584 3005 711 3086 figurata
735 3007 918 3090 consistunt,
948 3015 978 3068 et
1006 3007 1164 3070 sciendum
1188 3008 1268 3090 quod
1298 3027 1459 3090 quaecum·

125 3134 183 3196 que
208 3115 424 3176 nomina'cum
449 3109 548 3174 verbis
571 3111 684 3175 babent
708 3115 897 3199 societatem,
921 3113 1083 3178 vorborum
1104 3116 1230 3202 regulis,
1255 3137 1330 3199 quas
1353 3128 1458 3202 postea

126 3224 190 3286 loco
215 3241 271 3286 suo
295 3221 483 3304 dederimus,
507 3223 571 3302 ipsa
597 3240 718 3303 quoque
744 3240 870 3286 necesse
894 3221 1079 3286 subiaceant

152 3389 154 3394 ,
214 3330 250 3394 Βὶ
269 3329 367 3413 longa,
386 3332 413 3393 si
431 3329 615 3412 paenultima
635 3329 736 3413 fuerit,
754 3349 812 3412 per
830 3331 849 3393 b
869 3341 983 3394 mutam
1003 3331 1164 3418 scribetur,
1188 3343 1222 3397 ut
1240 3333 1332 3398 libido
1353 3335 1460 3418 rubigo

99 3439 237 3503 stibieen
258 3437 389 3502 ambitus
409 3438 579 3502 concubina
599 3437 707 3502 cubile.
736 3438 789 3501 sed
809 3439 866 3501 boc
888 3443 978 3512 etiam
993 3443 1229 3520 manifestamus,
1250 3443 1329 3525 qvvovl
1351 3444 1460 3508 horum

126 3547 271 3630 quaedam
300 3549 331 3609 in
359 3547 623 3631 transfiguratione
653 3550 876 3631 corripiuntur,
904 3558 939 3611 ut
961 3549 1074 3612 tibicen
1105 3550 1190 3634 tibia,
1215 3551 1315 3615 cubile
1339 3551 1460 3616 cubitus

125 3655 170 3718 vei
194 3654 392 3739 concubium,
416 3674 492 3738 quae
515 3655 587 3719 licet
606 3658 665 3718 vim
685 3656 842 3738 longarum
862 3659 1031 3742 amiserint,
1056 3666 1156 3721 tamen
1180 3659 1306 3723 eandem
1331 3663 1459 3743 scriptu·

126 3783 188 3826 ram
218 3767 309 3828 etiam
337 3767 368 3827 fn
397 3767 598 3828 remutatione
627 3782 748 3827 servare
777 3764 959 3830 desiderant.
997 3766 1154 3830 sciendum
1184 3777 1340 3849 praetcrea
1370 3769 1460 3852 quod,
1501 3841 1503 3844 ¹

61 3863 63 3866 ’
112 3876 149 3936 si
183 3876 214 3936 in
248 3875 423 3956 compositis
456 3871 629 3935 nominibus
663 3872 709 3935 vel
742 3873 995 3956 antepaennltima
1030 3875 1101 3939 sede
1136 3878 1165 3937 vi
1197 3875 1285 3957 longa
1318 3878 1460 3940 inciderit

87 3999 110 4039 ιο
124 3980 251 4065 syllaba,
284 3999 340 4063 per
367 3999 385 4040 v
419 3979 551 4043 vocalem
583 3999 639 4063 pro
669 3993 853 4046 consonante
888 3983 1054 4068 scribetur,
1089 3995 1122 4048 ut
1154 3987 1267 4047 invitus
1301 3985 1459 4066 divigenus

123 4089 245 4154 Lavinia
275 4087 466 4172 privilegium
495 4107 530 4152 ac
560 4089 636 4152 talia.
675 4093 846 4172 privignum
870 4095 960 4154 ctiam
984 4093 1054 4155 huic
1080 4093 1201 4175 regulae
1225 4095 1372 4155 inservire
1398 4112 1458 4156 non

123 4199 245 4281 dubito,
268 4199 338 4279 quia
361 4216 417 4279 per
441 4196 660 4260 detractionem
684 4217 701 4260 e
725 4197 843 4262 litterae
868 4199 927 4264 dici
951 4211 1039 4282 pino:
1062 4203 1253 4282 privigenum
1277 4203 1359 4263 enim
1383 4203 1458 4264 inte-

123 4327 209 4402 gram
232 4309 329 4389 magis
352 4325 419 4368 esse
444 4305 606 4368 dictionem
631 4315 736 4370 noster
759 4308 1074 4372 animusarbitratur.
1112 4309 1308 4372 admonemus
1336 4328 1458 4391 quoque

47 4404 49 4410 ’
123 4417 205 4500 quod
234 4418 266 4479 in
294 4411 467 4479 derivativis
501 4413 549 4476 bic
578 4417 682 4498 etiam,
715 4418 795 4479 sicut
828 4415 954 4503 ubique,
987 4417 1191 4500 spectabimus
1223 4419 1457 4500 primiformium

213 4633 231 4683 2
251 4643 269 4683 a
287 4627 382 4684 verbis
402 4626 511 4684 babent
530 4624 559 4679 P
573 4623 667 4680 verbis
686 4625 813 4682 babeant
831 4627 866 4684 N
922 4634 940 4684 4
958 4627 1057 4700 robigo
1078 4627 1107 4682 P
1162 4635 1178 4684 o
1199 4627 1415 4686 manifestamus
1434 4629 1463 4686 P

122 4706 368 4766 manifestavimus
386 4707 421 4764 Ν
491 4705 621 4764 tcubile
640 4723 691 4764 om.
710 4706 749 4776 N,
769 4710 834 4766 odd.
854 4709 883 4766 P
953 4709 1035 4766 ivel
1054 4709 1227 4767 coenubium
1245 4709 1285 4783 N,
1304 4729 1356 4770 cor.
1377 4712 1406 4769 P

124 4790 248 4846 sedum
266 4805 318 4846 om.
337 4787 377 4858 N,
396 4789 461 4846 odd.
483 4788 513 4843 P
593 4789 622 4845 in
641 4789 798 4848 remotione
818 4790 846 4845 P
933 4789 1016 4846 trel
1034 4796 1059 4846 et
1078 4791 1144 4848 sede
1163 4807 1214 4848 om.
1234 4792 1273 4861 N,
1292 4794 1358 4850 odd.
1379 4793 1407 4850 P

126 4877 158 4928 10
177 4871 318 4928 scribetur
335 4869 365 4925 P
381 4869 539 4928 scribentur
557 4869 591 4926 N
662 4877 695 4928 12
715 4871 790 4929 enim
809 4889 860 4929 om.
880 4873 920 4943 N,
943 4875 1007 4930 odd.
1030 4874 1059 4930 P
1132 4881 1166 4929 14
1188 4875 1379 4946 spectavimus
1397 4875 1461 4934 NP
