3616 5482
613 347 662 403 DE
682 345 980 404 Olt'l'HOiiitAPHilt
1396 347 1460 414 147
1515 398 1517 402 .

66 449 69 454 ·
125 457 148 496 a.
163 447 217 489 arar
232 446 258 488 a.

126 621 294 698 arrum
314 621 447 698 oram
461 601 881 720 calamannus,
894 620 1192 698 runicuuras
1212 623 1277 698 nx
1294 622 1464 711 comus

125 747 420 826 arcusarcus
440 749 696 826 scamnum
713 749 915 825 romum
933 749 1119 826 homno
1138 748 1464 824 rainerium

610 875 861 952 conuocat
889 875 980 951 aar
1032 942 1036 948 .

332 1040 346 1103 l
373 1039 417 1104 lix
441 1043 563 1106 Annaeo
588 1037 724 1104 Cornuto
748 1039 785 1103 dc
810 1041 1019 1116 enuntiatione
1043 1039 1090 1102 rel
1114 1039 1328 1123 orthographia

99 1159 113 1201 ὁ
320 1148 348 1211 ll
375 1148 420 1214 Ex
444 1148 527 1214 Velio
550 1146 653 1231 Longo

303 1256 345 1320 lll
372 1255 418 1320 lix
442 1257 547 1320 Curtio
571 1255 728 1320 Valeriano

292 1364 348 1429 llll
376 1365 420 1430 Ex
444 1365 603 1449 Papiriano

320 1472 345 1533 V
371 1473 416 1536 Ex
440 1473 616 1537 Adamantio
639 1473 783 1556 Martyria
807 1473 844 1537 de
869 1471 887 1535 h
912 1481 983 1536 atr

308 1578 345 1643 Vl
373 1580 418 1645 E'x
441 1581 584 1664 lilartyrlo
609 1583 646 1645 de
671 1581 778 1645 mediis
802 1579 924 1664 syllabis

88 1703 114 1744 ιο
291 1687 345 1752 Vll
376 1688 420 1753 Ex
445 1690 551 1754 eodem
576 1689 613 1754 de
637 1691 751 1754 ultimis
775 1689 897 1772 syllabis

278 1795 344 1860 Vlll
371 1797 417 1861 Ex
441 1799 548 1862 eodem
571 1799 609 1862 de
632 1797 652 1862 b
675 1798 777 1863 littera
800 1798 948 1861 trifariam
971 1799 1003 1860 in
1028 1799 1149 1862 nomine
1173 1801 1271 1884 posita

264 1903 345 1968 Villi
372 1905 518 1990 Eutychis
542 1906 579 1970 da
603 1906 807 1992 adspiratione

317 2013 345 2076 X
372 2013 417 2077 Ex
441 1991 588 2078 Caesellio
611 2015 815 2099 orthographo
840 2014 966 2079 collecta
990 2022 1062 2076 suut

305 2121 347 2186 xi
374 2121 420 2185 Ex
443 2121 537 2186 Lucio
561 2122 691 2187 Caecilio
714 2124 839 2188 Vindice
863 2124 1008 2188 dellorata
1033 2131 1105 2186 suut

89 2249 116 2291 aa
290 2227 347 2293 xii
374 2229 419 2293 Ex
442 2230 598 2294 Prisclauo
622 2231 768 2296 moderno
791 2241 916 2296 auctore
941 2232 1083 2314 decerpta
1109 2239 1188 2295 sunt

219 2374 453 2439 Commemorati
481 2384 554 2439 sunt
580 2385 721 2440 auctores
749 2377 995 2460 orthographiae,
1023 2396 1060 2441 ex
1090 2378 1201 2459 qtrihus
1232 2377 1318 2441 alii'
1310 2396 1392 2463 apso,
1417 2377 1466 2440 alii

8 2453 10 2550 l
126 2493 356 2567 praeposterato
376 2483 483 2548 ordine
502 2483 610 2547 similia
630 2485 751 2571 dicunt,
774 2485 824 2549 alii
843 2504 919 2548 uero
934 2485 1054 2548 diversa
1073 2485 1258 2550 describunt
1292 2486 1346 2550 sed
1365 2489 1464 2548 omnia

8 2597 9 2660 3
127 2591 216 2656 nobis
247 2591 384 2656 absolute
413 2612 502 2657 nosse
532 2595 701 2658 conveniet
738 2614 807 2658 nam
836 2603 868 2657 et
895 2593 939 2656 illi
966 2597 1018 2677 qui
1045 2597 1130 2677 paria
1162 2595 1267 2658 dicunt
1296 2596 1466 2658 communia

8 2683 9 2732 Ὗ
126 2700 208 2764 dicta
228 2701 421 2785 confirmant,
445 2710 475 2764 et
498 2703 549 2766 isti
573 2704 625 2784 qui
645 2706 726 2766 varia
744 2711 862 2786 ponunt
880 2722 935 2786 per
954 2701 1046 2765 rerba
1065 2703 1242 2787 multiplicia
1262 2712 1466 2787 commouent,

86 2831 114 2873 ro
128 2827 221 2892 quern
249 2811 285 2873 ad
314 2810 437 2874 modurn
467 2809 601 2874 scribere
625 2811 789 2875 debeamus
813 2820 844 2875 et
866 2812 957 2892 loqui
993 2830 1075 2875 nttnc
1099 2813 1173 2875 ordo
1198 2815 1382 2897 scripturae,
1410 2815 1464 2896 qui

128 2917 167 2980 ab
190 2920 323 3000 antiquis
346 2919 465 3002 positus
489 2921 698 3003 cognoscitur,
721 2919 819 2982 nihilo
839 2923 939 2984 minus
963 2930 1010 2984 est
1033 2920 1191 2985 dicendus.

129 3129 146 3196 I
161 3129 340 3198 ANNAEI
355 3087 553 3198 coRNvui
567 3129 628 3198 DE
643 3128 989 3198 ENVNTIATIONE
1005 3131 1094 3200 VEL
1109 3133 1467 3202 ORTHOGRAPHIA
1558 3214 1561 3224 Ι

463 3280 465 3284 v
578 3235 681 3306 ISTA
699 3236 882 3306 RELATA
901 3237 1019 3308 SVNT

221 3388 425 3452 Animadverti
454 3387 614 3472 quosdam,
643 3389 750 3453 Aemili
777 3391 886 3472 amice,
916 3389 1052 3454 emditos
1082 3395 1173 3456 etiam
1197 3413 1226 3456 m
1254 3393 1386 3457 litteram
1410 3411 1466 3454 nec

88 3503 116 3544 ²⁵
130 3499 184 3563 uhi
212 3508 351 3581 oporteat
379 3498 515 3562 dicentes
544 3515 601 3558 nec
630 3495 682 3558 uhi
710 3504 849 3577 oporteat
876 3500 1110 3581 supprimentes.
1161 3500 1220 3565 hoc
1249 3521 1287 3565 ne
1316 3502 1368 3564 irat
1396 3500 1467 3564 hinc

129 3607 286 3670 observari
308 3609 436 3690 poterit,
460 3609 486 3668 si
509 3605 598 3668 siruul
622 3604 784 3687 subiciam,
808 3604 907 3686 siquid
932 3605 969 3667 ad
993 3616 1107 3669 rectam
1127 3610 1309 3690 scripturam
1334 3611 1468 3691 pertinet

8 3751 9 3756 κ
129 3725 162 3777 et
191 3715 228 3777 ad
257 3715 435 3778 duetorem
464 3713 652 3798 syllabarum.
690 3717 783 3797 igitur
812 3715 836 3775 si
865 3713 926 3776 duo
951 3713 1040 3776 verba
1072 3717 1308 3801 coniungantur,
1337 3736 1466 3798 quorum

129 3825 216 3904 prius
242 3841 271 3885 m
301 3831 517 3888 consonantem
546 3825 738 3887 nouissimam
766 3819 888 3903 habeat,
916 3825 1070 3904 posterius
1099 3841 1115 3886 a
1144 3823 1238 3900 vocali
1266 3827 1404 3910 incipiat,
1437 3845 1466 3887 m

223 4095 453 4153 iINOIPlUN'l'
472 4095 600 4153 TITULI
619 4094 677 4150 AO
738 4093 829 4150 'l'itnli
848 4125 882 4137 -
902 4095 1024 4154 collecta
1043 4100 1087 4153 est
1105 4113 1156 4153 om.
1175 4097 1205 4152 Β
1275 4098 1354 4154 tEx
1373 4115 1464 4172 agneo

128 4175 199 4244 BG,
218 4177 370 4234 inlomrrta
383 4179 672 4235 murhrcaorumoru.
686 4176 733 4245 A.,
751 4175 933 4236 ExGneos.
953 4177 1214 4251 ExAgnaeoetr'u
1227 4195 1314 4250 marg.
1336 4179 1466 4238 Annaeo

129 4260 247 4330 quidam
272 4259 388 4316 νείκε’
411 4259 524 4329 Ocra-io,
549 4259 622 4332 quod
647 4259 749 4328 recepi,
773 4276 942 4330 qmrrpuom
965 4261 1093 4316 dubitari
1112 4266 1203 4331 potest
1226 4277 1266 4316 ort
1284 4262 1419 4332 Agnes
1406 4279 1466 4333 epse

131 4341 328 4400 &modarius
346 4343 489 4413 scripserat
562 4341 754 4412 'tpapyriano
772 4341 801 4395 Β
878 4341 1044 4398 amartiric
1062 4347 1212 4465 atroposti
1197 4345 1255 4398 loco
1273 4341 1411 4400 AOPcr

132 4485 164 4534 li
184 4475 342 4534 trifariaG
395 4477 500 4534 inncne
519 4477 641 4550 positam
655 4475 683 4530 Β
740 4482 773 4531 12
795 4476 912 4549 Entycia
926 4480 953 4535 A
974 4479 1081 4536 huticis
1096 4477 1121 4535 0
1136 4425 1242 4534 hinchic
1255 4477 1284 4532 Β
1300 4477 1384 4535 uticii
1398 4479 1465 4538 Por.

130 4557 194 4652 En
190 4559 294 4616 Entice
314 4574 331 4619 ς
350 4557 392 4616 Ex
411 4559 539 4630 Eutyche
560 4557 661 4614 Carrio
719 4563 752 4613 13
772 4555 894 4614 Cerellio
913 4557 1006 4614 ABG
1060 4565 1094 4616 18
1113 4558 1284 4616 conuenient
1297 4559 1388 4615 ABG
1401 4576 1466 4616 con·

130 4620 247 4701 uenite
313 4646 347 4696 it
367 4641 460 4714 Agnei
478 4638 573 4697 ABG
590 4637 664 4695 Gnei
682 4653 699 4697 ς
717 4639 828 4710 Agnaei
848 4639 948 4698 Carrio
1012 4645 1046 4694 23
1066 4638 1124 4694 ista
1142 4639 1234 4696 relata
1252 4642 1319 4695 aunt
1337 4657 1389 4696 om.
1410 4641 1435 4698 G

131 4726 167 4776 24
181 4719 261 4777 emili
277 4719 392 4781 Anca
456 4727 492 4778 it
512 4720 662 4778 obseruare
682 4719 706 4776 0
768 4726 802 4778 28
823 4721 912 4794 prius]
932 4720 1055 4793 primum
1070 4721 1098 4775 A
1117 4719 1266 4791 primusO
1327 4723 1468 4793 posterius

132 4816 152 4857 a
174 4801 270 4858 cocali
296 4804 349 4858 ant
374 4802 522 4860 nccalibns
547 4801 667 4874 incipiat
691 4801 720 4857 A
745 4802 887 4873 posterius
912 4819 930 4873 a
950 4799 1066 4872 openly}
1088 4817 1106 4855 a
1129 4799 1278 4856 uocalibua
1301 4801 1422 4873 incipiat
1446 4803 1471 4859 0

8 4891 9 4968 p
132 4881 292 4954 posterius.
310 4883 410 4952 (durio
427 4884 522 4940 littero
539 4888 565 4939 rt
582 4884 772 4954 suparatpta
790 4885 818 4954 a)
838 4883 931 4940 cocali
950 4900 1022 4956 quae
1042 4900 1060 4940 a
1078 4881 1227 4940 coctilibus
1246 4881 1368 4955 incipiat
1385 4881 1414 4938 Β

8 4973 9 4992 ’
1196 4973 1250 5030 10*
