3616 5482
103 376 118 386 ·
240 415 246 422 .
338 351 404 419 ιιι
782 303 784 308 ’
887 301 1120 410 caesionem

332 465 354 504 Ρ.
370 455 430 497 2198.
446 455 473 496 99
486 453 511 497 P.

332 548 541 622 nuncupetur,
569 546 604 602 ut
631 535 728 602 lanam
757 539 920 622 signillcet:
948 537 1007 604 hoc
1031 539 1127 604 vellus
1151 541 1231 608 enlm
1255 538 1350 604 buius
1374 539 1494 605 velleris
1525 539 1606 602 iacit
1643 542 1669 601 si
1763 600 1767 608 .

331 657 434 710 autem
461 666 517 730 per
545 645 564 710 b
593 656 706 712 mutam
736 657 872 732 notetur,
906 667 1017 731 genere
1047 649 1214 713 masculino
1243 667 1278 714 ac
1306 649 1505 715 declinatione
1535 647 1669 712 secunde

332 754 547 841 declinabitur,
575 767 609 820 ut
632 760 742 820 scitum
766 756 940 822 denuntiet:
968 761 1016 822 iiic
1041 761 1123 822 enim
1152 757 1250 823 bellus
1274 759 1365 824 buius
1388 759 1472 841 belli,
1500 761 1597 822 scitus
1622 755 1669 818 rcl
1713 811 1719 824 .

333 865 467 948 iocosus,
491 883 547 948 per
566 884 654 928 casus
673 863 882 929 declinabitur.
904 867 910 946 1
930 865 972 937 til
990 866 1100 950 syllaba
1116 868 1146 944 si
1165 868 1258 932 luerit
1277 866 1473 952 antecedens,
1496 887 1514 928 r
1535 865 1669 929 vocalem

332 971 455 1036 habebit
478 991 533 1055 pro
558 981 758 1056 consonante,
781 981 815 1036 ut
840 973 926 1036 villus
951 977 1137 1058 vestimenti,
1161 973 1228 1038 villa
1252 977 1414 1058 possessio.

422 1079 486 1144 Van
510 1089 542 1144 et
570 1099 628 1144 ren
652 1091 684 1145 et
712 1083 761 1144 rin
790 1079 919 1163 syllabae
949 1099 966 1142 r
990 1081 1123 1145 vocalem
1153 1081 1307 1150 nabebunt
1330 1101 1386 1166 pro
1411 1091 1610 1168 consonante,
1635 1094 1669 1147 ut

333 1206 450 1252 rannus
472 1197 582 1254 ventus
605 1189 745 1254 vindicta.

424 1295 484 1380 Vap
511 1299 669 1380 praefinita
697 1297 808 1381 syllaba
837 1317 855 1358 r
885 1298 1018 1360 vocalem
1046 1297 1170 1363 babebit
1197 1318 1254 1382 pro
1283 1309 1483 1384 consonante,
1510 1309 1545 1368 ut
1572 1318 1667 1384 vappa

141 1391 170 1412 '‘
208 1475 214 1487 ,
331 1394 472 1490 ὑδαρής.
510 1406 583 1470 alias
606 1407 724 1471 vocales
749 1409 829 1470 inter
853 1425 871 1467 r
894 1416 925 1469 et
948 1425 967 1488 p
992 1405 1152 1471 coloeatas
1176 1409 1277 1472 iuveni
1301 1408 1441 1471 deiicere.

425 1587 438 1635 1
455 1585 636 1654 nuncupatur
649 1583 677 1639 A
732 1580 967 1654 ttdeclinabitnr]
983 1580 1177 1640 declarabitur
1190 1582 1220 1638 Β
1276 1581 1519 1656 bpossesaicAG'
1529 1582 1627 1654 possin
1640 1582 1668 1637 Β

333 1661 482 1734 possessio.
516 1662 586 1720 Bam
611 1663 698 1720 etiam
722 1663 869 1721 vocalibus
893 1661 958 1718 aliis
980 1660 1235 1719 interredentibus
1257 1662 1287 1720 in
1310 1662 1404 1735 prima
1427 1663 1539 1737 syllaba
1561 1662 1669 1719 callim

332 1743 454 1800 nominis
469 1743 613 1800 enuntiari
628 1745 761 1816 οοςιιοιί,
781 1743 836 1802 nisi
849 1744 879 1800 in
894 1744 1126 1816 glossematibus,
1145 1745 1296 1802 &manum
1315 1742 1469 1815 ὀξοτιὶοιον
1483 1748 1570 1816 alque
1589 1745 1669 1802 barn

332 1825 398 1882 balo
409 1821 571 1896 demordet
587 1839 661 1896 quas
671 1826 751 1896 patb
766 1829 876 1884 mutam
886 1827 1048 1885 scribuntur
1058 1843 1076 1887 ς
1085 1833 1110 1883 et
1121 1826 1222 1883 Carrio
1231 1828 1319 1898 antiq.
1331 1827 1388 1884 lect.
1399 1827 1443 1883 II
1449 1831 1484 1884 2t
1493 1828 1638 1898 cfip.167,
1652 1831 1669 1882 7

792 2073 980 2138 amman
999 2079 1049 2137 nu
1069 2057 1092 2137 n
1112 2079 1206 2138 arv

221 2262 227 2270 ·
332 2247 424 2312 buiris
448 2245 535 2333 belli,
564 2251 659 2312 scitus
683 2247 730 2311 vel
753 2216 888 2334 ircosus,
918 2251 973 2333 per·
996 2247 1085 2314 casus
1109 2249 1286 2314 declinatur.
1328 2250 1367 2314 rii
1391 2251 1502 2334 syllaba
1525 2251 1551 2312 si
1575 2250 1669 2312 luerit

332 2357 529 2439 antecedens,
557 2377 573 2417 r
598 2357 730 2420 vocalem
759 2357 883 2422 babebit
911 2378 966 2442 pro
991 2368 1200 2441 consonante,
1220 2368 1254 2421 ut
1277 2358 1366 2422 villus
1390 2349 1409 2423 ὁ
1433 2354 1575 2442 putide,
1599 2356 1667 2419 villa

313 2453 360 2556 'd'
372 2455 487 2548 ἀγρός.
521 2465 567 2528 ιοΙ
587 2467 713 2548 primam
734 2470 865 2530 nominis
884 2465 1026 2547 syllabam
1042 2484 1142 2546 neque
1163 2465 1285 2528 brevem
1305 2467 1408 2529 invem
1421 2485 1520 2549 neque
1539 2464 1668 2548 longam,

219 2603 223 2610 ·
332 2575 390 2636 nisi
415 2575 582 2656 antiquitus
604 2575 731 2657 prorui
755 2577 928 2658 figuratam,
952 2583 987 2638 ut
1006 2573 1104 2660 voltus
1123 2593 1179 2656 pro
1199 2593 1235 2636 eo
1255 2574 1336 2657 quod
1356 2583 1404 2638 est
1423 2573 1536 2657 vultus,
1559 2572 1668 2636 uolnus

331 2700 388 2763 pro
412 2681 521 2746 vulnus
545 2691 576 2746 et
598 2683 714 2747 similia.
753 2703 829 2766 quae
859 2687 885 2747 si
914 2681 1007 2746 libido
1037 2683 1130 2746 luerit
1153 2681 1310 2766 adhibere,
1338 2684 1421 2745 iuxta
1444 2684 1593 2745 rationem
1617 2680 1696 2744 rulc

331 2789 461 2872 syllabae
486 2793 656 2855 necessario
681 2791 870 2877 scribentur,
898 2811 954 2876 per
978 2812 995 2852 r
1024 2791 1195 2874 digammon
1220 2789 1350 2874 scilicet,
1380 2799 1413 2852 ut
1437 2789 1537 2854 vultus
1562 2788 1669 2870 urrlgus

333 2898 438 2980 vulpes
457 2899 558 2963 vultur
573 2899 738 2986 Vulcanus;
759 2902 839 2967 bulla
859 2905 971 2984 quippe
989 2908 1091 2964 notata
1106 2899 1295 2962 solummodo
1315 2901 1398 2961 iuxta
1418 2917 1508 2980 quam
1527 2899 1669 2980 superius

333 2999 471 3070 dedimus
495 3011 652 3074 rationem.

423 3115 497 3178 Bam
517 3125 549 3179 et
567 3116 720 3181 recubos
738 3116 806 3180 aliis
825 3114 1097 3195 intervenientibus
1116 3117 1148 3177 in
1167 3117 1265 3197 prima
1284 3115 1395 3198 syllaba
1411 3116 1523 3180 nullius
1537 3118 1670 3179 nominis

332 3227 485 3288 enuntiari
512 3227 654 3308 cognovi,
682 3227 741 3288 nisi
764 3228 795 3288 in
819 3223 1051 3306 glossematibus
1073 3222 1192 3286 bamma
1216 3214 1389 3308 ὀξύγαρον
1412 3234 1502 3306 atque
1531 3223 1669 3286 bambalo
1687 3247 1712 3286 ιο

332 3321 351 3395 ὁ
371 3324 567 3415 desidederia,
592 3351 668 3414 quae
693 3352 749 3417 per
766 3331 787 3395 b
806 3339 920 3394 mutam
940 3329 1125 3394 scribuntur.
1167 3349 1223 3393 van
1243 3351 1298 3393 ven
1319 3335 1368 3395 rin
1393 3331 1558 3414 syllabast
1582 3349 1669 3394 roca·

332 3441 390 3504 lem
415 3441 570 3505 habebunt
592 3459 648 3522 pro
673 3451 872 3523 consonante,
902 3447 936 3502 ut
959 3457 1075 3502 rannus
1099 3447 1207 3502 ventus
1230 3439 1370 3502 vindicta.
1413 3439 1473 3502 lton
1496 3437 1559 3504 bun
1583 3439 1669 3521 sylla·

332 3548 470 3612 bastron
495 3551 596 3612 invem
621 3555 816 3633 praepositas.
852 3577 858 3586 ·

424 3655 485 3739 Vap
513 3658 671 3740 pracllnlta
699 3660 810 3742 syllaba
838 3679 856 3720 r
884 3658 1017 3721 vocalem
1045 3656 1168 3720 babebit
1196 3675 1252 3739 pro
1281 3667 1481 3741 consonante,
1512 3665 1546 3720 ut
1576 3663 1689 3738 eappa*

425 3832 547 3888 tacitus
566 3831 613 3887 rel
631 3831 742 3890 iocosae
762 3833 790 3888 P
804 3831 893 3889 scitus
912 3851 949 3889 an
967 3832 1047 3889 locus
1065 3831 1099 3886 N
1169 3831 1324 3888 shabebat
1342 3830 1372 3886 P
1385 3831 1518 3888 babuerit
1537 3831 1571 3885 N
1637 3831 1672 3886 nt

332 3917 406 3972 villa
424 3914 510 3971 villus
528 3917 559 3970 et
577 3913 646 3984 qnia
664 3915 724 3986 (lep.
745 3917 830 3986 quaa)
850 3931 884 3970 ex
902 3929 936 3970 eo
959 3912 1147 3968 badccmtnr
1164 3907 1299 3968 villatum
1318 3917 1348 3970 et
1366 3914 1501 3970 villosam
1521 3911 1571 3969 sed
1594 3911 1672 3968 inter

332 3997 403 4054 baec
421 3996 474 4052 illa
492 3997 536 4052 est
553 3993 715 4052 differentia
732 3997 808 4066 quod
826 3999 888 4051 arte
906 3993 1039 4050 villatum
1054 3990 1177 4049 eflicitur
1190 3995 1292 4050 natura
1313 4011 1382 4050 aero
1401 3985 1574 4052 exornatum.
1588 3993 1672 4050 villo-

333 4096 396 4135 sum
419 4078 484 4135 ideo
508 4081 539 4134 et
561 4075 705 4148 Vergilius
728 4079 810 4145 (Aen.
836 4074 925 4129 VIII
947 4074 1014 4144 177)
1037 4071 1111 4129 dixit
1133 4073 1230 4130 villosi
1255 4075 1331 4145 pelle
1356 4075 1454 4133 leonis.
1490 4075 1545 4133 Vol
1571 4075 1601 4131 P

277 4191 282 4196 ·
333 4160 529 4232 tmtiqnitns
551 4175 603 4230 pro
622 4157 672 4213 rul
699 4157 852 4230 figuratum
874 4157 907 4209 nt
925 4154 1035 4210 rollum
1059 4171 1111 4226 pro
1129 4154 1212 4210 vnltn
1232 4157 1262 4212 et
1280 4156 1381 4213 solnm
1400 4173 1452 4229 pro
1471 4173 1505 4214 eo
1523 4157 1601 4229 quod
1627 4161 1673 4214 eet
1754 4179 1758 4190 ·

333 4241 436 4298 vulnus
457 4241 486 4296 P
506 4239 664 4312 antiquitas
689 4256 741 4311 pro
760 4236 810 4293 sul
828 4235 982 4306 figuratum
1001 4239 1034 4292 ct
1055 4237 1132 4306 qnod
1152 4239 1197 4294 est
1215 4237 1309 4294 voltus
1328 4238 1429 4294 volnus
1449 4254 1500 4310 pro
1518 4237 1622 4294 rnlnus
1641 4239 1688 4318 n·-

388 4331 404 4380 b
424 4323 539 4380 libitum
558 4321 645 4378 merit
659 4317 791 4377 adhiberi
811 4315 839 4370 P
912 4315 1048 4386 'lanipes
1068 4316 1097 4371 P
1110 4318 1207 4390 vulpis
1226 4317 1260 4373 N
1333 4324 1366 4374 10
1385 4316 1622 4390 glosemmatibus
1641 4319 1676 4374 Ν
1746 4366 1751 4376 .

388 4405 525 4462 bammun
544 4403 572 4458 P
660 4409 693 4458 ll
715 4401 877 4457 scribuntur
895 4401 933 4469 qia
953 4411 1057 4469 graeca
1075 4414 1136 4454 esse
1155 4397 1291 4470 pler-aque
1310 4397 1504 4470 intellegimus
1524 4397 1671 4455 bammum

335 4487 411 4542 enirn
430 4505 488 4542 caro
507 4505 559 4541 τον
578 4487 758 4558 εμβληματος
776 4480 885 4538 dietum
904 4494 966 4534 esse
985 4477 1109 4534 arnitm
1127 4479 1261 4536 bambalo
1280 4495 1347 4534 raro
1366 4480 1528 4535 nominatus
1547 4483 1592 4536 est
1612 4501 1672 4537 απο

334 4588 384 4623 rou
404 4569 597 4640 βαμβαλυζειν
616 4565 692 4636 quod
716 4565 761 4621 iiii
790 4581 888 4634 ceneta
911 4558 1135 4630 interpretantur
1154 4561 1387 4633 βαμβακειιτοιαν
1406 4579 1458 4630 την
1477 4577 1617 4629 pascatur
1636 4583 1673 4632 ην

310 4669 383 4703 ,και
407 4665 645 4720 φαρμαιεοτοιαν
668 4645 825 4702 nominant.
854 4643 918 4700 Van
939 4641 967 4696 P
1040 4648 1075 4697 lt
1097 4641 1162 4714 Vap
1188 4642 1354 4713 praeposita
1374 4641 1486 4713 syllaba
1505 4659 1522 4696 r
1541 4642 1673 4700 vocalem

285 4749 289 4754 ·
335 4729 455 4784 habebit
477 4745 529 4798 prc
552 4731 725 4784 consonante
749 4729 782 4782 nt
806 4741 902 4796 vappa
924 4724 1034 4792 odacar
1058 4722 1130 4779 alias
1154 4723 1230 4780 inter
1253 4723 1367 4779 recales
1386 4741 1404 4778 r
1423 4725 1490 4794 etp
1515 4721 1673 4782 collocatas

335 4807 461 4865 invenire
480 4825 536 4864 non
555 4809 637 4878 potui
655 4809 684 4864 in
704 4827 723 4879 q
743 4806 856 4878 syllaba
873 4803 1028 4861 uncinata
1041 4807 1168 4862 nostram
1183 4804 1283 4876 effugit
1297 4804 1446 4860 seientiam
1460 4809 1486 4860 et
1499 4805 1532 4860 ιἰι
1544 4808 1675 4878 margine

337 4887 447 4945 Persius
466 4905 561 4960 vappa
579 4888 674 4960 lippus
693 4892 723 4945 et
741 4887 870 4974 intensi
889 4886 908 4943 f.
927 4903 965 4941 m.
988 4885 1026 4939 P:
1046 4885 1081 4953 cs.
1104 4887 1180 4942 Pers.
1202 4891 1229 4954 5,
1249 4890 1285 4942 77
1358 4885 1434 4958 Vap]
1456 4885 1531 4942 ΒΑΕ
1548 4886 1584 4944 N
