3610 5482
459 1117 509 1236 Q.
547 1115 857 1232 TERENTII
893 1115 1118 1234 SOAVRI

286 1357 427 1458 DE
485 1357 1253 1520 ORTHOGRAPHIA

730 1570 843 1628 umnu
881 1586 908 1607 =·

617 1721 637 1764 a
775 1721 795 1764 s
933 1723 953 1766 a

113 1811 136 1850 p.
151 1801 262 1842 w-lll
277 1799 303 1840 Ρ.

206 1883 369 1948 Scribendi
392 1895 494 1948 autem
517 1887 594 1949 ratio
622 1896 766 1969 quattuor
791 1886 887 1949 modIs
911 1889 1047 1970 vitiatur,
1074 1908 1130 1970 per
1154 1889 1369 1971 adiectIonem,
1398 1889 1448 1952 de·

114 1996 313 2072 tractionem,
335 1996 581 2079 inmutationem,
600 1975 820 2058 adneriouem.vv
840 2013 895 2078 per
914 1994 1129 2079 adlectionem,
1152 2007 1275 2060 utrum
1296 1995 1449 2078 querelam

114 2121 171 2184 per
194 2101 256 2164 duo
279 2101 290 2164 l
313 2100 467 2185 scribunt,
496 2123 565 2166 cram
590 2101 737 2184 querulus
761 2105 814 2186 sit,
845 2121 906 2165 uon
931 2104 1097 2185 querullus.
1144 2123 1200 2186 per
1224 2105 1452 2189 detractionem,

114 2219 152 2272 ut
178 2229 250 2273 curn
269 2211 275 2287 1
295 2205 411 2274 haedus
438 2213 504 2274 sine
534 2213 715 2293 aspiratione
745 2210 903 2295 scribitur,
937 2230 1007 2274 ctam
1036 2210 1147 2294 alioqui
1176 2230 1245 2274 cum
1274 2231 1308 2298 ea
1337 2211 1455 2296 debeat,

89 2320 261 2400 squouiam
284 2319 362 2401 apud
387 2323 529 2402 antiquos
554 2319 659 2382 faedus
683 2321 723 2382 sit
746 2318 864 2402 dictus,
888 2328 918 2383 et
941 2319 994 2382 uhi
1018 2319 1061 2382 illi
1085 2321 1099 2382 I
1119 2319 1251 2382 litteram
1275 2331 1453 2404 posuerunt,

7 2433 8 2456 ³
117 2445 175 2490 nos
198 2426 220 2489 h
244 2427 471 2512 substituimus,
495 2436 530 2492 ut
559 2428 640 2510 quod
669 2426 711 2490 illi
740 2426 878 2490 fordeum
908 2425 1063 2512 dIcehant,
1094 2447 1148 2490 nos
1172 2427 1335 2512 hordeum,
1363 2429 1451 2492 Iario-

117 2535 179 2600 lum
196 2554 287 2618 quem
308 2555 363 2600 nos
382 2537 547 2621 hariolum,
571 2535 711 2617 similiter
730 2535 850 2636 laudum
870 2555 961 2618 quem
982 2555 1062 2598 nunc
1082 2554 1138 2598 nos
1161 2536 1290 2600 haedum
1315 2537 1453 2601 dicimus.

45 2711 48 2720 ,
115 2665 172 2728 per
200 2647 448 2728 inmutationem,
476 2656 512 2709 ut
535 2662 604 2707 cum
630 2653 660 2706 at
688 2645 933 2707 corriunctionem
953 2643 958 2719 1
979 2637 1035 2726 per
1057 2644 1077 2706 d
1101 2643 1239 2706 scrihunt
1263 2655 1293 2709 et
1316 2645 1453 2730 eandem,

117 2756 260 2835 quotiens
283 2757 467 2837 praepositio
492 2757 545 2838 sit,
567 2772 623 2835 per
648 2760 675 2836 t,
699 2770 769 2815 cum
793 2752 905 2833 alioqui
929 2771 945 2848 e
970 2754 1122 2816 contrario
1146 2751 1254 2816 deh'eat
1277 2753 1352 2816 fieri.
1394 2773 1451 2836 per

209 2929 638 3002 lmmmffimffiffl

207 3091 237 3148 B
256 3092 341 3148 codex
358 3089 513 3147 Berotencis
531 3095 588 3148 330

245 3173 262 3229 h
281 3171 401 3230 amdam
419 3171 524 3229 codicia
542 3179 678 3230 corrector

210 3254 240 3309 P
256 3255 342 3311 codem
362 3252 607 3310 Palatinarum

208 3357 231 3391 or
250 3336 336 3392 edida
348 3333 522 3390 Bactleenaio
540 3352 568 3389 a.¹
587 3339 665 3392 1527

208 3415 349 3474 INCIPIT
367 3413 481 3472 LIBER
500 3413 680 3472 TERENTII
700 3415 835 3472 senum
855 3415 904 3470 DE
925 3413 1193 3474 OETOGRAPHIA
1207 3417 1235 3474 Β
1261 3417 1367 3489 Incipil
1380 3418 1453 3475 liber

117 3497 259 3558 Terrsuffi
283 3496 383 3554 Sasuri
408 3495 444 3552 do
468 3497 633 3568 ortograuio
655 3501 736 3570 (corr.
762 3497 978 3570 orthographia)
1003 3498 1032 3553 P
1054 3497 1086 3565 Q.
1113 3499 1294 3555 TEEENTII
1318 3497 1453 3555 senum
1516 3529 1518 3534 .

117 3581 166 3638 DE
193 3577 490 3637 OETHOGEAPHIA
519 3578 571 3633 AD
599 3577 778 3636 THESEVM
807 3599 838 3636 o.
883 3577 1078 3635 INCIPIUNT
1106 3580 1231 3637 PAUCA
1260 3580 1310 3636 EX
1339 3578 1451 3636 LIBRO

117 3657 352 3718 TERENTIAM
378 3656 512 3714 senum
538 3658 737 3716 EXCERPTA
762 3659 812 3714 DE
839 3657 1080 3716 OETOGEAI'IA
1107 3659 1269 3733 Ortogralia
1292 3660 1382 3732 igitur
1409 3663 1453 3716 est

115 3742 190 3800 ratio
208 3741 240 3798 iu
258 3739 378 3811 syllabis
396 3741 473 3796 recte
492 3739 642 3796 scribendi.
670 3738 812 3796 scribendi
835 3743 932 3798 autam
955 3740 1030 3797 ratio
1055 3743 1192 3814 quattuor
1215 3742 1309 3799 modis
1333 3741 1452 3797 uitiatur

117 3821 482 3893 masmpmmoara,
497 3819 546 3876 DE
562 3818 857 3877 OETHOGRAPHIA
871 3821 1047 3878 TERENTE
1066 3821 1177 3880 SCauro
1192 3823 1295 3895 (ITEM
1311 3821 1452 3879 ORTHO-

117 3903 286 3962 ounuffia
305 3899 482 3957 TERENTE
502 3899 607 3958 Scauro
626 3904 684 3959 cod.
704 3902 860 3974 Souperm.)
881 3901 1093 3975 orthographia
1111 3903 1200 3976 igilur
1218 3907 1264 3961 est
1281 3905 1356 3961 ratio
1375 3906 1452 3960 recle

112 3983 236 4058 syllabis
254 3981 407 4038 scribendi
435 3982 578 4040 scribendi
597 3986 695 4040 aulem
713 3984 787 4041 ratio
807 3985 944 4056 quattuor
958 3983 1051 4040 modia
1069 3983 1191 4041 uitiatur
1209 3987 1294 4042 codex
1309 3985 1452 4041 Emmero·

117 4083 178 4123 mua
196 4070 258 4124 252
277 4069 303 4120 et
322 4062 573 4133 sommum
586 4070 662 4122 1180
736 4072 750 4121 1
770 4063 914 4121 uinciatur
932 4079 1003 4122 corr,
1017 4064 1138 4123 uitiatur
1155 4068 1184 4123 Β
1241 4074 1274 4133 ,2
1294 4067 1452 4139 quarellam
1487 4097 1494 4106 a

117 4152 199 4219 (corr.
213 4146 313 4216 eum)
331 4161 384 4216 per
402 4142 458 4199 duo
476 4142 500 4200 ll
519 4144 648 4203 scribunt
666 4163 732 4203 cum
750 4144 896 4217 querellae
915 4145 998 4213 (corr.
1012 4145 1100 4218 ulna)
1120 4148 1159 4206 sit
1174 4149 1203 4204 Β
1224 4149 1383 4220 querellam
1401 4163 1453 4219 per

117 4231 173 4288 duo
196 4228 207 4285 l
230 4223 518 4296 scribuntquouiam
542 4229 641 4298 (quum
665 4231 698 4298 o)
722 4226 856 4298 quarum
880 4225 918 4282 sil
937 4226 992 4282 Po
1066 4234 1084 4284 t
1108 4231 1141 4285 ul
1160 4234 1225 4300 poet
1243 4229 1452 4286 detractionem

118 4329 168 4369 oar.
186 4309 278 4368 BPa
384 4306 474 4364 hedos
492 4306 557 4363 BP
579 4307 667 4366 oeduo
686 4329 709 4364 o
805 4325 870 4366 cnm
894 4305 995 4364 eodem
1018 4317 1147 4382 eccepto
1165 4309 1287 4366 Eormcr.
1306 4309 1452 4381 Scopam.

124 4391 199 4450 Voss,
237 4397 254 4448 h
269 4389 371 4448 laedar
384 4395 513 4460 excerpto
523 4389 667 4461 Serapeum.
678 4396 704 4446 et
719 4389 805 4458 Voss„
818 4390 920 4448 foedus
933 4388 989 4445 Bo
1003 4395 1029 4445 rt
1043 4395 1170 4461 exemto
1179 4389 1312 4458 mame„
1327 4389 1409 4446 ledus
1425 4391 1469 4458 P,

160 4481 248 4530 tuos
267 4475 366 4534 summ
384 4473 405 4528 h
424 4471 479 4527 Po
552 4470 758 4528 substituemus
777 4478 907 4544 excerpto
924 4473 1045 4528 Emmer.
1066 4472 1253 4542 &Scopam
1329 4478 1344 4527 'l
1365 4489 1452 4544 quem

118 4555 161 4612 illi
183 4553 319 4611 iariolum
342 4569 393 4618 noa
416 4551 559 4610 hariolum
582 4551 710 4608 dicamus
728 4559 857 4624 excerpto
877 4553 1024 4610 Vossa'onm
1052 4554 1154 4608 reatino
1172 4557 1233 4608 erot
1250 4553 1285 4608 ut
1307 4553 1385 4624 quod
1408 4553 1451 4610 illi

117 4635 245 4696 fordeum
263 4634 400 4693 dicebaut
417 4652 470 4693 noo
488 4632 636 4705 hordeum,
654 4649 740 4704 quom
759 4633 803 4690 illi
821 4634 955 4693 larr'olum
974 4651 1026 4691 nos
1044 4631 1196 4702 hariolum,
1217 4633 1351 4691 ciuiliter
1367 4651 1451 4706 quem

118 4719 161 4776 illi
178 4718 294 4776 laedam
313 4735 365 4773 nor
384 4716 510 4774 haedum
528 4714 663 4772 dicimnar
683 4715 719 4782 cf.
733 4733 764 4786 p.
779 4720 825 4784 13,
843 4721 881 4773 10
944 4711 1100 4785 hariolum]
1120 4713 1243 4770 amolum
1261 4715 1289 4770 Β
1355 4715 1452 4790 Ipdum

119 4805 245 4872 accepto
268 4798 429 4871 Sonam,
452 4797 549 4856 Iodum
570 4796 599 4852 P
620 4795 737 4854 foedum
756 4797 812 4852 Βω
886 4812 961 4853 nunc
980 4811 1031 4850 om
1050 4794 1091 4862 Β,
1111 4795 1176 4851 odd.
1198 4796 1253 4851 Po
1279 4801 1305 4852 et
1323 4802 1453 4866 excepto

119 4878 260 4953 ΒΜ.
280 4879 402 4936 Maec.
476 4877 582 4936 hedum
602 4877 665 4933 BP
681 4883 707 4935 et
725 4884 854 4950 excerpto
873 4877 1027 4950 Sonam,
1047 4876 1171 4933 hoedum
1191 4897 1213 4931 o
