3616 5482
372 375 438 443 142
729 327 966 434 cnssrooonu
985 375 1034 433 oc
1054 371 1351 434 onruooncrnm

369 563 639 646 bergenslcodlce
664 574 694 627 et
718 566 748 627 ln
774 563 1026 648 sangermanensi
1055 583 1090 628 ea
1114 563 1177 627 sola
1201 581 1278 646 quae
1308 565 1340 626 in
1364 563 1496 628 editione
1521 562 1644 626 exhibui
1668 562 1711 626 de

370 675 510 736 universa
542 682 607 737 arte
640 675 833 756 grammatica
864 676 976 758 scripta
1008 683 1093 758 sunt3
1125 692 1226 756 neque
1258 672 1344 756 plura
1375 692 1391 736 a
1423 673 1614 738 Cassiodorio
1647 673 1710 736 lroc

369 781 436 846 luco
466 783 578 864 scripta
602 799 669 844 esse
694 781 854 845 manliesto
882 781 994 846 indicat
1023 779 1156 845 clausula
1180 782 1210 843 in
1241 781 1299 844 line
1324 781 1439 866 addita,
1466 785 1546 846 hoec
1569 783 1711 844 breviter

370 895 456 954 elicto
478 888 641 967 sufficiunt
664 907 729 971 sqq.
767 892 798 954 lo
818 889 1067 973 wirceburgensi
1091 899 1193 954 autem
1213 889 1316 954 codice
1336 900 1367 953 et
1390 891 1422 953 in
1441 908 1478 953 eo
1497 909 1533 953 ex
1553 909 1614 974 quo
1633 889 1711 953 olim

370 997 400 1060 lri
416 997 498 1060 'libri
527 996 600 1060 cditl
629 1008 700 1060 suut
728 995 864 1060 subiecta
894 1007 959 1061 erat
993 998 1113 1081 longior
1141 999 1305 1082 disputatio
1334 997 1380 1061 de‘
1401 998 1574 1062 nominihus
1603 1010 1634 1062 et
1667 999 1710 1062 de

369 1106 470 1170 verbis
494 1125 530 1170 cr
555 1105 692 1170 llartlani
712 1104 849 1190 Capellae
874 1104 952 1169 libro
976 1109 1081 1190 tertio,
1106 1109 1186 1170 sicrrl
1209 1107 1286 1191 dixi,
1310 1107 1448 1189 repetita.
1485 1116 1607 1190 praeter
1630 1107 1711 1170 haec

369 1213 579 1298 supplementa
602 1217 709 1300 igitur,
733 1231 810 1296 quae
830 1213 948 1277 non'ab
969 1217 1035 1297 lpso
1055 1213 1246 1280 Cassiodorln
1266 1217 1378 1298 scripta
1400 1215 1453 1278 sed
1477 1215 1513 1278 ad
1538 1216 1710 1298 augendam

369 1325 435 1387 eius
463 1322 698 1407 disputationem
727 1331 832 1405 postea
861 1322 959 1385 addita
991 1332 1075 1408 sunl,
1104 1323 1235 1387 dubitari
1260 1341 1320 1386 uon
1349 1332 1468 1407 poterat
1492 1326 1565 1406 quin
1589 1323 1711 1388 Wirce·

369 1431 530 1514 burgensis
559 1431 629 1494 libri
657 1433 808 1514 scriptura
837 1431 964 1514 reliquis
991 1433 1208 1516 praeferretur.
1256 1435 1287 1495 ln
1316 1435 1468 1515 excerptis
1495 1430 1566 1496 libri
1593 1435 1712 1515 prioris

370 1543 553 1623 scripturam
576 1540 690 1604 codicis
714 1539 945 1622 Bambergensis
969 1541 1106 1625 exhibui,
1134 1559 1316 1624 qrramquam
1345 1543 1376 1604 in
1405 1541 1462 1604 hoc
1487 1559 1608 1624 quoquc
1633 1553 1712 1605 sunt

370 1667 447 1732 quoe
471 1649 711 1731 interpolationis
735 1651 940 1731 suspicionem
965 1660 1114 1713 moueant.
