3602 5482
364 339 431 408 332
947 339 1110 400 avnacts

362 445 517 496 nuum

363 530 503 613 rhythmo
527 547 593 594 esse
619 547 679 592 non
703 539 817 614 potest,
845 527 925 612 quod
950 528 1095 611 llquldius
1118 529 1160 592 lta
1183 527 1326 592 definitur
1350 549 1357 594 :
1382 539 1514 594 metrum
1543 537 1591 593 est
1618 533 1690 592 ratio

363 657 432 702 cum
461 637 678 722 modulatione,
711 638 871 722 rhythmus
902 637 1067 702 modulatio
1097 639 1163 702 siue
1194 639 1311 701 ratione
1343 687 1350 701 .
1376 641 1562 718 plerumque
1592 645 1692 701 tumen

363 765 439 811 cuca
458 749 592 826 quodem
611 751 748 811 invenies
767 753 859 812 etium
878 749 1030 810 rationem
1050 749 1081 810 ln
1096 745 1251 830 rhythmo,
1274 765 1335 811 nou
1349 747 1470 812 artificii
1483 745 1693 811 observatione

362 865 493 940 serrata,
516 856 569 921 sed
593 875 669 920 sono
693 865 724 920 et
747 859 812 940 ipsa
835 853 1038 920 modulatione
1063 849 1230 936 ducente!

452 963 513 1040 Qui
534 967 668 1049 primum
692 964 739 1028 his
758 963 1020 1063 obseruationibus
1039 967 1070 1028 ln
1091 964 1308 1048 componendis
1328 963 1514 1028 carminibus
1533 965 1582 1028 usi
1602 959 1695 1026 sunt?
1718 977 1731 1018 ⁵

363 1073 535 1137 Phemonoe
560 1073 686 1158 dicitur,
714 1071 860 1156 Apollinis
887 1081 985 1155 rates,
1013 1073 1111 1158 prima
1139 1091 1194 1156 per
1223 1075 1370 1138 insaniam
1398 1075 1440 1136 lta
1463 1071 1578 1158 locuta,
1607 1075 1695 1136 cuius

363 1179 512 1246 Hesiodus
536 1185 674 1246 meminit
697 1231 704 1248 .
729 1181 823 1244 Varro
847 1198 919 1244 rere
937 1183 969 1244 lu
989 1180 1170 1264 Argonautis
1190 1181 1337 1264 nymphas
1355 1180 1566 1244 hexametrum
1586 1181 1694 1244 iecisse

359 1291 405 1352 rlc
428 1292 565 1374 scripsit,

523 1407 558 1462 te
583 1415 680 1463 nunc
703 1397 879 1480 Ortygiae
904 1397 1118 1460 tendentem
1142 1397 1285 1480 spicula
1308 1398 1483 1482 nymphae

523 1507 734 1591 hortantes,
757 1524 775 1567 o
799 1503 963 1588 Phoehe,
986 1515 1022 1569 et
1046 1499 1152 1569 ‘ieie'
1176 1504 1461 1571 conclamarunt
1709 1525 1733 1564 ιι

360 1614 447 1679 multi
475 1625 577 1680 autem
604 1633 727 1680 versum
750 1633 768 1677 a
791 1613 880 1698 Lino,
908 1613 1054 1697 Apollinis
1082 1615 1231 1698 antistite,
1259 1618 1462 1698 excogitatum
1490 1623 1613 1698 putant,
1641 1619 1695 1698 qui

359 1743 397 1789 ex
415 1725 619 1809 ilyperhorels
634 1727 692 1789 luit
706 1773 713 1786 .
727 1724 819 1788 huius
838 1725 985 1806 originem
1005 1741 1112 1787 versus
1131 1721 1235 1788 volunt
1254 1724 1375 1808 qrrldam
1395 1726 1426 1786 iu
1446 1721 1520 1786 Delo
1539 1725 1694 1788 inventam

359 1844 391 1897 et
413 1834 494 1898 hunc
518 1853 640 1899 versum
659 1833 807 1899 deliacum
827 1841 948 1916 uocant,
972 1831 1077 1927 alilah
1097 1831 1243 1917 Homero,
1267 1833 1347 1897 unde
1366 1851 1530 1916 possumus
1550 1833 1694 1916 colligere

359 1960 481 2006 versum
505 1943 586 2007 hunc
604 1945 699 2026 magis
723 1961 790 2005 esse
815 1940 992 2005 naturalem.

450 2051 547 2115 hietro
576 2061 650 2134 quot
678 2045 840 2114 accidunt?
877 2047 969 2132 Octo,
996 2049 1026 2113 id
1055 2060 1102 2113 est
1129 2068 1240 2135 genus,
1268 2051 1401 2135 species,
1430 2051 1604 2134 diversitas,
1633 2052 1693 2115 dis·
1710 2068 1734 2108 n

359 2163 483 2243 positio,
505 2161 704 2245 pertinentia,
728 2177 885 2242 mensura,
908 2177 1047 2244 caesura,
1071 2158 1221 2243 depositio
1245 2209 1252 2224 .
1277 2159 1380 2223 Genus
1404 2160 1477 2242 quid
1501 2155 1571 2223 est?
1615 2159 1693 2222 Cum

359 2269 471 2333 dicitur
503 2279 651 2334 metrum·
668 2267 861 2352 dactylicum,
898 2268 1060 2333 iambicum
1094 2267 1141 2332 rel
1173 2270 1362 2334 trochaicum
1396 2318 1403 2332 .
1437 2267 1515 2344 Ouid
1551 2266 1694 2353 species?

359 2376 435 2441 Cum
458 2377 628 2461 heroicum,
652 2379 802 2440 comicum
826 2385 879 2439 aut
902 2377 1049 2459 tragicum
1074 2376 1186 2440 dicitur
1201 2425 1209 2439 .
1223 2376 1304 2452 Quid
1323 2374 1505 2441 diversitas?
1542 2377 1694 2452 Quotiens

359 2487 389 2548 ln
412 2487 510 2568 prima
533 2495 618 2569 parte
643 2503 749 2549 versus
778 2483 858 2548 aliud
887 2503 984 2566 genus
1014 2494 1074 2568 est,
1102 2483 1181 2548 aliud
1212 2489 1243 2548 in
1272 2485 1419 2564 secunda,
1448 2495 1483 2548 ut
1513 2479 1694 2550 ‘soluitur
1763 2491 1774 2514 '

357 2597 454 2658 neris
472 2594 589 2657 hiems
608 2603 711 2676 grata
730 2587 825 2655 rice'
838 2613 847 2655 r
862 2610 959 2674 usque
978 2591 1038 2654 huc
1059 2600 1268 2657 tetrametrum
1288 2594 1447 2658 heroicum
1470 2593 1691 2658 archilochium
1708 2612 1735 2652 eo

357 2711 417 2784 est,
441 2711 471 2766 ct
494 2705 641 2765 inseritur
663 2701 706 2763 illi
731 2719 800 2784 pars
825 2699 977 2763 trochaica
1001 2701 1063 2762 sire
1088 2700 1279 2786 ithyphallica
1304 2697 1421 2766 ‘veris
1448 2712 1486 2767 et
1516 2699 1692 2767 iarorri':

358 2828 425 2873 uam
445 2818 509 2873 tres
532 2809 581 2873 hic
606 2809 740 2873 trochaei
764 2817 844 2872 sunt.
883 2807 1047 2891 Dispositio
1072 2809 1145 2890 quid
1169 2807 1238 2874 est?
1274 2809 1312 2874 Vt
1335 2814 1380 2874 sic
1404 2811 1460 2876 hac
1483 2815 1690 2896 geminatione

357 2917 387 2980 in
417 2916 559 2982 omnihus
587 2921 683 2982 tutaris
713 2916 863 2994 rersihus,
896 2919 967 2999 quia
997 2919 1041 2980 sic
1066 2926 1113 2981 est
1141 2917 1336 3001 dispositum,
1369 2920 1416 2982 rel
1444 2930 1479 2985 ut
1505 2924 1538 2984 in
1567 2921 1691 2984 heroico

356 3029 462 3108 quinto
485 3025 552 3090 loco
576 3025 692 3109 dactylo
717 3029 822 3089 uteris.
869 3024 949 3099 Quid
972 3023 1180 3109 pertinentia?
1217 3025 1293 3091 Cum
1322 3028 1359 3093 ad
1386 3049 1507 3092 versum
1530 3030 1691 3093 heroicum

356 3134 485 3198 dicimus
516 3134 572 3197 hoa
604 3135 698 3218 pedes
730 3137 900 3218 pertinere,
937 3134 1102 3218 dactylum,
1136 3137 1306 3219 spondeum
1339 3137 1385 3200 vel
1417 3140 1449 3201 iu
1482 3136 1590 3202 ultimo
1623 3138 1690 3202 loco
1705 3156 1731 3196 as

429 3333 444 3386 1
464 3328 541 3399 quod
560 3327 696 3399 liquidius
720 3327 763 3385 ita
780 3327 908 3384 dilinitur
926 3329 1047 3384 metrum
1068 3331 1112 3385 est
1130 3327 1203 3386 ratio
1227 3329 1422 3388 modulatione
1444 3331 1567 3389 rithmus
1591 3331 1690 3388 modo-

357 3410 462 3466 latione
480 3410 510 3466 iu
529 3409 636 3468 rithmo
655 3427 711 3467 non
731 3407 845 3466 artificii
863 3407 1063 3466 obrernuticne
1083 3411 1197 3466 seruate
1215 3410 1265 3466 sed
1285 3427 1354 3469 sono
1374 3416 1404 3469 et
1416 3413 1482 3486 ipsa
1494 3412 1689 3470 modulatione

354 3489 476 3547 ducente
504 3490 542 3546 M
567 3491 637 3562 quid
669 3489 812 3562 loquidius
844 3490 887 3546 ite
918 3488 1053 3546 definitur
1079 3493 1202 3546 metrum
1228 3493 1272 3547 est
1299 3493 1373 3561 rutio
1402 3511 1467 3552 cum
1493 3493 1690 3552 modulatione

356 3571 476 3630 rithmus
494 3571 568 3630 ratio
587 3573 648 3632 uine
667 3569 862 3629 modulatione
882 3569 1004 3626 ducente
1023 3571 1051 3626 Β
1070 3591 1078 3624 .·
1097 3572 1287 3642 supplemata
1304 3575 1496 3643 praebuerunt
1520 3575 1548 3630 V
1563 3581 1589 3632 et
1607 3575 1689 3632 Beda

391 3661 472 3712 enon
486 3655 589 3712 artifici
604 3653 800 3711 moderatione
809 3655 922 3709 cerreta
929 3653 1010 3709 Beda
1066 3651 1270 3724 comprimus
1284 3655 1329 3712 his
1339 3656 1368 3711 Β
1384 3657 1458 3725 Quid
1472 3658 1581 3730 primur
1596 3655 1642 3712 his
1653 3657 1690 3712 M

406 3737 451 3792 usi
469 3739 537 3793 sunt
554 3735 582 3792 Β
601 3733 657 3792 uisi
676 3737 742 3792 suut
762 3733 800 3790 M
872 3742 888 3792 6
908 3733 1069 3792 Phemonoe
1090 3735 1128 3789 M
1145 3733 1337 3794 Pchenomiue
1356 3739 1384 3794 Β
1456 3737 1599 3811 spollonis
1617 3735 1690 3792 BM

373 3821 388 3872 7
404 3817 516 3874 esiodus
533 3816 563 3873 Β
582 3815 689 3874 esiod'c
711 3816 749 3872 M
761 3815 903 3872 :Hesiodi
921 3817 1023 3871 mentio
1041 3832 1098 3871 cos
1116 3816 1195 3884 socio
1213 3821 1252 3870 est
1270 3817 1305 3872 oh
1325 3820 1405 3890 otiis,
1424 3821 1475 3892 gui
1493 3837 1512 3876 α
1532 3818 1688 3875 Ρὴικιοιιοα

355 3899 498 3956 investium
525 3915 580 3956 esse
608 3899 797 3955 hexametrum
823 3897 1003 3953 tradiderunt
1076 3895 1105 3952 in
1128 3899 1292 3969 argonautis
1316 3901 1355 3956 M
1375 3901 1406 3958 in
1431 3900 1613 3975 agrouaustis
1631 3897 1685 3956 Β.

361 3979 499 4036 Varronis
516 3995 611 4036 versus
630 3997 649 4036 u
663 3979 785 4034 Simtero
799 3981 882 4034 coint.
897 3981 955 4037 cod.
970 3995 1033 4036 neec.
1048 3979 1113 4034 helil.
1129 3979 1325 4054 Rerumlp.
1341 3988 1400 4041 624
1414 4001 1428 4040 e
1442 3985 1534 4040 codiee
1546 3981 1687 4038 Βαιιιαιιι·

353 4063 444 4120 editos
465 4064 499 4118 in
527 4061 665 4117 Varronis
689 4063 922 4131 Argonautarum
949 4061 1116 4132 [capiundis
1141 4069 1297 4130 pamel
1320 4065 1358 4124 F.
1388 4065 1565 4124 Woettmu
1592 4065 1627 4120 de
1651 4063 1683 4118 P.

357 4141 464 4199 Terent.
489 4143 571 4200 Vorr.
593 4143 675 4200 scae.
695 4143 743 4198 uit.
759 4159 790 4212 p.
809 4146 849 4198 20
868 4147 893 4196 et
912 4141 948 4198 A
968 4141 1081 4198 Riesina
1095 4145 1160 4214 post
1181 4142 1225 4198 M.
1248 4143 1356 4204 Termi.
1382 4146 1465 4205 Vurr.
1484 4151 1539 4204 sat.
1556 4145 1683 4216 Mcsn'yrp.

356 4223 405 4280 rel.
420 4241 451 4296 p.
471 4230 533 4282 262
607 4229 623 4281 t
643 4227 672 4280 te
691 4239 766 4279 nunc
785 4221 908 4294 ortigius
926 4225 1071 4280 moenium
1090 4223 1207 4295 specula
1224 4225 1342 4299 nimphe
1361 4229 1474 4285 orantm
1493 4245 1510 4284 0
1530 4227 1641 4300 phoebe
1655 4233 1685 4284 et

355 4306 492 4364 loliscoue
510 4307 671 4364 clamarunt
683 4305 711 4359 Β
725 4307 755 4360 te
774 4320 849 4360 nunc
869 4303 980 4360 clicone
999 4305 1101 4378 ortigio
1120 4307 1261 4364 terentem
1281 4309 1397 4381 speculo
1416 4309 1552 4382 nimphae
1572 4309 1684 4365 oranter

353 4388 483 4459 ephebae
502 4389 532 4444 et
550 4387 691 4446 loculicou
709 4385 889 4442 aclamarunt
909 4387 946 4441 M
963 4407 972 4440 .·
990 4387 1111 4443 omrexit
1135 4385 1325 4458 Wuelluerus,
1348 4394 1399 4462 gui
1417 4391 1554 4462 Coryciae
1572 4391 1684 4462 scripsit

352 4485 404 4540 pro
423 4467 560 4542 Ortygiae
583 4471 643 4527 coll.
667 4469 799 4540 Apellen.
824 4467 915 4525 Rhod.
940 4470 1046 4540 Arguat.
1072 4467 1116 4523 II
1138 4473 1191 4524 711
1216 4465 1305 4526 πολλὰ
1330 4471 1363 4529 rt
1388 4467 1537 4543 Κωρύκιαι
1561 4469 1683 4545 κύμφαι,

356 4551 504 4607 Hieloroco
517 4547 677 4622 θύγατρες,
698 4547 901 4620 &conderetur
921 4547 1035 4606 ἔπεσσιν
1055 4549 1110 4622 ἰήιε
1131 4555 1299 4621 κεκληγυῖαι
1373 4559 1406 4609 11
1421 4553 1506 4610 mulli
1519 4553 1548 4610 Β
1562 4554 1683 4611 multum

355 4629 393 4686 M
446 4631 588 4704 apollonis
602 4631 821 4690 auteststeBM
876 4635 964 4686 1201
982 4631 1159 4702 hiperhoreis
1173 4632 1202 4687 Β
1217 4651 1251 4690 ex
1264 4634 1428 4706 iperboreus
1445 4635 1483 4692 M
1535 4636 1682 4694 inuentum

351 4711 427 4768 ΒΜ
498 4718 532 4770 lt
552 4713 644 4771 Metro
663 4716 734 4786 quot
752 4713 886 4770 accidunt
899 4741 935 4753 -
949 4717 1057 4782 33322
1078 4731 1143 4770 eum
1161 4711 1263 4784 pedem
1282 4715 1347 4787 plus
1366 4720 1416 4774 aut
1435 4716 1577 4789 syllabam
1596 4717 1683 4775 hebet

352 4809 403 4849 om.
420 4793 465 4865 M,
484 4795 549 4852 naid.
564 4795 614 4850 Β.
671 4795 756 4853 Matri
775 4797 846 4868 quot
863 4795 892 4850 Β
968 4797 1000 4849 19
1020 4798 1053 4850 ut
1071 4795 1138 4852 solli
1157 4795 1262 4852 dicitur
1280 4797 1354 4854 aeris
1372 4799 1433 4855 iens
1452 4799 1536 4872 meta
1553 4798 1617 4856 uice
1636 4799 1683 4856 B:

353 4873 571 4934 Menedemi
587 4883 631 4947 A,1
705 4883 741 4934 20
760 4875 828 4950 huc]
848 4875 894 4932 hic
913 4873 941 4930 Β
