3602 5482
358 345 425 414 334
942 348 1102 445 tVDtcis

358 461 379 502 p.
396 451 429 492 ιο.
444 451 470 492 ss
484 449 514 492 rs.

359 535 547 619 Simplicium
566 538 685 619 species
704 546 780 620 quot
797 534 891 602 suut?
923 538 1005 602 Duae
1031 587 1038 602 .
1062 538 1146 613 Quae
1170 535 1264 602 scint?
1302 539 1442 624 llisyllshi
1467 551 1499 605 ct
1523 539 1701 623 trisyllabi.

359 643 500 728 llisyllahi
528 653 604 728 quot
631 641 726 710 suut?
769 646 920 720 Quattuor
948 693 956 712 .
984 647 1043 722 Oui
1071 643 1167 712 sunt?
1210 647 1384 732 Spondcus,
1416 653 1469 734 qui
1502 659 1627 714 constat
1663 669 1701 712 er

358 752 476 818 duabus
505 753 617 838 leugis,
645 763 680 818 ut
707 753 807 820 heros.
851 755 1011 839 Spcudeus
1039 756 1119 819 uude
1148 755 1248 820 dictus
1271 751 1289 820 l
1310 747 1389 822 Ἀπὸ
1419 755 1490 823 τῶν
1518 756 1702 838 σπονδῶν,

252 845 255 852 ’
359 863 439 945 quod
464 863 647 946 spondiacus
671 873 778 927 cautus
802 867 899 927 sacris
923 867 1077 947 convenit,
1106 863 1186 928 unde
1211 867 1310 930 iertur
1333 866 1521 954 Phemonoe,
1551 867 1703 950 Delphica

361 969 517 1056 sacerdos,
540 973 638 1055 prima
658 975 690 1036 in
715 972 810 1035 sacris
834 971 981 1056 Apollinis
1004 972 1086 1036 huuc
1111 990 1234 1037 versum
1256 974 1383 1059 dixisse,
1729 989 1742 1026 ⁵

380 1161 386 1167 ι
450 1075 651 1164 σπένδομεν
672 1074 835 1158 Μούσαις
856 1075 913 1146 καὶ
936 1077 982 1168 τῷ
1007 1075 1190 1168 μοσσύμχςο
1217 1081 1366 1170 Φοίβῳ.

359 1189 431 1254 huic
464 1192 636 1254 eontmrius
670 1199 717 1254 est
748 1190 921 1274 pyrrichius
954 1193 1018 1254 slrc
1051 1189 1226 1276 dihrachys,
1264 1195 1317 1276 qui
1354 1198 1473 1256 constat
1506 1212 1544 1257 ex
1577 1191 1706 1256 duabus

360 1296 519 1362 brevibus:
552 1298 736 1382 exemplum,
769 1309 804 1366 ot
837 1299 919 1366 Ceto.
966 1299 1143 1382 Pyrrichlos
1178 1301 1257 1364 nude
1291 1303 1463 1364 nominatus
1490 1297 1509 1364 ⁴?
1537 1301 1561 1364 Α
1591 1301 1705 1384 Pyrro,

360 1407 484 1472 Achillis
508 1407 582 1492 illio,
611 1410 665 1491 qui
691 1407 859 1493 Eurypyio,
886 1409 1012 1492 Telephi
1041 1409 1117 1493 tilio,
1145 1409 1307 1474 interiecto
1337 1407 1404 1489 [oh]
1435 1419 1526 1473 cantu
1555 1409 1704 1492 quodam,

361 1519 413 1600 qui
438 1537 474 1582 ex
494 1520 553 1582 isio
572 1517 649 1600 pede
669 1515 840 1602 constabat,
863 1521 894 1582 iu
918 1519 1011 1582 armis
1034 1517 1154 1583 saltavit
1175 1510 1240 1601 τὴν
1264 1517 1412 1604 ἔνοπλον
1436 1509 1592 1601 ὄρχησιν,
1617 1517 1742 1581 uude10

361 1634 393 1690 ct
413 1626 554 1709 pyrricha
578 1625 659 1690 dicta
678 1673 685 1688 .
705 1625 868 1690 trochacus
887 1637 941 1690 est·
953 1629 1006 1708 qui
1030 1635 1150 1690 constat
1173 1645 1210 1690 ex
1233 1626 1322 1709 louge
1342 1636 1373 1690 et
1391 1625 1476 1690 hrcri
1491 1647 1500 1692 r
1514 1626 1703 1710 exemplum,

360 1741 395 1799 ut
418 1737 492 1820 ritu,
515 1733 612 1798 Roma
635 1782 643 1796 .
667 1733 842 1798 'l'rochacus
866 1734 946 1799 uude
975 1732 1098 1800 dictus?
1135 1735 1265 1819 Propter
1294 1754 1420 1800 cursum
1449 1745 1481 1799 et
1507 1732 1704 1798 celeritatem

361 1861 447 1907 suam
471 1864 480 1907 ε
503 1853 635 1908 metrum
659 1845 740 1908 euim
764 1843 821 1908 hoo
841 1844 951 1927 currit,
975 1862 1045 1909 cum
1068 1843 1156 1927 louge
1181 1863 1198 1907 a
1221 1843 1307 1908 brevi
1330 1846 1482 1927 excipitur
1502 1892 1509 1908 .
1528 1843 1603 1908 huic
1627 1863 1702 1907 con·

362 1955 475 2016 trarius
499 1963 546 2016 est
569 1951 700 2036 ismhus,
728 1953 781 2035 qui
809 1959 929 2015 constat
956 1969 994 2015 cx
1017 1950 1102 2015 hreni
1126 1962 1157 2015 et
1179 1951 1280 2034 louge:
1314 1949 1500 2035 exemplum,
1527 1959 1563 2014 ut
1592 1971 1702 2036 nepus,

361 2060 458 2123 honos
482 2109 490 2123 .
514 2059 634 2124 lamhus
659 2060 740 2125 unde
764 2079 875 2124 nomen
899 2056 1038 2144 accepit?
1074 2057 1119 2123 nh
1143 2057 1259 2145 lamha,
1282 2060 1413 2124 Thressa
1439 2059 1581 2144 muliere,
1607 2079 1700 2142 quam
1717 2073 1739 2114 α

362 2168 469 2232 dicunt
491 2171 523 2231 io
546 2169 705 2234 maledicto
729 2173 924 2234 exercitatam
948 2171 1006 2234 isto
1030 2169 1107 2252 pede
1130 2187 1217 2232 usam
1242 2218 1248 2232 .

207 2277 223 2315 ·'
273 2279 348 2333 ”²21⁶
453 2276 550 2342 Pedes
588 2277 735 2362 trisyllabi
772 2287 847 2361 quot
884 2273 978 2342 suut?
1026 2276 1102 2341 Octo
1136 2325 1143 2342 .
1178 2277 1237 2351 Qut
1268 2279 1273 2357 Ι
1303 2273 1397 2341 sunt?
1448 2275 1608 2362 liactylus,
1646 2281 1701 2360 qui

362 2395 481 2450 constat
509 2405 546 2450 cx
574 2385 663 2469 longa
691 2395 723 2450 ei
750 2386 868 2451 duabus
897 2386 1054 2470 brevibus,
1082 2396 1118 2451 ut
1145 2387 1231 2469 copia
1255 2433 1263 2448 .
1287 2383 1430 2469 Dactylus
1461 2389 1545 2450 σασα
1574 2383 1700 2451 dictus?

359 2485 439 2559 Ἀπδ
462 2492 533 2559 τῶν
552 2487 688 2560 Ἰδαίων
712 2489 920 2577 Δακτύλων,
950 2499 1003 2579 qui
1027 2515 1064 2560 eo
1088 2498 1232 2559 σείουσι
1257 2493 1406 2578 [musac],
1434 2499 1488 2576 qui
1513 2506 1544 2559 et
1568 2494 1699 2560 Curetes

363 2612 523 2687 vocantur,
552 2607 656 2669 matris
683 2605 776 2670 deum
804 2607 945 2688 comites,
978 2607 1032 2687 qui
1060 2605 1203 2668 icruntur
1231 2613 1322 2666 cautu
1355 2602 1486 2686 quodam
1520 2614 1551 2667 et
1584 2607 1697 2669 tinnitu
1712 2616 1739 2656 ²⁰

362 2716 442 2776 seris
466 2715 598 2796 vagitum
622 2711 701 2778 loris
724 2714 839 2779 celasse
863 2761 870 2776 .
895 2713 967 2776 huic
996 2715 1169 2776 contrarius
1199 2723 1246 2776 est
1273 2720 1468 2796 anapaestus,
1497 2717 1550 2796 qni
1579 2723 1699 2778 constat

363 2807 401 2885 ex
423 2820 542 2884 duahus
565 2819 710 2885 hrerihus
733 2831 764 2886 et
786 2821 883 2908 longa,
909 2831 943 2884 ut
967 2823 1096 2904 sapiens.
1135 2820 1323 2904 iuapaestus
1347 2820 1427 2885 nude
1452 2818 1577 2885 dicius?
1610 2821 1697 2895 Quod

364 2948 401 2994 cx
425 2933 580 2994 contrariu
605 2948 695 3013 quam
723 2929 860 3012 dactylus
890 2931 1017 2994 lenietur
1052 2927 1239 3010 [contrarius
1267 2928 1342 3010 ilat].
1385 2929 1549 3006 molossus,
1583 2933 1636 3012 qui
1668 2939 1699 2994 ct

455 3177 587 3252 theros]
613 3179 699 3235 herus
716 3178 746 3235 Β
770 3178 872 3234 herum
892 3177 931 3232 M
1002 3193 1057 3249 spo
1080 3177 1133 3232 iou
1156 3175 1297 3248 spondium
1322 3175 1360 3232 M
1376 3191 1486 3248 spouou
1510 3176 1649 3248 spondium
1667 3176 1696 3233 Β

401 3259 501 3315 tunde
519 3257 729 3316 deleriurBM
775 3259 917 3331 phemone
935 3257 1070 3331 delphica
1084 3255 1113 3312 Β
1126 3257 1257 3314 ismenus
1272 3257 1375 3314 dellica
1390 3259 1429 3313 M
1482 3258 1544 3314 oin
1558 3274 1610 3315 oss.
1624 3258 1699 3315 ΒΜ

401 3339 542 3412 apollonis
555 3339 630 3396 ΒΜ
697 3348 713 3398 6
733 3337 909 3412 speudomen
922 3356 986 3396 mus
1000 3343 1178 3396 sesceiomus
1192 3337 1373 3410 arcophuebo
1386 3337 1416 3394 Β
1429 3339 1695 3411 spoudomeummes

365 3423 468 3478 celom’
483 3423 644 3492 arcophebo
661 3423 699 3478 Μ
706 3443 715 3478 .·
725 3422 760 3490 cf.
774 3422 877 3492 [οσανν.
892 3421 1019 3478 Andros.
1033 3419 1101 3489 sapi
1118 3419 1169 3491 τῆς
1187 3420 1244 3477 τῶν
1262 3420 1361 3476 ποδῶν
1381 3414 1539 3492 ὀνομασίας
1553 3438 1584 3493 μ.
1599 3427 1694 3490 256,5

361 3509 426 3576 post
445 3504 523 3560 leaes'c.
550 3503 668 3562 vindeb.
688 3505 728 3562 cd.
748 3503 852 3560 Nauck
870 3503 1023 3566 σπονδεῖος
1041 3495 1184 3572 δ’ἒνλήδη
1208 3495 1267 3556 eisd
1292 3500 1344 3557 πού
1370 3497 1486 3573 δοδμού
1510 3502 1562 3558 τοῦ
1584 3499 1616 3558 δν
1632 3509 1695 3566 ταῖς

366 3587 505 3649 σπονδαῖς
523 3580 721 3659 ἐπασδσμύνοσ
741 3604 771 3642 cs
791 3583 842 3640 καὶ
861 3579 1058 3658 ἐπᾳδσμύνσα,
1081 3581 1144 3639 οἷον
1169 3578 1339 3651 σπένδομεν
1361 3587 1425 3645 ταῖς
1447 3577 1576 3654 Μνσίμας
1599 3583 1694 3640 παισὶν

366 3662 500 3731 Μούσαις
519 3667 569 3724 sul
587 3667 626 3740 spi
646 3661 799 3740 μοασύσχῳ
818 3665 931 3729 Δαπσύς
949 3661 1021 3734 αἰαῖ,
1044 3665 1127 3721 schol.
1154 3663 1302 3736 Hcphucsl.
1327 3679 1353 3721 σ.
1379 3667 1440 3734 [μ.
1460 3669 1516 3720 170
1540 3661 1632 3734 Gus'sf.
1654 3666 1693 3724 ed.

366 3765 417 3805 sec.
439 3747 600 3820 Terpondrs'
616 3765 711 3806 cereces
729 3764 785 3805 susc
807 3749 983 3804 contemno
1000 3746 1141 3818 Bcrplss'us
1160 3751 1233 3818 poet.
1258 3745 1311 3817 lyr.
1336 3761 1377 3815 pr.
1400 3743 1503 3816 scopus.
1527 3747 1693 3804 ineert108

367 3837 392 3886 ei
411 3831 577 3887 Μασσαλίας
603 3831 707 3887 Pholoi.
730 3847 755 3886 ο.
782 3829 837 3885 XI
860 3831 898 3901 (ο
923 3830 1011 3899 1856)
1031 3846 1062 3899 p.
1083 3832 1140 3884 33⁶
1214 3832 1230 3882 l
1253 3825 1404 3899 pyrryoius
1427 3826 1487 3884 siue
1510 3827 1646 3884 dribracis
1666 3829 1693 3883 Β

366 3912 501 3986 phiriiius
521 3909 581 3968 siue
601 3910 726 3969 dihrscis
747 3911 786 3968 Μ
857 3909 971 3983 Scuto]
991 3911 1075 3966 csuio
1095 3909 1134 3964 Μ
1203 3909 1257 3966 lut
1281 3907 1421 3980 pyrricius
1444 3907 1521 3965 unde
1539 3910 1694 3968 nominatus

367 3995 400 4052 R.
420 4009 542 4066 capyrro
561 3991 654 4050 suillis
672 3991 732 4050 filio
752 3991 803 4064 qui
816 3991 953 4064 eriphiloi
969 3990 1098 4063 thelephi
1116 3990 1145 4045 Β
1163 3991 1218 4048 Iui.
1237 3988 1374 4063 pyri-iiius
1392 3990 1468 4047 uude
1486 3991 1646 4049 nummulus
1661 3991 1691 4048 Β

368 4091 487 4147 cspyrro
517 4073 577 4130 oilli
604 4073 663 4130 filio
689 4072 740 4146 qui
762 4080 777 4130 h
801 4073 883 4146 philo
906 4072 1037 4146 thelephi
1062 4072 1100 4128 M
1118 4115 1125 4129 .
1144 4071 1291 4146 Eurypyls'
1317 4089 1417 4129 nomm
1444 4073 1523 4143 opud
1551 4073 1692 4130 iulienses

371 4155 536 4213 Tolosanum
553 4156 676 4212 restituit
690 4155 838 4228 Haupts'sss
852 4172 945 4227 cpsssc.
959 4153 1162 4225 nHIpddo
1211 4154 1332 4222 forium
1342 4151 1490 4210 subcsniu
1537 4159 1571 4208 10
1590 4157 1692 4211 musici

368 4236 441 4294 ΒΜ
512 4236 632 4293 salierit
649 4237 774 4295 theneuo
794 4239 939 4308 (thenemo
957 4237 996 4304 B)
1021 4234 1122 4308 plener
1141 4233 1219 4292 oesiu
1237 4234 1314 4290 nude
1333 4237 1363 4290 el
1381 4249 1513 4306 pyrrema
1532 4231 1610 4289 dicus
1626 4233 1694 4291 ΒΜ

407 4325 439 4375 1³
459 4318 513 4375 huc
533 4317 634 4392 currit]
655 4318 778 4375 occurrii
795 4318 869 4374 ΒΜ
922 4316 1074 4390 excipitur]
1094 4316 1236 4390 recipitur
1253 4314 1328 4371 ΒΜ
1382 4319 1415 4370 lii
1434 4313 1530 4370 abiam
1548 4313 1691 4372 bulherum

369 4399 398 4456 Β
417 4399 453 4457 ab
472 4400 502 4456 id
519 4399 688 4456 bethum
708 4400 747 4455 M
818 4399 917 4473 quem]
938 4399 1007 4470 quis
1025 4396 1054 4453 Β
1129 4403 1162 4454 te
1181 4397 1301 4466 forium
1322 4395 1354 4452 iu
1373 4393 1527 4452 mnedtete
1546 4395 1690 4453 euolutam

405 4483 461 4538 isio
480 4479 554 4554 pede
573 4497 656 4537 usum
677 4477 717 4536 M
732 4485 776 4538 sio
796 4481 870 4554 pede
888 4497 959 4537 omn
977 4479 1005 4535 Β
1081 4484 1115 4535 ts
1134 4479 1168 4535 ni
1191 4477 1274 4550 copis
1296 4477 1358 4535 dcc.
1383 4475 1505 4533 duclilm
1528 4477 1621 4534 dicius
1642 4497 1689 4552 epu

370 4567 421 4620 ion
443 4561 529 4620 ideou
552 4562 680 4619 dsciilou
704 4581 763 4636 quo
786 4563 831 4620 usi
855 4563 922 4620 suut
945 4577 1044 4620 musae
1067 4561 1117 4634 qui
1140 4563 1170 4618 ei
1193 4562 1305 4618 curetes
1329 4560 1469 4616 uooeuiur
1492 4557 1593 4615 menis
1615 4557 1689 4618 deum

371 4643 489 4702 comites
509 4660 567 4715 quo
584 4643 715 4703 iecerunt
733 4649 818 4703 cunin
832 4643 861 4700 Β
874 4646 908 4700 ut
921 4646 1006 4716 copia
1020 4645 1082 4701 dsc.
1101 4643 1224 4700 ductiles
1238 4640 1344 4698 dicitur
1361 4655 1417 4710 epo
1436 4641 1487 4695 iou
1505 4637 1586 4695 idion
1603 4641 1689 4712 doch·

371 4728 420 4785 lou
438 4745 495 4800 quo
514 4727 560 4785 usi
578 4727 644 4784 suni
661 4744 740 4785 muse
759 4745 815 4800 quo
834 4731 864 4784 ei
882 4729 992 4783 curetes
1010 4729 1150 4782 nocentur
1168 4722 1269 4781 msiris
1288 4721 1374 4778 deum
1400 4719 1552 4791 comitesqe
1574 4719 1690 4781 iecmuul

372 4811 459 4866 mutu
484 4810 523 4865 M
598 4813 635 4865 ΒΟ
658 4807 764 4865 hinnitu
788 4807 874 4881 seris]
898 4806 1049 4864 iuuilueris
1072 4806 1148 4862 ΒΜ
1223 4811 1258 4861 ts
1282 4801 1388 4876 donn]
1418 4801 1521 4858 ductus
1551 4802 1590 4857 M
1659 4812 1688 4863 il

371 4887 503 4964 ferietur]
522 4888 632 4947 leretur
649 4890 722 4946 ΒΜ
794 4889 918 4946 molosus
938 4887 988 4960 qui
1005 4888 1156 4946 trimaorus
1176 4887 1213 4943 M
1230 4885 1369 4944 molossus
1389 4880 1439 4956 qui
1457 4881 1617 4942 ntmecrius
1633 4885 1658 4944 Β
