3602 5482
777 1235 891 1340 Ans
935 1237 1329 1342 GRAMMATICI

699 1399 1005 1502 DOSITHEI
1056 1402 1404 1504 tttdlstttl

386 1675 409 1714 μ.
425 1662 487 1706 τοι.
500 1663 556 1706 ram

476 1753 534 1815 Ars
547 1754 741 1834 grammatica
756 1760 803 1815 eet
817 1755 942 1817 seientia
958 1753 1108 1818 emendati
1124 1757 1274 1818 sermonis
1292 1755 1322 1818 io
1343 1753 1494 1836 quuendo
1509 1765 1540 1819 et
1555 1755 1713 1819 scribendo

387 1869 620 1942 poematnmqoe
643 1877 678 1922 ao
701 1859 841 1924 lectionis
858 1861 994 1944 prudens
1013 1872 1217 1945 praeceptum.
1255 1867 1468 1945 grammaticus
1488 1871 1534 1928 eat
1553 1867 1607 1946 qui
1625 1865 1713 1927 onius

386 1971 534 2052 eninaque
562 1972 608 2032 rei
636 1961 710 2032 vim
724 1987 758 2032 ao
787 1972 1003 2052 proprietatem
1031 1979 1132 2053 potest
1155 1970 1315 2053 explanare
1343 1971 1472 2056 loquela.
1518 1975 1594 2036 artis
1616 1985 1736 2056 gram-⁵

387 2079 512 2141 matieae
531 2078 664 2142 officinm
683 2085 802 2142 constat
820 2078 958 2161 partibus
978 2088 1135 2164 quattuor,
1153 2080 1282 2144 leotione
1298 2079 1507 2143 emendatione
1522 2083 1711 2144 enarratione

385 2186 507 2250 indicio.
553 2187 642 2252 lentio
672 2197 718 2250 est
745 2189 825 2251 varia
855 2191 1003 2271 oninique
1034 2190 1140 2272 scripti
1173 2189 1379 2271 pronuntiatio
1412 2189 1548 2252 serviens
1577 2189 1710 2272 dignitati

386 2313 584 2378 personarum
599 2297 832 2378 exprimeoeqne
847 2295 981 2359 habitum
997 2297 1088 2359 animi
1103 2297 1263 2378 auidaque·
1284 2296 1455 2360 emendatio
1466 2307 1514 2360 est
1529 2301 1710 2360 recorrectio

386 2423 541 2489 errorum,
563 2407 616 2487 qni
639 2423 694 2488 per
718 2409 900 2489 serIptnram
924 2405 1123 2468 dictionemre
1147 2406 1232 2469 dont
1275 2407 1427 2469 enarratio
1447 2415 1494 2469 eet
1512 2376 1710 2470 obseuromm

386 2531 531 2577 moenum
555 2515 827 2596 quaestionumque
858 2515 999 2577 narratio.
1046 2513 1208 2576 Iudicium·
1222 2523 1269 2577 est
1297 2533 1357 2596 qno
1385 2523 1521 2596 ροεωτιο
1551 2526 1709 2598 ceteraque
1723 2527 1746 2570 ιι

477 2759 781 2834 daemomonem
817 2769 831 2817 t
852 2761 991 2819 INCIPIT
1011 2758 1260 2818 Gssdttttttwn
1281 2759 1458 2819 DOSITIIEI
1477 2761 1657 2819 ittotstttl

387 2848 421 2899 10
440 2843 567 2902 umido
585 2842 635 2900 DE
654 2842 794 2901 IUDICIO
814 2843 955 2901 Indictium

388 2989 603 3000 -ι--.-

475 3079 564 3137 Mra
584 3079 771 3154 grammatica
791 3109 824 3122 -
843 3085 925 3150 dim
945 3079 1092 3137 deeoenffit
1112 3079 1203 3136 Βίωνι.
1215 3083 1365 3151 poento
1439 3086 1455 3136 9
1475 3055 1708 3154 perscriptorem

385 3159 574 3220 dictionemre
593 3162 739 3220 Diomedae

478 3401 586 3489 Τέχνη
619 3397 833 3489 γραμματική
866 3400 959 3468 ἐστιν
989 3401 1116 3487 γνῶσις
1148 3399 1396 3486 διωρθωμένης
1429 3393 1564 3486 ὁμιλίας
1596 3399 1634 3467 ἐν
1665 3398 1707 3490 τῷ

383 3508 496 3594 λέγειν
526 3507 583 3578 καὶ
611 3511 649 3579 ἐυ
676 3511 723 3603 τῷ
751 3506 898 3597 γράφειν
925 3503 1125 3595 ποιημάτων
1152 3531 1189 3574 τε
1217 3505 1274 3574 καί
1303 3501 1529 3593 άναγυάσεως
1557 3511 1708 3595 ἔμπειρος

333 3607 344 3628 ’
385 3618 587 3686 διδασκαλίοι
624 3671 632 3686 .
669 3614 898 3706 γραμματικός
931 3617 1022 3685 ἐστιν
1056 3610 1094 3696 ὃς
1127 3611 1204 3695 ἑνὸς
1238 3612 1382 3684 ἑκάστου
1418 3614 1614 3705 πράγματος
1650 3611 1706 3700 τήν

385 3723 534 3814 δύναμιν
556 3725 613 3794 καί
634 3717 698 3814 ’τήν
722 3724 904 3814 κυριότητα
929 3723 1072 3793 δύναται
1095 3727 1283 3811 σαφηνίσαι
1305 3727 1346 3813 τῆ
1375 3727 1483 3816 λαλιᾷ.
1511 3726 1571 3811 τῆς
1593 3724 1708 3812 τέχνης

382 3836 442 3923 τῆς
474 3837 705 3924 γραμματικῆς
733 3831 754 3922 ή
782 3832 875 3916 τάξις
908 3833 1113 3919 συνέστηκεν
1143 3832 1282 3919 μέρεσιν
1314 3832 1488 3920 τέτρασιν,
1520 3830 1728 3922 ἀναγνώσεις

384 3939 570 4030 διορθώσει
595 3941 749 4030 ἐξηγήσει
772 3946 890 4029 κρίσει.
936 3936 1129 4027 άυάγυωσίς
1153 3941 1246 4008 ἐστιν
1264 3945 1401 4028 ποικίλη
1421 3939 1562 4028 ἑκάστης
1579 3941 1706 4029 γραφῆς

383 4049 575 4139 ἐκφοίνησις
604 4049 818 4120 δουλεύουσα
851 4053 897 4144 τῷ
930 4045 1093 4139 άξιάματι
1120 4052 1189 4119 τῶν
1217 4047 1410 4139 προσώπων
1438 4049 1495 4119 καὶ
1523 4051 1706 4120 ἐκτυποῦσα

382 4157 422 4230 τὸ
451 4165 560 4250 σχῆμα
592 4163 652 4248 τῆς
685 4157 829 4230 ἑκάστου
857 4161 975 4248 ψυχῆς.
1027 4155 1216 4248 διόρθωσίς
1247 4159 1339 4228 ἐστιν
1371 4157 1610 4248 ἐπανόρθωσις
1642 4159 1704 4225 τῶν

382 4273 523 4338 πλανῶν
541 4271 611 4338 τῶν
632 4266 689 4337 διὰ
707 4271 842 4356 γραφῆς
859 4263 881 4355 ῆ
901 4268 1021 4349 λέξεως
1039 4267 1244 4356 γενομένων.
1282 4266 1437 4355 ἐξήγησίς
1455 4269 1547 4338 ἐστιν
1566 4264 1704 4356 άσαφάν

384 4380 551 4448 διανοιῶν
572 4378 629 4448 καὶ
659 4375 827 4466 ζητήσεων
857 4373 1085 4463 διήγησις.
1129 4380 1239 4462 κρίσις
1267 4376 1285 4444 ἐ
1293 4375 1397 4446 στὶν
1426 4365 1517 4469 ᾦτδι
1541 4374 1737 4465 ποιήματαιο

382 4487 438 4555 καί
461 4487 521 4567 τάς
543 4483 663 4568 λοιπάς
690 4483 824 4576 γραφάς
854 4487 1044 4573 διαρτοῑμευ
1073 4483 1128 4552 καί
1158 4482 1458 4574 διασταθμοίμεθα.
1502 4487 1562 4572 τῆς
1593 4485 1705 4573 τέχνης

382 4599 442 4684 τῆς
464 4599 695 4687 γραμματικῆς
719 4598 758 4664 αί
778 4591 878 4684 άρχαὶ
902 4589 968 4662 άπὸ
988 4595 1057 4661 τῶν
1076 4599 1253 4694 στοιχείων
1273 4594 1478 4681 ἐγείρονται,
1501 4589 1542 4662 τά
1562 4602 1703 4682 στοιχεῖα

474 4849 684 4912 ιἰσυτεκτηκεν
771 4833 944 4911 άταγτάοει]
975 4855 1136 4906 αυαρνωτει
1223 4841 1320 4893 ὅταν
1342 4841 1459 4893 πίτνων
1481 4855 1568 4892 τινοιν
1585 4838 1639 4892 δια

383 4929 567 4993 λγεναμενω
588 4925 733 4993 εξογρησις
806 4940 930 4992 αιιαφων
1005 4927 1038 4974 10
1057 4915 1187 4990 διήγησις
1205 4936 1255 4974 oon.
1331 4914 1408 4975 ἐστίν
1426 4937 1478 4976 σοι.
