3590 5486
312 281 379 350 212
762 301 768 306 “
864 284 1098 345 ctsstoltoltlt

307 385 488 436 nmmo

309 470 419 536 latinae
443 471 563 553 linguae
584 471 724 540 nesciunt
743 473 857 538 servire
877 473 1032 558 disposite.
1071 492 1088 536 a
1112 477 1143 538 ln
1167 473 1226 536 llne
1247 471 1381 538 adverbii
1400 493 1461 538 non
1480 473 1645 556 relinquas,

308 599 324 644 a
352 582 464 644 ilerum
489 583 572 646 casui
600 585 740 664 genetivo
767 603 829 646 non
857 583 1027 646 subtrahas.
1070 582 1165 646 multa
1189 585 1280 648 etiam
1310 594 1452 667 respectu
1476 582 1647 668 euphoniae

306 697 433 772 propter
452 689 674 773 subsequentes
698 690 814 755 litteras
831 691 1031 775 probabiliter
1048 693 1258 775 immutamus,
1283 698 1317 756 ut
1340 691 1519 756 illuminatio
1543 693 1647 754 irrisio

307 797 504 862 immutabilis
522 801 634 883 impius
654 799 820 882 improbus.
854 819 870 863 r
888 799 1020 864 litteram
1031 785 1202 864 ¹narrationi
1217 799 1287 864 tolle
1303 801 1501 884 superfluam:
1520 819 1647 884 agnaro

308 909 405 991 enim,
432 906 462 970 id
487 916 535 972 est
558 911 634 972 seito
659 927 714 972 seu
738 910 851 992 perito,
879 911 962 973 venit
985 910 1117 972 nominis
1139 910 1199 972 ista
1222 911 1412 992 compositio.
1453 911 1548 995 quod,
1576 921 1676 974 sormi

308 1034 476 1098 pronomen
505 1025 568 1100 est,
597 1017 709 1102 perd,
738 1035 798 1082 non
826 1023 918 1100 pert
944 1015 1092 1100 litteram;
1121 1035 1191 1082 cnm
1219 1036 1291 1082 vero
1320 1017 1496 1104 adverbium
1526 1021 1649 1084 numeri

309 1133 370 1210 est,
394 1133 493 1210 pert,
515 1145 576 1190 non
597 1145 651 1209 per·
673 1126 693 1188 d
712 1125 843 1188 litteram
863 1125 1058 1190 scribendum
1078 1137 1132 1192 est.
1166 1129 1329 1209 quicquam
1348 1147 1365 1192 c
1384 1130 1479 1210 magis
1498 1130 1529 1191 ln
1550 1130 1648 1210 prima

293 1233 421 1318 ⁸syllaba
439 1235 614 1319 ponendum
633 1241 681 1298 est
700 1251 790 1316 qnam
809 1233 829 1296 d
851 1241 978 1317 propter
998 1235 1194 1320 euphoniam,
1218 1254 1308 1318 quam
1327 1237 1531 1319 praecipimus
1550 1239 1647 1318 sequi.

310 1343 382 1426 quid
406 1341 515 1428 plura?
538 1343 706 1408 seeundum
726 1342 845 1425 regulas
871 1343 1115 1425 artigraphorum
1139 1363 1215 1425 quae
1240 1354 1341 1409 tamen
1365 1353 1438 1408 surnt
1461 1343 1648 1408 emendanda

310 1470 473 1537 percurre,
500 1472 538 1517 ne
563 1451 738 1516 articulatae
762 1453 845 1514 vocis
869 1450 996 1534 pulchra
1019 1451 1183 1516 modulatio
1212 1455 1383 1536 peregrinis
1412 1452 1522 1517 litteris
1545 1471 1647 1516 macu-
1664 1465 1689 1505 ¹⁰

311 1560 370 1624 lata
395 1560 507 1624 absorm
537 1565 638 1644 potius
663 1569 693 1625 et
721 1560 864 1624 indecora
887 1558 1040 1624 reddatur.
1079 1559 1299 1643 orthographos
1328 1563 1446 1644 priscos
1470 1563 1648 1643 frequenter

311 1669 427 1754 relege,
459 1687 537 1751 quos
568 1688 624 1752 ego
655 1671 783 1734 inlerius
813 1668 901 1732 titulo
935 1671 1126 1754 tricensimo,
1162 1669 1215 1734 ubi
1247 1663 1284 1735 de
1315 1673 1494 1755 antiquariis
1528 1671 1649 1754 legitur,

313 1789 439 1862 propter
455 1781 593 1842 notitiam
608 1778 932 1842 librariorum-utiliter
947 1781 1156 1843 instruendam
1172 1779 1363 1844 deflorandos
1382 1799 1449 1844 esse
1464 1779 1603 1856 iudicavi,
1618 1773 1656 1842 at'

314 1891 504 1952 extrinsecus
523 1887 594 1952 huic
615 1887 692 1951 libro
709 1886 745 1950 de
761 1887 975 1970 orthographia
995 1887 1117 1952 titulum
1132 1888 1210 1952 dedi.
1235 1890 1276 1952 ita
1295 1891 1443 1971 confingit
1464 1898 1498 1953 ut
1516 1898 1547 1952 et
1565 1887 1648 1951 istud

313 1995 450 2060 studioso
469 1997 566 2077 prosit
579 1993 691 2080 legere,
705 1995 758 2059 nbi
778 1999 933 2078 cognoscit
952 2015 1029 2078 quae
1048 2000 1080 2061 in
1096 2000 1257 2081 scripturis
1271 2001 1383 2062 sanctis
1401 1999 1526 2062 mininie
1540 1995 1650 2060 debeat
1665 2007 1691 2048 1⁶

313 2106 424 2169 violare
449 2114 480 2169 et
502 2103 577 2167 illud
601 2104 887 2168 necessario‘latius
912 2105 1060 2190 discatur,
1079 2107 1131 2170 ubi
1155 2107 1338 2190 generaliter
1359 2117 1553 2190 praesumpta
1578 2109 1650 2170 ritia

314 2217 516 2297 corrigantur.

313 2365 391 2416 95„
406 2365 441 2407 „L
455 2363 509 2406 ,m
714 2321 755 2385 lll
779 2325 830 2386 Ex
853 2326 989 2388 edudm
1013 2327 1088 2388 libri
1110 2343 1136 2387 e.
1153 2325 1254 2387 XXX

405 2443 530 2506 Accedit
552 2443 644 2504 etiam
668 2439 807 2504 laudibus
827 2460 933 2504 eorum
957 2445 1009 2522 qui
1034 2443 1147 2504 lactum
1170 2442 1284 2513 domini
1308 2442 1408 2524 aliquo
1432 2443 1521 2507 modo
1546 2441 1649 2506 riden-

316 2560 367 2613 tur
396 2553 522 2634 imitari,
552 2553 605 2631 qui
639 2549 737 2630 legem
768 2567 867 2632 suam,
898 2549 969 2612 licet
1000 2549 1165 2632 figuraliter
1196 2553 1236 2614 sit
1271 2551 1401 2635 dictum,
1434 2552 1650 2633 omnipotentis
1664 2560 1692 2600 ²⁰

317 2659 403 2741 digiti
426 2661 602 2741 operatione
626 2659 815 2740 conscripsit.
854 2657 947 2721 muita
971 2667 1043 2720 surnt
1066 2659 1188 2740 quidem
1208 2677 1284 2740 quae
1305 2659 1342 2722 de
1366 2667 1426 2724 tam
1450 2661 1561 2740 insigni
1584 2667 1650 2721 arte

316 2769 505 2851 relerentur,
535 2767 588 2829 sed
619 2767 732 2830 sufficit
763 2785 816 2829 eos
846 2767 906 2829 dici
936 2765 1076 2829 librarios
1107 2769 1160 2848 qul
1189 2765 1283 2830 librae
1312 2767 1427 2832 domini
1456 2768 1650 2848 iustitiaeque

317 2875 500 2940 deserviunt.
539 2875 591 2938 sed
615 2893 653 2938 ne
678 2884 761 2938 tanto
786 2874 866 2937 bono
885 2877 1008 2938 mutatis
1030 2875 1142 2939 litteris
1162 2879 1328 2959 scriptores
1346 2875 1437 2938 rerba
1458 2878 1563 2939 vitiosa
1582 2893 1651 2956 per·

317 2987 465 3049 misceant
493 2993 545 3047 aut
573 2983 743 3046 ineruditus
768 2982 944 3047 emendator
967 2985 1082 3048 neseiat
1106 2995 1205 3048 errata
1234 2988 1402 3068 corrigere,
1430 2983 1652 3065 orthographos

318 3096 458 3176 antiquos
482 3092 596 3176 legant,
619 3093 648 3156 id
674 3101 720 3156 est
743 3089 859 3156 Velium
883 3090 1038 3175 Longum,
1063 3092 1200 3156 Curtium
1221 3092 1425 3176 Valerianum,
1448 3093 1652 3174 Papirianum,
1667 3105 1693 3145 2⁵

317 3202 528 3265 Adamantium
551 3201 729 3284 Martyrium
753 3201 789 3264 de
814 3220 832 3262 r
856 3209 887 3262 et
910 3199 944 3285 b,
973 3201 1109 3264 eiusdem
1133 3203 1170 3263 de
1198 3203 1305 3284 primis
1336 3200 1443 3263 mediis
1467 3209 1557 3280 atque
1580 3198 1651 3262 ulti·

318 3313 376 3375 mis
400 3309 536 3395 syllabis,
559 3310 695 3375 eiusdem
719 3312 757 3372 de
781 3310 800 3373 b
823 3309 924 3373 littera
948 3310 1094 3372 trifariam
1116 3312 1148 3372 in
1167 3313 1288 3374 nomine
1307 3311 1419 3392 posita,
1444 3317 1474 3371 et
1492 3307 1652 3389 Eutychen

319 3419 355 3484 de
384 3421 579 3503 aspiratione,
616 3419 668 3482 sed
698 3431 729 3484 et
751 3419 861 3483 Focam
889 3419 926 3481 de
955 3418 1124 3482 differentia
1155 3421 1289 3501 generis,
1317 3437 1395 3499 quos
1423 3409 1494 3502 ego,
1523 3426 1670 3502 quantos¹
1718 3489 1723 3501 .

319 3531 419 3612 potui,
443 3528 578 3592 studiosa
602 3532 778 3592 curiositate
802 3528 917 3610 collegi.
956 3538 987 3591 et
1005 3547 1043 3591 ne
1063 3530 1234 3610 quempiam
1259 3535 1493 3588 memoratorum
1513 3524 1653 3588 codicum

320 3636 489 3700 obscuritas
518 3637 661 3700 derelicta
691 3637 841 3720 turbaret,
869 3639 1012 3719 quoniam
1040 3639 1232 3717 antiquarum
1257 3633 1492 3698 declinationum
1522 3637 1653 3716 permix-
1669 3649 1697 3688 ιο
1735 3673 1741 3684 ·

320 3747 401 3808 tione
426 3764 482 3827 pro
502 3749 630 3809 maxima
652 3754 739 3828 parte
764 3746 882 3808 coniusi
906 3753 990 3827 sunt,
1014 3763 1122 3825 magno
1142 3743 1242 3806 studio
1266 3743 1378 3806 laboris
1402 3742 1541 3826 incubui,
1565 3745 1654 3809 utin

320 3853 398 3918 libro
422 3863 612 3936 sequestrato
637 3865 727 3936 atque
752 3857 933 3938 composito,
961 3856 1014 3934 qui
1038 3853 1215 3916 inscribitur
1238 3852 1275 3914 de
1300 3851 1513 3935 orthographia
1537 3851 1574 3914 ad
1600 3870 1655 3912 ros

320 3962 482 4026 delloratae
510 3965 633 4046 regulae
661 3965 857 4047 pervenirent
885 3971 916 4025 et
944 3962 1098 4026 dubietate
1127 3963 1244 4026 sublata
1276 3962 1401 4025 liberior
1429 3965 1548 4025 animus
1577 3962 1656 4022 riam

414 4111 427 4160 1
448 4103 477 4176 a]
498 4119 531 4160 aa
550 4107 667 4174 utroque
686 4103 744 4159 loco
763 4118 780 4162 ς
853 4107 870 4156 t
889 4120 904 4156 r
921 4099 1048 4157 litteram
1067 4101 1223 4158 namhoni
1241 4101 1312 4159 tolle
1331 4100 1474 4173 superflua
1487 4099 1515 4154 Β
1534 4097 1560 4155 G
1578 4097 1655 4154 litte

320 4201 382 4240 ram
396 4201 414 4240 a
427 4184 590 4242 narratione
604 4184 674 4241 tolle
689 4183 861 4256 superfluam
875 4199 892 4242 ς
958 4187 974 4237 8
989 4198 1075 4252 quam
1088 4183 1280 4255 praecipimus
1295 4197 1313 4242 ς
1327 4198 1385 4253 qus
1398 4179 1572 4254 precipimur
1584 4177 1613 4234 Β

322 4272 355 4322 1³
375 4267 521 4340 notitiam]
542 4267 652 4324 noima
671 4266 700 4321 Β
775 4271 808 4322 to
828 4265 932 4321 debeat
949 4261 1088 4318 dioiolare
1106 4264 1135 4319 Β
1209 4271 1243 4321 td
1262 4263 1381 4321 discitur
1399 4263 1450 4322 Βς

413 4349 631 4406 Institutionum
645 4349 808 4406 divisoriam
823 4351 908 4417 caput
920 4343 1018 4400 XXX
1031 4361 1044 4398 e
1058 4345 1166 4404 duobus
1180 4346 1321 4402 codicibus
1334 4343 1524 4399 Bonnensibus
1538 4347 1592 4397 171
1607 4341 1656 4410 (G)

321 4433 347 4483 et
370 4434 431 4486 225
449 4431 505 4499 (D)
527 4432 701 4488 mnadotum
723 4430 811 4486 edidit
833 4428 971 4498 Hagenue
993 4429 1088 4484 anecd.
1113 4427 1218 4483 Helvet.
1239 4426 1331 4496 grass.
1354 4441 1385 4494 p.
1406 4421 1585 4479 GXXXXI

324 4515 356 4588 19
377 4511 482 4567 accidit
499 4511 558 4568 ΒΟ
620 4519 655 4568 tt
674 4511 835 4568 referuntur
853 4511 884 4566 D
952 4511 997 4566 set
1015 4508 1135 4566 suflicite
1155 4509 1206 4563 hos
1226 4506 1297 4562 dicit
1315 4503 1447 4561 librarios
1465 4503 1494 4558 Β
1563 4503 1656 4560 librae

322 4588 431 4646 domini
445 4592 504 4648 Bc
519 4592 609 4650 libere
624 4590 740 4648 domino
753 4592 784 4647 D
839 4597 874 4646 tt
893 4589 1073 4662 papinianum
1088 4590 1140 4648 Dc
1159 4588 1348 4659 paparionem
1365 4585 1395 4656 0,
1413 4601 1465 4641 oso.
1484 4583 1513 4639 Β
1563 4589 1598 4640 ti
1619 4584 1656 4641 de

322 4669 459 4728 blittero
479 4671 502 4728 0
554 4674 668 4730 trifaria
687 4673 744 4728 OD
762 4672 902 4744 tripharia
920 4671 949 4726 Β
1004 4670 1138 4727 eutichen
1154 4669 1205 4728 Βς
1225 4665 1337 4723 euticen
1356 4667 1386 4721 D
1441 4671 1477 4721 18
1498 4673 1511 4721 1
1532 4667 1656 4736 quantos

235 4827 236 4832 ἵ
323 4753 405 4824 potui
423 4755 451 4809 Β
470 4758 578 4826 quanto
597 4755 678 4827 potui
698 4755 847 4825 unanta
865 4752 947 4825 potui
965 4753 996 4807 D
1015 4754 1153 4823 qnantum
1171 4749 1289 4821 potuis
1363 4754 1398 4806 30
1417 4747 1655 4820 declinationum]

323 4833 515 4892 declinatione
534 4837 562 4891 Β
635 4844 669 4893 31
689 4855 741 4908 pro
760 4837 886 4893 maxime
905 4837 987 4906 parte
1006 4833 1128 4906 confusi]
1148 4831 1264 4906 propria
1282 4833 1364 4902 parte
1384 4828 1505 4886 conlnsa
1525 4827 1549 4884 G
