3604 5486
364 315 433 382 484
867 309 1047 370 Assvsiuril
1067 309 1189 368 Missi!

366 429 387 468 s.
401 418 449 460 eso.
464 417 505 460 ssa
519 415 547 457 u.

366 507 402 566 in
437 505 595 566 virentis
632 504 740 564 etium
778 511 814 566 et
851 501 1032 585 spirantis
1070 501 1190 582 capite
1229 497 1376 562 bustum
1414 501 1492 562 suis
1530 495 1695 560 manibus
1739 508 1742 514 '

365 615 604 696 imponeret.

456 720 610 802 immigrat
633 723 664 784 in
688 721 824 806 domum,
849 723 908 785 Cic.
933 720 971 783 de
995 719 1083 784 domo
1107 737 1161 782 sua
1185 719 1336 794 (11107)
1360 717 1446 780 deos
1469 715 1697 780 immortales
1740 732 1745 741 ·

366 831 588 894 existimatis
612 833 719 893 cuius
743 829 868 894 labore
893 837 928 892 et
952 847 1029 890 cum
1055 849 1072 888 s
1096 826 1236 891 domum
1260 826 1445 890 adflictum
1470 837 1505 890 et
1532 843 1696 888 eversam

366 941 575 1022 immigrare
601 939 763 1004 voluisse
788 989 794 1004 .
1403 1007 1413 1022 ,
1707 947 1719 988 ⁵

457 1047 613 1112 inhorruit
627 1047 676 1112 illa
691 1067 741 1112 res
756 1048 805 1112 illa
820 1067 865 1132 re,
880 1047 966 1128 Verg.
983 1049 1054 1110 heu.
1069 1045 1093 1106 V
1109 1047 1176 1123 (11)
1191 1047 1381 1110 inhorruit
1401 1047 1493 1110 unda
1514 1044 1696 1110 tenebris.

366 1157 519 1231 inhorruit
542 1156 621 1220 illem
645 1177 724 1242 rem,
748 1157 833 1222 idem·
852 1160 925 1220 hen.
950 1155 976 1218 X
1000 1157 1093 1232 (711)
1118 1165 1152 1219 et
1176 1155 1364 1218 inhorruit
1387 1172 1505 1218 armos
1529 1203 1536 1218 .

382 1335 389 1352 ‚
457 1267 491 1331 lu
514 1267 589 1331 baec
613 1277 709 1352 errat,
737 1267 838 1331 idest
866 1270 897 1330 in
925 1265 999 1330 baec
1028 1266 1126 1329 lertur
1155 1264 1298 1346 errando,
1327 1263 1413 1345 Verg.
1437 1281 1539 1346 georg.
1564 1265 1576 1327 l
1600 1264 1696 1338 (337)
1739 1281 1743 1296 ·

597 1395 689 1458 quos
713 1378 809 1459 iguis
833 1374 926 1438 caeli
950 1373 1137 1458 Cyllenius
1161 1375 1321 1436 erretis
1345 1371 1466 1455 orbes,

366 1484 446 1548 idem
470 1485 543 1548 hen.
567 1485 603 1548 X
623 1486 717 1563 (885)
741 1485 863 1548 laevos
887 1485 1068 1566 equitavit
1090 1485 1127 1546 in
1150 1480 1258 1545 orbes
1282 1529 1289 1544 .
1710 1493 1734 1534 ιι

306 1573 308 1581 ’
458 1593 582 1677 indgtlo
610 1593 666 1658 huc
695 1614 727 1658 re
757 1613 813 1677 pro
843 1591 964 1675 invigilo
991 1592 1063 1655 bulc
1096 1593 1156 1674 rei,
1189 1588 1275 1671 Verg.
1304 1607 1406 1672 georg.
1434 1589 1489 1652 llll
1518 1591 1612 1666 (158)
1645 1591 1696 1652 in·

367 1703 523 1786 vigilant
546 1706 661 1788 rictu,
684 1704 765 1766 idem
789 1703 861 1766 hen.
885 1700 965 1764 Vllll
990 1701 1090 1776 (505)
1114 1708 1247 1762 senatu
1271 1699 1469 1781 invigilant
1491 1702 1599 1782 pueri
1623 1748 1631 1762 .

458 1813 491 1876 ln
516 1823 637 1877 noctem
660 1812 782 1896 siletur,
806 1811 893 1894 Verg.
917 1828 1018 1893 georg.
1042 1808 1097 1873 llll
1120 1809 1213 1884 (189)
1238 1807 1373 1872 siletur
1396 1811 1432 1872 in
1456 1818 1616 1893 noctem,
1640 1807 1697 1871 Sul.

367 1921 436 1986 hist.
457 1922 468 1984 l
492 1931 531 1986 ut
555 1921 694 2005 Syllani
719 1923 837 2004 lugam
863 1915 1085 2000 [innocentem]
1109 1921 1145 1980 in
1169 1929 1311 1982 noctem
1336 1926 1614 2000 componerent,
1637 1917 1697 1980 Cic.
1740 1906 1743 1918 '

369 2030 407 2094 de
431 2049 494 2114 rep.
519 2029 556 2093 vi
581 2031 654 2106 (10)
679 2047 883 2092 sermonem
907 2031 943 2092 in
967 2028 1114 2091 multam
1139 2036 1279 2089 noctem
1303 2026 1542 2109 produximus
1567 2075 1574 2088 .
1712 2038 1733 2078 ιε

459 2139 565 2202 lniclix
589 2138 669 2202 illius
693 2141 752 2222 rei,
775 2137 862 2220 Verg.
887 2138 959 2200 den.
984 2137 1039 2200 llll
1063 2137 1158 2212 (529)
1188 2135 1317 2198 infelix
1346 2137 1455 2198 animi
1483 2135 1699 2200 Phoenissa:

368 2250 411 2310 sic
436 2247 494 2310 Sel.
518 2247 588 2312 hur.
611 2247 625 2310 l
648 2251 758 2311 animi
781 2246 997 2310 immodicus
1021 2295 1028 2310 .
1050 2241 1054 2327 Ι

458 2354 492 2419 ln
512 2356 592 2420 illam
612 2375 677 2420 rem
696 2374 751 2439 pro
771 2375 861 2421 causa
880 2355 961 2418 illius
981 2357 1041 2438 rei,
1065 2353 1151 2436 Verg.
1166 2357 1240 2416 Aen.
1255 2353 1305 2417 Vll
1322 2355 1391 2430 (13)
1416 2357 1494 2417 urit
1517 2365 1698 2418 nocturna

368 2465 558 2529 inlumina
579 2464 742 2549 cedrum,
767 2465 824 2528 Sal.
840 2465 908 2528 hist
925 2464 1115 2527 homnium
1135 2465 1293 2546 partium
1309 2462 1420 2525 decus
1439 2464 1475 2524 ln
1496 2464 1698 2526 mercedem

367 2583 583 2657 corruptum
616 2583 709 2658 erat,
741 2573 820 2636 idem
849 2572 1000 2636 Etruria
1033 2573 1149 2635 omnis
1183 2589 1261 2634 cum
1290 2569 1424 2653 Lepido
1458 2583 1631 2652 suspecte
1664 2577 1735 2635 iuti

368 2684 564 2748 tumultum
588 2691 667 2746 crat
691 2731 699 2746 .

459 2792 610 2876 implexus
639 2791 689 2856 ille
718 2811 767 2875 re,
796 2792 882 2873 Verg.
907 2767 988 2872 geor.
1014 2790 1187 2866 1111(182)
1222 2787 1486 2871 caerrrloosque
1519 2789 1698 2874 implexae

369 2901 537 2966 crinibus
561 2918 696 2983 angues
720 2900 940 2964 Eumenides
964 2949 970 2963 .

461 3012 600 3093 lugratus
624 3010 704 3074 illius
728 3013 788 3092 rei,
813 3009 899 3092 Verg.
922 3012 994 3072 deri.
1020 3009 1045 3070 X
1070 3009 1171 3084 (666)
1196 3011 1439 3091 ingratusque
1463 3005 1595 3070 salutis
1620 3057 1627 3072 .

464 3258 556 3316 Codex
578 3259 730 3315 Parrhasii
766 3264 782 3314 'l
802 3257 882 3314 illam
900 3257 973 3330 rem]
993 3255 1045 3312 illa
1062 3254 1143 3312 illam
1162 3273 1221 3311 rem
1308 3263 1325 3312 8
1345 3255 1498 3312 erraudaus
1518 3273 1588 3312 corr.
1609 3286 1643 3297 -
1663 3255 1698 3312 do

407 3348 440 3397 10
459 3339 483 3396 x
502 3340 553 3398 dm.
639 3339 814 3412 tassiloni]
839 3339 941 3411 syllam
1017 3343 1050 3392 15
1071 3335 1121 3409 Vl]
1143 3335 1182 3392 lli
1258 3343 1291 3394 lo
1311 3335 1431 3393 Inicelix
1451 3335 1503 3394 illa
1524 3337 1608 3408 Verg.
1630 3336 1697 3394 Aeo.

369 3423 423 3480 1111
442 3421 559 3480 infoelix
578 3421 667 3478 animi
685 3422 819 3494 phcniasa
892 3427 927 3476 ‘20
946 3420 976 3476 in
995 3420 1121 3476 tumultu

462 3655 531 3707 lut
557 3651 587 3706 in
616 3649 674 3707 rivi
701 3649 789 3707 etiam
817 3651 847 3706 et
875 3647 1010 3719 spirantis
1039 3645 1181 3718 capitibus
1209 3650 1271 3702 tum
1300 3645 1358 3701 suis
1386 3643 1517 3700 manibus
1541 3644 1699 3716 imponeret

370 3735 474 3790 codices
494 3732 648 3800 Ciceronis,
673 3733 721 3788 ubi
745 3735 833 3803 capnt
859 3731 973 3786 bustum
991 3729 1088 3800 culpo,
1114 3727 1203 3800 cupiti
1223 3729 1338 3784 bustum
1361 3725 1535 3783 Garatcaias
1551 3727 1609 3786 Cic.
1630 3735 1697 3784 orat.

370 3833 394 3871 u.
420 3815 488 3870 VII
501 3815 594 3885 praes.
609 3832 640 3885 p.
662 3813 715 3869 IX
799 3810 941 3883 capitibus
966 3827 1031 3866 cum
1054 3811 1140 3867 cederi
1158 3811 1312 3866 Garatonii
1339 3815 1364 3865 et
1381 3810 1568 3880 superscripto
1587 3827 1653 3866 cum
1674 3811 1700 3865 P

442 3897 546 3954 3deos
574 3894 751 3952 immortales
779 3892 962 3962 existimatis,
991 3891 1070 3948 cuius
1099 3890 1196 3946 labore
1226 3894 1256 3948 et
1281 3889 1401 3947 consilio
1429 3906 1480 3945 aua
1507 3889 1563 3962 ipsi
1590 3891 1699 3963 templs

369 3980 536 4045 tenuerunt,
556 3975 585 4032 in
604 3976 664 4032 cius
683 3975 800 4030 domum
819 3973 963 4029 addictam
983 3977 1013 4030 et
1031 3990 1159 4029 cremam
1178 3989 1229 4044 par
1255 3972 1313 4028 mm
1338 3970 1462 4028 hominis
1487 3972 1698 4029 sceleratissimi

369 4059 509 4117 refanum
529 4057 709 4114 latrocinium
728 4057 891 4127 immigrare
911 4056 1034 4112 voluisse
1046 4056 1158 4131 ‘codices
1177 4055 1317 4112 Ciceronis
1390 4063 1407 4112 9
1427 4056 1504 4112 errat
1521 4071 1556 4110 en
1571 4053 1599 4110 G
1612 4055 1698 4110 edidit

369 4143 583 4200 Lindemaaaas
673 4145 705 4194 ι’.)
725 4138 803 4194 rictu
821 4136 976 4207 invigilant
1006 4137 1144 4209 l'ergiiira
1162 4153 1252 4208 peorp.
1273 4137 1326 4193 IV
1342 4143 1398 4194 158
1487 4141 1520 4192 11
1538 4137 1572 4190 ut
1591 4133 1697 4205 syriani

372 4225 406 4294 P,
429 4225 511 4281 atsi
533 4223 615 4279 illam
638 4239 672 4278 ec
697 4221 724 4278 G
747 4222 835 4278 edidit
857 4220 1070 4276 Lindemannas
1161 4219 1341 4276 innocentem
1366 4219 1523 4276 &tenuaret
1546 4214 1698 4271 chceuus

366 4324 395 4378 p.
416 4311 452 4362 45
471 4311 497 4362 et
520 4305 661 4360 Linlcerus
680 4304 749 4374 Sall.
770 4305 969 4373 abramaeae.
992 4319 1020 4373 p.
1042 4307 1080 4359 66
1175 4307 1207 4358 17
1233 4301 1405 4358 Immodicas
1434 4298 1522 4358 ammi
1549 4296 1607 4354 Sal.
1633 4296 1696 4353 hist.

372 4388 451 4444 Maii
469 4387 554 4443 editio
574 4385 807 4452 Mediolanum,
832 4381 1004 4438 Immodicas
1023 4381 1113 4438 animi
1133 4383 1191 4438 Sal.
1211 4381 1251 4439 sic
1271 4383 1356 4439 editio
1370 4379 1509 4438 Romana.
1528 4379 1696 4436 immodicus

369 4468 458 4526 animi
477 4470 510 4524 itt
528 4468 693 4539 fragmentis
710 4467 773 4522 bist.
793 4466 840 4523 lib.
859 4467 956 4521 inccrt.
973 4465 1038 4520 olim
1053 4464 1184 4520 Sallustii
1198 4465 1315 4520 editores
1328 4465 1485 4534 potueruut
1500 4503 1506 4516 .
1523 4459 1698 4516 ‘Ammaous

373 4551 483 4607 Messe
500 4548 668 4606 immodicus
686 4547 770 4605 huius
788 4547 841 4604 rei'
863 4547 1009 4603 adnotavit
1028 4545 1129 4602 Carrio
1214 4551 1247 4602 18
1267 4544 1326 4601 urit
1343 4543 1492 4601 adorsum
1512 4545 1652 4598 nocturno
1670 4543 1697 4598 iu

371 4633 479 4698 lumina
507 4631 622 4687 cedrum
652 4630 791 4702 Vergilias
867 4635 899 4686 19
924 4628 1061 4698 omnium]
1086 4626 1262 4698 nimiumque
1286 4625 1485 4693 Romanitas,
1514 4625 1563 4694 poi
1590 4625 1697 4693 pmmas

370 4715 427 4770 duo
446 4714 578 4770 Sallustii
595 4713 721 4783 exempla
739 4713 827 4768 edidit
849 4713 882 4767 ia
905 4709 1093 4768 ascbah-Lat.
1113 4728 1137 4766 a.
1158 4709 1180 4765 I
1193 4727 1223 4781 p.
1243 4713 1299 4766 173
1385 4711 1420 4761 10
1443 4705 1521 4760 idem
1543 4703 1573 4759 in
1598 4704 1697 4760 eodem

371 4797 488 4852 coniecit
507 4795 666 4850 Dietscbius
689 4793 760 4850 Sall.
779 4795 841 4852 hist.
860 4793 961 4863 fragm.
978 4809 1009 4863 p.
1030 4797 1065 4848 15
1153 4791 1183 4846 iu
1209 4790 1364 4847 tumultum
1387 4787 1575 4843 Bursaonum
1593 4786 1612 4843 l.
1634 4793 1697 4844 aa

371 4895 405 4934 aa
424 4876 450 4935 G
468 4875 680 4933 Lindemmmus
