<?xml version="1.0" encoding="UTF-8"?>
<!DOCTYPE html PUBLIC "-//W3C//DTD XHTML 1.0 Transitional//EN"
    "http://www.w3.org/TR/xhtml1/DTD/xhtml1-transitional.dtd">
<html xmlns="http://www.w3.org/1999/xhtml" xml:lang="en" lang="en">
 <head>
  <title>
</title>
<meta http-equiv="Content-Type" content="text/html;charset=utf-8" />
  <meta name='ocr-system' content='tesseract 3.04.00' />
  <meta name='ocr-capabilities' content='ocr_page ocr_carea ocr_par ocr_line ocrx_word'/>
</head>
<body>
  <div class='ocr_page' id='page_1' title='image "./grammaticilatin00unkngoog/grammaticilatin00unkngoog_0122.png"; bbox 0 0 3616 5482; ppageno 0'>
   <div class='ocr_carea' id='block_1_1' title="bbox 109 346 1133 500">
    <p class='ocr_par' dir='ltr' id='par_1_1' title="bbox 109 346 1133 500">
     <span class='ocr_line' id='line_1_1' title="bbox 444 346 1133 410; baseline 0.007 -6"><span class='ocrx_word' id='word_1_1' title='bbox 444 346 746 406; x_wconf 71' lang='lat' dir='ltr'>ouufloultarffla</span> <span class='ocrx_word' id='word_1_2' title='bbox 784 349 833 408; x_wconf 98' lang='lat' dir='ltr'>DE</span> <span class='ocrx_word' id='word_1_3' title='bbox 853 349 989 409; x_wconf 81' lang='lat' dir='ltr'><strong>VERBIS</strong></span> <span class='ocrx_word' id='word_1_4' title='bbox 1009 349 1133 410; x_wconf 79' lang='lat' dir='ltr'>ovans</span> 
     </span>
     <span class='ocr_line' id='line_1_2' title="bbox 109 449 296 500; baseline -0.005 -9"><span class='ocrx_word' id='word_1_5' title='bbox 109 461 134 500; x_wconf 71' lang='lat' dir='ltr'>p.</span> <span class='ocrx_word' id='word_1_6' title='bbox 150 450 214 492; x_wconf 74' lang='lat' dir='ltr'>aeae.</span> <span class='ocrx_word' id='word_1_7' title='bbox 229 451 256 492; x_wconf 82' lang='lat' dir='ltr'>ar</span> <span class='ocrx_word' id='word_1_8' title='bbox 270 449 296 491; x_wconf 77' lang='lat' dir='ltr'>n.</span> 
     </span>
    </p>
   </div>
   <div class='ocr_carea' id='block_1_2' title="bbox 209 535 1225 725">
    <p class='ocr_par' dir='ltr' id='par_1_2' title="bbox 209 535 1225 725">
     <span class='ocr_line' id='line_1_3' title="bbox 209 535 1225 624; baseline 0.005 -26"><span class='ocrx_word' id='word_1_9' title='bbox 209 535 348 599; x_wconf 80' lang='lat' dir='ltr'>Stlataris</span> <span class='ocrx_word' id='word_1_10' title='bbox 372 537 438 600; x_wconf 87' lang='lat' dir='ltr'>sine</span> <span class='ocrx_word' id='word_1_11' title='bbox 462 557 479 600; x_wconf 92' lang='lat' dir='ltr'>c</span> <span class='ocrx_word' id='word_1_12' title='bbox 503 537 603 602; x_wconf 88' lang='lat' dir='ltr'>littera</span> <span class='ocrx_word' id='word_1_13' title='bbox 627 539 790 602; x_wconf 89' lang='lat' dir='ltr'>dicendum</span> <span class='ocrx_word' id='word_1_14' title='bbox 814 538 851 602; x_wconf 87' lang='lat' dir='ltr'>ab</span> <span class='ocrx_word' id='word_1_15' title='bbox 875 540 980 624; x_wconf 88' lang='lat' dir='ltr'>stlata,</span> <span class='ocrx_word' id='word_1_16' title='bbox 1003 547 1067 602; x_wconf 87' lang='lat' dir='ltr'>rate</span> <span class='ocrx_word' id='word_1_17' title='bbox 1091 542 1225 622; x_wconf 84' lang='lat' dir='ltr'>piratica.</span> 
     </span>
     <span class='ocr_line' id='line_1_4' title="bbox 209 645 1225 725; baseline 0.004 -17"><span class='ocrx_word' id='word_1_18' title='bbox 209 645 376 708; x_wconf 89' lang='lat' dir='ltr'>Stellooem</span> <span class='ocrx_word' id='word_1_19' title='bbox 399 645 492 709; x_wconf 80' lang='lat' dir='ltr'>dicito</span> <span class='ocrx_word' id='word_1_20' title='bbox 517 647 582 710; x_wconf 88' lang='lat' dir='ltr'>sine</span> <span class='ocrx_word' id='word_1_21' title='bbox 606 649 616 708; x_wconf 92' lang='lat' dir='ltr'>i</span> <span class='ocrx_word' id='word_1_22' title='bbox 640 646 741 710; x_wconf 89' lang='lat' dir='ltr'>littera</span> <span class='ocrx_word' id='word_1_23' title='bbox 765 665 781 710; x_wconf 89' lang='lat' dir='ltr'>a</span> <span class='ocrx_word' id='word_1_24' title='bbox 807 646 1004 712; x_wconf 89' lang='lat' dir='ltr'>similitudine</span> <span class='ocrx_word' id='word_1_25' title='bbox 1029 647 1194 712; x_wconf 89' lang='lat' dir='ltr'>stellarum.</span> <span class='ocrx_word' id='word_1_26' title='bbox 1220 650 1225 725; x_wconf 84' lang='lat' dir='ltr'>l</span> 
     </span>
    </p>
   </div>
   <div class='ocr_carea' id='block_1_3' title="bbox 525 1171 1045 1255">
    <p class='ocr_par' dir='ltr' id='par_1_3' title="bbox 525 1171 1045 1255">
     <span class='ocr_line' id='line_1_5' title="bbox 525 1171 1045 1255; baseline 0 -7"><span class='ocrx_word' id='word_1_27' title='bbox 525 1171 597 1248; x_wconf 85' lang='lat' dir='ltr'>DE</span> <span class='ocrx_word' id='word_1_28' title='bbox 628 1173 828 1249; x_wconf 81' lang='lat' dir='ltr'><strong>VERBIS</strong></span> <span class='ocrx_word' id='word_1_29' title='bbox 862 1173 1045 1255; x_wconf 83' lang='lat' dir='ltr'><strong>DVBIIS</strong></span> 
     </span>
    </p>
   </div>
   <div class='ocr_carea' id='block_1_4' title="bbox 70 1387 1495 2775">
    <p class='ocr_par' dir='ltr' id='par_1_4' title="bbox 206 1387 1454 1476">
     <span class='ocr_line' id='line_1_6' title="bbox 206 1387 1454 1476; baseline 0.005 -25"><span class='ocrx_word' id='word_1_30' title='bbox 206 1387 241 1452; x_wconf 95' lang='lat' dir='ltr'>ln</span> <span class='ocrx_word' id='word_1_31' title='bbox 265 1388 470 1471; x_wconf 75' lang='lat' dir='ltr'><strong>singularibus</strong></span> <span class='ocrx_word' id='word_1_32' title='bbox 494 1390 594 1455; x_wconf 85' lang='lat' dir='ltr'>verbis</span> <span class='ocrx_word' id='word_1_33' title='bbox 619 1392 713 1455; x_wconf 89' lang='lat' dir='ltr'>multa</span> <span class='ocrx_word' id='word_1_34' title='bbox 736 1389 827 1456; x_wconf 91' lang='lat' dir='ltr'>dubia</span> <span class='ocrx_word' id='word_1_35' title='bbox 848 1389 1007 1456; x_wconf 84' lang='lat' dir='ltr'>habentur.</span> <span class='ocrx_word' id='word_1_36' title='bbox 1045 1412 1079 1458; x_wconf 87' lang='lat' dir='ltr'>ea</span> <span class='ocrx_word' id='word_1_37' title='bbox 1099 1412 1154 1476; x_wconf 84' lang='lat' dir='ltr'>per</span> <span class='ocrx_word' id='word_1_38' title='bbox 1174 1393 1312 1457; x_wconf 88' lang='lat' dir='ltr'>ordinem</span> <span class='ocrx_word' id='word_1_39' title='bbox 1336 1397 1454 1458; x_wconf 84' lang='lat' dir='ltr'>littero·</span> 
     </span>
    </p>

    <p class='ocr_par' dir='ltr' id='par_1_5' title="bbox 80 1516 409 1580">
     <span class='ocr_line' id='line_1_7' title="bbox 80 1516 409 1580; baseline 0 -18"><span class='ocrx_word' id='word_1_40' title='bbox 80 1516 189 1562; x_wconf 83' lang='lat' dir='ltr'>arum</span> <span class='ocrx_word' id='word_1_41' title='bbox 214 1517 409 1580; x_wconf 79' lang='lat' dir='ltr'>exequemur.</span> 
     </span>
    </p>

    <p class='ocr_par' dir='ltr' id='par_1_6' title="bbox 112 1605 1455 2019">
     <span class='ocr_line' id='line_1_8' title="bbox 206 1605 1454 1695; baseline 0.005 -27"><span class='ocrx_word' id='word_1_42' title='bbox 206 1605 364 1670; x_wconf 74' lang='lat' dir='ltr'>Atellanae</span> <span class='ocrx_word' id='word_1_43' title='bbox 394 1625 489 1670; x_wconf 91' lang='lat' dir='ltr'>nuces</span> <span class='ocrx_word' id='word_1_44' title='bbox 513 1616 545 1670; x_wconf 92' lang='lat' dir='ltr'>et</span> <span class='ocrx_word' id='word_1_45' title='bbox 568 1607 723 1672; x_wconf 78' lang='lat' dir='ltr'>abellinae.</span> <span class='ocrx_word' id='word_1_46' title='bbox 761 1611 839 1672; x_wconf 88' lang='lat' dir='ltr'>acris</span> <span class='ocrx_word' id='word_1_47' title='bbox 864 1617 895 1671; x_wconf 92' lang='lat' dir='ltr'>et</span> <span class='ocrx_word' id='word_1_48' title='bbox 918 1627 1003 1694; x_wconf 87' lang='lat' dir='ltr'>acer,</span> <span class='ocrx_word' id='word_1_49' title='bbox 1033 1613 1168 1693; x_wconf 82' lang='lat' dir='ltr'>quamvis</span> <span class='ocrx_word' id='word_1_50' title='bbox 1192 1610 1294 1674; x_wconf 88' lang='lat' dir='ltr'>dicant</span> <span class='ocrx_word' id='word_1_51' title='bbox 1316 1611 1454 1695; x_wconf 82' lang='lat' dir='ltr'>plerique</span> 
     </span>
     <span class='ocr_line' id='line_1_9' title="bbox 112 1716 1454 1800; baseline 0.003 -22"><span class='ocrx_word' id='word_1_52' title='bbox 112 1718 195 1778; x_wconf 86' lang='lat' dir='ltr'>acris</span> <span class='ocrx_word' id='word_1_53' title='bbox 224 1716 416 1800; x_wconf 74' lang='lat' dir='ltr'>femininum,</span> <span class='ocrx_word' id='word_1_54' title='bbox 449 1736 520 1780; x_wconf 89' lang='lat' dir='ltr'>acer</span> <span class='ocrx_word' id='word_1_55' title='bbox 548 1717 764 1782; x_wconf 85' lang='lat' dir='ltr'>masculinum:</span> <span class='ocrx_word' id='word_1_56' title='bbox 799 1719 843 1781; x_wconf 91' lang='lat' dir='ltr'>sic</span> <span class='ocrx_word' id='word_1_57' title='bbox 874 1717 982 1782; x_wconf 87' lang='lat' dir='ltr'>alacris</span> <span class='ocrx_word' id='word_1_58' title='bbox 1011 1727 1043 1782; x_wconf 88' lang='lat' dir='ltr'>et</span> <span class='ocrx_word' id='word_1_59' title='bbox 1065 1717 1183 1782; x_wconf 79' lang='lat' dir='ltr'>&#39;alacer</span> <span class='ocrx_word' id='word_1_60' title='bbox 1228 1737 1386 1783; x_wconf 81' lang='lat' dir='ltr'>accersere</span> <span class='ocrx_word' id='word_1_61' title='bbox 1417 1717 1454 1782; x_wconf 90' lang='lat' dir='ltr'>ab</span> 
     </span>
     <span class='ocr_line' id='line_1_10' title="bbox 112 1823 1455 1911; baseline 0.003 -25"><span class='ocrx_word' id='word_1_62' title='bbox 112 1823 274 1906; x_wconf 87' lang='lat' dir='ltr'>acciendo;</span> <span class='ocrx_word' id='word_1_63' title='bbox 292 1825 418 1908; x_wconf 77' lang='lat' dir='ltr'>accersi,</span> <span class='ocrx_word' id='word_1_64' title='bbox 437 1843 498 1887; x_wconf 90' lang='lat' dir='ltr'>noo</span> <span class='ocrx_word' id='word_1_65' title='bbox 513 1827 670 1889; x_wconf 89' lang='lat' dir='ltr'>accerslni.</span> <span class='ocrx_word' id='word_1_66' title='bbox 704 1843 848 1889; x_wconf 89' lang='lat' dir='ltr'>accusare</span> <span class='ocrx_word' id='word_1_67' title='bbox 863 1845 1001 1910; x_wconf 87' lang='lat' dir='ltr'>arguere,</span> <span class='ocrx_word' id='word_1_68' title='bbox 1021 1829 1161 1890; x_wconf 81' lang='lat' dir='ltr'>incusare</span> <span class='ocrx_word' id='word_1_69' title='bbox 1177 1831 1272 1910; x_wconf 89' lang='lat' dir='ltr'>queri.</span> <span class='ocrx_word' id='word_1_70' title='bbox 1301 1830 1455 1911; x_wconf 87' lang='lat' dir='ltr'>accipiter,</span> 
     </span>
     <span class='ocr_line' id='line_1_11' title="bbox 113 1921 1453 2019; baseline 0.003 -23"><span class='ocrx_word' id='word_1_71' title='bbox 113 1951 175 1996; x_wconf 90' lang='lat' dir='ltr'>uon</span> <span class='ocrx_word' id='word_1_72' title='bbox 194 1941 347 2015; x_wconf 84' lang='lat' dir='ltr'>acceptor.</span> <span class='ocrx_word' id='word_1_73' title='bbox 385 1931 491 1995; x_wconf 91' lang='lat' dir='ltr'>adulor</span> <span class='ocrx_word' id='word_1_74' title='bbox 509 1932 561 1996; x_wconf 92' lang='lat' dir='ltr'>illi.</span> <span class='ocrx_word' id='word_1_75' title='bbox 599 1933 745 2019; x_wconf 76' lang='lat' dir='ltr'>adsentio,</span> <span class='ocrx_word' id='word_1_76' title='bbox 766 1937 836 2016; x_wconf 93' lang='lat' dir='ltr'>quia</span> <span class='ocrx_word' id='word_1_77' title='bbox 855 1933 985 2018; x_wconf 84' lang='lat' dir='ltr'>adsensi,</span> <span class='ocrx_word' id='word_1_78' title='bbox 1010 1953 1071 1998; x_wconf 91' lang='lat' dir='ltr'>non</span> <span class='ocrx_word' id='word_1_79' title='bbox 1090 1921 1255 2000; x_wconf 85' lang='lat' dir='ltr'>adsentior.</span> <span class='ocrx_word' id='word_1_80' title='bbox 1289 1937 1453 2018; x_wconf 79' lang='lat' dir='ltr'>adstringe,</span> 
     </span>
    </p>

    <p class='ocr_par' dir='ltr' id='par_1_7' title="bbox 70 2039 1495 2566">
     <span class='ocr_line' id='line_1_12' title="bbox 70 2039 1455 2126; baseline 0 -20"><span class='ocrx_word' id='word_1_81' title='bbox 70 2067 98 2106; x_wconf 88' lang='grc' dir='ltr'>ιο</span> <span class='ocrx_word' id='word_1_82' title='bbox 114 2059 174 2105; x_wconf 90' lang='lat' dir='ltr'>non</span> <span class='ocrx_word' id='word_1_83' title='bbox 199 2043 343 2122; x_wconf 78' lang='lat' dir='ltr'>astringe.</span> <span class='ocrx_word' id='word_1_84' title='bbox 381 2039 549 2105; x_wconf 89' lang='lat' dir='ltr'>adulterina</span> <span class='ocrx_word' id='word_1_85' title='bbox 573 2041 749 2126; x_wconf 88' lang='lat' dir='ltr'>adulterata,</span> <span class='ocrx_word' id='word_1_86' title='bbox 772 2050 803 2104; x_wconf 91' lang='lat' dir='ltr'>at</span> <span class='ocrx_word' id='word_1_87' title='bbox 826 2042 962 2106; x_wconf 91' lang='lat' dir='ltr'>adultera</span> <span class='ocrx_word' id='word_1_88' title='bbox 986 2062 1064 2126; x_wconf 89' lang='lat' dir='ltr'>quae</span> <span class='ocrx_word' id='word_1_89' title='bbox 1089 2044 1248 2108; x_wconf 88' lang='lat' dir='ltr'>adulterat.</span> <span class='ocrx_word' id='word_1_90' title='bbox 1285 2044 1455 2109; x_wconf 79' lang='lat' dir='ltr'>adventicia</span> 
     </span>
     <span class='ocr_line' id='line_1_13' title="bbox 112 2148 1495 2235; baseline 0.003 -23"><span class='ocrx_word' id='word_1_91' title='bbox 112 2168 217 2234; x_wconf 84' lang='lat' dir='ltr'>caena,</span> <span class='ocrx_word' id='word_1_92' title='bbox 241 2168 302 2212; x_wconf 89' lang='lat' dir='ltr'>nou</span> <span class='ocrx_word' id='word_1_93' title='bbox 322 2149 505 2212; x_wconf 83' lang='lat' dir='ltr'>adventoria.</span> <span class='ocrx_word' id='word_1_94' title='bbox 544 2148 679 2212; x_wconf 88' lang='lat' dir='ltr'>aemulor</span> <span class='ocrx_word' id='word_1_95' title='bbox 698 2149 791 2232; x_wconf 86' lang='lat' dir='ltr'>illum,</span> <span class='ocrx_word' id='word_1_96' title='bbox 816 2169 876 2213; x_wconf 90' lang='lat' dir='ltr'>nou</span> <span class='ocrx_word' id='word_1_97' title='bbox 896 2149 947 2213; x_wconf 94' lang='lat' dir='ltr'>illi.</span> <span class='ocrx_word' id='word_1_98' title='bbox 987 2151 1088 2234; x_wconf 89' lang='lat' dir='ltr'>alium,</span> <span class='ocrx_word' id='word_1_99' title='bbox 1112 2171 1173 2215; x_wconf 89' lang='lat' dir='ltr'>uon</span> <span class='ocrx_word' id='word_1_100' title='bbox 1193 2153 1279 2235; x_wconf 92' lang='lat' dir='ltr'>alius,</span> <span class='ocrx_word' id='word_1_101' title='bbox 1300 2155 1370 2235; x_wconf 86' lang='lat' dir='ltr'>quin</span> <span class='ocrx_word' id='word_1_102' title='bbox 1389 2153 1454 2216; x_wconf 88' lang='lat' dir='ltr'>alia.</span> <span class='ocrx_word' id='word_1_103' title='bbox 1493 2165 1495 2173; x_wconf 88' lang='lat'>&#39;</span> 
     </span>
     <span class='ocr_line' id='line_1_14' title="bbox 111 2255 1455 2344; baseline 0.001 -22"><span class='ocrx_word' id='word_1_104' title='bbox 111 2258 252 2344; x_wconf 73' lang='lat' dir='ltr'>alvemia,</span> <span class='ocrx_word' id='word_1_105' title='bbox 276 2276 336 2322; x_wconf 91' lang='lat' dir='ltr'>non</span> <span class='ocrx_word' id='word_1_106' title='bbox 360 2256 484 2320; x_wconf 78' lang='lat' dir='ltr'>altinae.</span> <span class='ocrx_word' id='word_1_107' title='bbox 522 2255 607 2320; x_wconf 84' lang='lat' dir='ltr'>aleus</span> <span class='ocrx_word' id='word_1_108' title='bbox 631 2255 706 2320; x_wconf 91' lang='lat' dir='ltr'>baec</span> <span class='ocrx_word' id='word_1_109' title='bbox 730 2275 828 2342; x_wconf 91' lang='lat' dir='ltr'>nunc,</span> <span class='ocrx_word' id='word_1_110' title='bbox 851 2258 905 2321; x_wconf 91' lang='lat' dir='ltr'>sed</span> <span class='ocrx_word' id='word_1_111' title='bbox 928 2261 1031 2341; x_wconf 87' lang='lat' dir='ltr'>apium</span> <span class='ocrx_word' id='word_1_112' title='bbox 1054 2259 1113 2324; x_wconf 91' lang='lat' dir='ltr'>hic.</span> <span class='ocrx_word' id='word_1_113' title='bbox 1151 2260 1242 2344; x_wconf 90' lang='lat' dir='ltr'>alica,</span> <span class='ocrx_word' id='word_1_114' title='bbox 1264 2279 1326 2324; x_wconf 90' lang='lat' dir='ltr'>non</span> <span class='ocrx_word' id='word_1_115' title='bbox 1351 2260 1455 2324; x_wconf 85' lang='lat' dir='ltr'>halica.</span> 
     </span>
     <span class='ocr_line' id='line_1_15' title="bbox 111 2363 1455 2450; baseline 0.001 -20"><span class='ocrx_word' id='word_1_116' title='bbox 111 2367 247 2450; x_wconf 88' lang='lat' dir='ltr'>alioquin</span> <span class='ocrx_word' id='word_1_117' title='bbox 281 2365 501 2430; x_wconf 83' lang='lat' dir='ltr'>adllrntatlvum</span> <span class='ocrx_word' id='word_1_118' title='bbox 535 2373 590 2427; x_wconf 86' lang='lat' dir='ltr'>est</span> <span class='ocrx_word' id='word_1_119' title='bbox 642 2363 787 2450; x_wconf 88' lang='lat' dir='ltr'>amulum,</span> <span class='ocrx_word' id='word_1_120' title='bbox 821 2384 881 2429; x_wconf 92' lang='lat' dir='ltr'>non</span> <span class='ocrx_word' id='word_1_121' title='bbox 916 2366 1065 2450; x_wconf 88' lang='lat' dir='ltr'>amulum,</span> <span class='ocrx_word' id='word_1_122' title='bbox 1105 2368 1185 2450; x_wconf 91' lang='lat' dir='ltr'>quod</span> <span class='ocrx_word' id='word_1_123' title='bbox 1223 2387 1283 2432; x_wconf 93' lang='lat' dir='ltr'>non</span> <span class='ocrx_word' id='word_1_124' title='bbox 1316 2369 1455 2433; x_wconf 88' lang='lat' dir='ltr'>molatur.</span> 
     </span>
     <span class='ocr_line' id='line_1_16' title="bbox 112 2471 1454 2566; baseline 0.001 -28"><span class='ocrx_word' id='word_1_125' title='bbox 112 2474 264 2566; x_wconf 78' lang='lat' dir='ltr'>ambobus</span> <span class='ocrx_word' id='word_1_126' title='bbox 297 2493 358 2538; x_wconf 90' lang='lat' dir='ltr'>non</span> <span class='ocrx_word' id='word_1_127' title='bbox 389 2471 499 2556; x_wconf 87' lang='lat' dir='ltr'>ambis,</span> <span class='ocrx_word' id='word_1_128' title='bbox 538 2481 568 2535; x_wconf 91' lang='lat' dir='ltr'>et</span> <span class='ocrx_word' id='word_1_129' title='bbox 599 2472 752 2536; x_wconf 87' lang='lat' dir='ltr'>ambabus.</span> <span class='ocrx_word' id='word_1_130' title='bbox 798 2474 965 2557; x_wconf 87' lang='lat' dir='ltr'>amplector</span> <span class='ocrx_word' id='word_1_131' title='bbox 996 2475 1104 2560; x_wconf 88' lang='lat' dir='ltr'>semel,</span> <span class='ocrx_word' id='word_1_132' title='bbox 1138 2476 1293 2559; x_wconf 83' lang='lat' dir='ltr'>amplexor</span> <span class='ocrx_word' id='word_1_133' title='bbox 1325 2480 1454 2560; x_wconf 87' lang='lat' dir='ltr'>saepius.</span> 
     </span>
    </p>

    <p class='ocr_par' dir='ltr' id='par_1_8' title="bbox 71 2579 1457 2775">
     <span class='ocr_line' id='line_1_17' title="bbox 71 2579 1457 2670; baseline 0 -21"><span class='ocrx_word' id='word_1_134' title='bbox 71 2609 97 2650; x_wconf 80' lang='lat' dir='ltr'>rs</span> <span class='ocrx_word' id='word_1_135' title='bbox 113 2583 251 2668; x_wconf 85' lang='lat' dir='ltr'>ambitio,</span> <span class='ocrx_word' id='word_1_136' title='bbox 270 2583 391 2667; x_wconf 64' lang='lat' dir='ltr'>quatuo</span> <span class='ocrx_word' id='word_1_137' title='bbox 411 2583 459 2666; x_wconf 75' lang='lat' dir='ltr'>fit,</span> <span class='ocrx_word' id='word_1_138' title='bbox 478 2579 618 2658; x_wconf 88' lang='lat' dir='ltr'>ambitus,</span> <span class='ocrx_word' id='word_1_139' title='bbox 638 2601 708 2645; x_wconf 88' lang='lat' dir='ltr'>curo</span> <span class='ocrx_word' id='word_1_140' title='bbox 728 2583 825 2646; x_wconf 86' lang='lat' dir='ltr'>iactus</span> <span class='ocrx_word' id='word_1_141' title='bbox 845 2593 900 2647; x_wconf 84' lang='lat' dir='ltr'>est</span> <span class='ocrx_word' id='word_1_142' title='bbox 935 2601 1091 2648; x_wconf 87' lang='lat' dir='ltr'>amaracus</span> <span class='ocrx_word' id='word_1_143' title='bbox 1110 2585 1193 2648; x_wconf 87' lang='lat' dir='ltr'>baec.</span> <span class='ocrx_word' id='word_1_144' title='bbox 1231 2603 1302 2648; x_wconf 87' lang='lat' dir='ltr'>anas</span> <span class='ocrx_word' id='word_1_145' title='bbox 1322 2594 1353 2648; x_wconf 94' lang='lat' dir='ltr'>et</span> <span class='ocrx_word' id='word_1_146' title='bbox 1371 2605 1457 2670; x_wconf 89' lang='lat' dir='ltr'>auus,</span> 
     </span>
     <span class='ocr_line' id='line_1_18' title="bbox 112 2691 1454 2775; baseline 0.001 -19"><span class='ocrx_word' id='word_1_147' title='bbox 112 2703 281 2775; x_wconf 89' lang='lat' dir='ltr'>utrumque</span> <span class='ocrx_word' id='word_1_148' title='bbox 306 2693 486 2758; x_wconf 78' lang='lat' dir='ltr'>femininum</span> <span class='ocrx_word' id='word_1_149' title='bbox 510 2701 564 2755; x_wconf 89' lang='lat' dir='ltr'>est.</span> <span class='ocrx_word' id='word_1_150' title='bbox 612 2709 706 2774; x_wconf 91' lang='lat' dir='ltr'>angor</span> <span class='ocrx_word' id='word_1_151' title='bbox 731 2710 841 2756; x_wconf 90' lang='lat' dir='ltr'>nomen</span> <span class='ocrx_word' id='word_1_152' title='bbox 866 2702 897 2756; x_wconf 91' lang='lat' dir='ltr'>et</span> <span class='ocrx_word' id='word_1_153' title='bbox 927 2691 1053 2756; x_wconf 86' lang='lat' dir='ltr'>verbum</span> <span class='ocrx_word' id='word_1_154' title='bbox 1086 2701 1141 2756; x_wconf 93' lang='lat' dir='ltr'>est.</span> <span class='ocrx_word' id='word_1_155' title='bbox 1187 2693 1341 2756; x_wconf 88' lang='lat' dir='ltr'>antidotus</span> <span class='ocrx_word' id='word_1_156' title='bbox 1370 2693 1454 2758; x_wconf 88' lang='lat' dir='ltr'>baec.</span> 
     </span>
    </p>
   </div>
   <div class='ocr_carea' id='block_1_5' title="bbox 112 2887 1456 3330">
    <p class='ocr_par' dir='ltr' id='par_1_9' title="bbox 112 2887 1456 3330">
     <span class='ocr_line' id='line_1_19' title="bbox 209 2887 1456 3004; baseline 0.001 -17"><span class='ocrx_word' id='word_1_157' title='bbox 209 2937 222 2987; x_wconf 91' lang='lat'>1</span> <span class='ocrx_word' id='word_1_158' title='bbox 248 2929 360 3004; x_wconf 77' lang='lat' dir='ltr'>Flagris</span> <span class='ocrx_word' id='word_1_159' title='bbox 383 2931 444 2988; x_wconf 87' lang='lat' dir='ltr'>siue</span> <span class='ocrx_word' id='word_1_160' title='bbox 469 2947 485 2987; x_wconf 91' lang='lat' dir='ltr'>e</span> <span class='ocrx_word' id='word_1_161' title='bbox 508 2927 660 2988; x_wconf 82' lang='lat' dir='ltr'>dicendum</span> <span class='ocrx_word' id='word_1_162' title='bbox 684 2930 829 2988; x_wconf 86' lang='lat' dir='ltr'>abstracta</span> <span class='ocrx_word' id='word_1_163' title='bbox 853 2935 915 2990; x_wconf 85' lang='lat' dir='ltr'>rate</span> <span class='ocrx_word' id='word_1_164' title='bbox 939 2929 1063 3004; x_wconf 84' lang='lat' dir='ltr'>piratica</span> <span class='ocrx_word' id='word_1_165' title='bbox 1080 2930 1108 2986; x_wconf 93' lang='grc' dir='ltr'><strong><em>Β</em></strong></span> <span class='ocrx_word' id='word_1_166' title='bbox 1131 2887 1208 2986; x_wconf 62' lang='lat' dir='ltr'>uiris</span> <span class='ocrx_word' id='word_1_167' title='bbox 1233 2929 1294 2988; x_wconf 88' lang='lat' dir='ltr'>siue</span> <span class='ocrx_word' id='word_1_168' title='bbox 1318 2947 1333 2986; x_wconf 92' lang='lat' dir='ltr'>c</span> <span class='ocrx_word' id='word_1_169' title='bbox 1356 2931 1456 2988; x_wconf 85' lang='lat' dir='ltr'>littera</span> 
     </span>
     <span class='ocr_line' id='line_1_20' title="bbox 112 3010 1455 3086; baseline 0.001 -16"><span class='ocrx_word' id='word_1_170' title='bbox 112 3011 269 3070; x_wconf 87' lang='lat' dir='ltr'>dicendum</span> <span class='ocrx_word' id='word_1_171' title='bbox 288 3013 436 3071; x_wconf 71' lang='lat' dir='ltr'>abstmcta</span> <span class='ocrx_word' id='word_1_172' title='bbox 453 3015 515 3068; x_wconf 85' lang='lat' dir='ltr'>rate</span> <span class='ocrx_word' id='word_1_173' title='bbox 534 3010 657 3085; x_wconf 72' lang='lat' dir='ltr'>pbatica</span> <span class='ocrx_word' id='word_1_174' title='bbox 677 3010 701 3066; x_wconf 80' lang='lat'><em>0</em></span> <span class='ocrx_word' id='word_1_175' title='bbox 771 3011 846 3086; x_wconf 84' lang='lat' dir='ltr'>rata]</span> <span class='ocrx_word' id='word_1_176' title='bbox 866 3017 931 3070; x_wconf 84' lang='lat' dir='ltr'>rata</span> <span class='ocrx_word' id='word_1_177' title='bbox 951 3013 989 3068; x_wconf 99' lang='grc' dir='ltr'><em>Μ</em></span> <span class='ocrx_word' id='word_1_178' title='bbox 1060 3018 1077 3068; x_wconf 73' lang='lat' dir='ltr'>‘i</span> <span class='ocrx_word' id='word_1_179' title='bbox 1103 3010 1265 3068; x_wconf 81' lang='lat' dir='ltr'>Stilliouem</span> <span class='ocrx_word' id='word_1_180' title='bbox 1286 3010 1375 3070; x_wconf 82' lang='lat' dir='ltr'>dicito</span> <span class='ocrx_word' id='word_1_181' title='bbox 1394 3013 1455 3071; x_wconf 91' lang='lat' dir='ltr'>sine</span> 
     </span>
     <span class='ocr_line' id='line_1_21' title="bbox 113 3092 1455 3164; baseline -0.001 -12"><span class='ocrx_word' id='word_1_182' title='bbox 113 3113 132 3152; x_wconf 84' lang='lat' dir='ltr'>a</span> <span class='ocrx_word' id='word_1_183' title='bbox 158 3095 259 3152; x_wconf 84' lang='lat' dir='ltr'>littera</span> <span class='ocrx_word' id='word_1_184' title='bbox 283 3111 301 3152; x_wconf 89' lang='lat' dir='ltr'>a</span> <span class='ocrx_word' id='word_1_185' title='bbox 327 3093 515 3152; x_wconf 84' lang='lat' dir='ltr'>similitudine</span> <span class='ocrx_word' id='word_1_186' title='bbox 546 3093 689 3152; x_wconf 88' lang='lat' dir='ltr'>stillarum</span> <span class='ocrx_word' id='word_1_187' title='bbox 714 3094 743 3150; x_wconf 95' lang='grc' dir='ltr'><strong><em>Β</em></strong></span> <span class='ocrx_word' id='word_1_188' title='bbox 771 3094 905 3151; x_wconf 88' lang='lat' dir='ltr'>stiloaem</span> <span class='ocrx_word' id='word_1_189' title='bbox 936 3097 1018 3164; x_wconf 84' lang='lat' dir='ltr'>(corr.</span> <span class='ocrx_word' id='word_1_190' title='bbox 1046 3093 1212 3162; x_wconf 87' lang='lat' dir='ltr'>stillionem)</span> <span class='ocrx_word' id='word_1_191' title='bbox 1238 3092 1326 3149; x_wconf 90' lang='lat' dir='ltr'>dicito</span> <span class='ocrx_word' id='word_1_192' title='bbox 1352 3093 1412 3150; x_wconf 86' lang='lat' dir='ltr'>eine</span> <span class='ocrx_word' id='word_1_193' title='bbox 1439 3111 1455 3150; x_wconf 91' lang='lat' dir='ltr'>e</span> 
     </span>
     <span class='ocr_line' id='line_1_22' title="bbox 113 3173 1455 3234; baseline -0.003 -1"><span class='ocrx_word' id='word_1_194' title='bbox 113 3177 216 3233; x_wconf 77' lang='lat' dir='ltr'>littera</span> <span class='ocrx_word' id='word_1_195' title='bbox 228 3175 266 3232; x_wconf 94' lang='lat' dir='ltr'>ad</span> <span class='ocrx_word' id='word_1_196' title='bbox 285 3174 493 3233; x_wconf 82' lang='lat' dir='ltr'>similtudinem</span> <span class='ocrx_word' id='word_1_197' title='bbox 506 3174 649 3232; x_wconf 85' lang='lat' dir='ltr'>stillarum</span> <span class='ocrx_word' id='word_1_198' title='bbox 667 3174 842 3232; x_wconf 77' lang='lat' dir='ltr'>EXPLICIT</span> <span class='ocrx_word' id='word_1_199' title='bbox 863 3174 1065 3232; x_wconf 83' lang='lat' dir='ltr'>OStilliouem</span> <span class='ocrx_word' id='word_1_200' title='bbox 1079 3177 1168 3234; x_wconf 87' lang='lat' dir='ltr'>dicito</span> <span class='ocrx_word' id='word_1_201' title='bbox 1183 3177 1220 3234; x_wconf 87' lang='lat' dir='ltr'>ad</span> <span class='ocrx_word' id='word_1_202' title='bbox 1236 3173 1455 3232; x_wconf 88' lang='lat' dir='ltr'>similitudinem</span> 
     </span>
     <span class='ocr_line' id='line_1_23' title="bbox 112 3255 730 3330; baseline 0 -16"><span class='ocrx_word' id='word_1_203' title='bbox 112 3257 261 3314; x_wconf 86' lang='lat' dir='ltr'>stillarum</span> <span class='ocrx_word' id='word_1_204' title='bbox 277 3275 308 3330; x_wconf 76' lang='lat' dir='ltr'>p.</span> <span class='ocrx_word' id='word_1_205' title='bbox 327 3258 478 3314; x_wconf 83' lang='lat' dir='ltr'>stelionem</span> <span class='ocrx_word' id='word_1_206' title='bbox 497 3255 601 3312; x_wconf 80' lang='lat' dir='ltr'>Festus</span> <span class='ocrx_word' id='word_1_207' title='bbox 614 3273 646 3326; x_wconf 75' lang='lat' dir='ltr'>p.</span> <span class='ocrx_word' id='word_1_208' title='bbox 667 3261 730 3314; x_wconf 88' lang='lat'>313.</span> 
     </span>
    </p>
   </div>
   <div class='ocr_carea' id='block_1_6' title="bbox 112 3344 1458 4952">
    <p class='ocr_par' dir='ltr' id='par_1_10' title="bbox 112 3344 1458 4952">
     <span class='ocr_line' id='line_1_24' title="bbox 208 3344 1455 3414; baseline -0.003 -9"><span class='ocrx_word' id='word_1_209' title='bbox 208 3345 479 3406; x_wconf 62' lang='grc' dir='ltr'><strong>1111111011)ῡῆ</strong></span> <span class='ocrx_word' id='word_1_210' title='bbox 502 3346 551 3404; x_wconf 87' lang='lat' dir='ltr'>DE</span> <span class='ocrx_word' id='word_1_211' title='bbox 575 3344 709 3402; x_wconf 83' lang='lat' dir='ltr'><strong>UERBIS</strong></span> <span class='ocrx_word' id='word_1_212' title='bbox 737 3347 859 3404; x_wconf 85' lang='lat' dir='ltr'>DUBllS</span> <span class='ocrx_word' id='word_1_213' title='bbox 881 3347 905 3404; x_wconf 81' lang='grc' dir='ltr'><em>Ο</em></span> <span class='ocrx_word' id='word_1_214' title='bbox 926 3347 1019 3406; x_wconf 78' lang='lat' dir='ltr'><strong>ITEM</strong></span> <span class='ocrx_word' id='word_1_215' title='bbox 1042 3349 1092 3406; x_wconf 89' lang='lat' dir='ltr'>DE</span> <span class='ocrx_word' id='word_1_216' title='bbox 1116 3347 1250 3405; x_wconf 85' lang='lat' dir='ltr'><strong>UERBIS</strong></span> <span class='ocrx_word' id='word_1_217' title='bbox 1274 3345 1399 3402; x_wconf 80' lang='lat' dir='ltr'>DUBllS</span> <span class='ocrx_word' id='word_1_218' title='bbox 1418 3346 1455 3414; x_wconf 89' lang='lat' dir='ltr'>B,</span> 
     </span>
     <span class='ocr_line' id='line_1_25' title="bbox 112 3426 1458 3503; baseline -0.003 -17"><span class='ocrx_word' id='word_1_219' title='bbox 112 3447 167 3486; x_wconf 82' lang='lat' dir='ltr'>ort.</span> <span class='ocrx_word' id='word_1_220' title='bbox 186 3430 229 3490; x_wconf 88' lang='grc' dir='ltr'><em>Μ</em></span> <span class='ocrx_word' id='word_1_221' title='bbox 287 3427 405 3503; x_wconf 73' lang='lat' dir='ltr'>adubie</span> <span class='ocrx_word' id='word_1_222' title='bbox 419 3427 448 3483; x_wconf 98' lang='grc' dir='ltr'><strong><em>Β</em></strong></span> <span class='ocrx_word' id='word_1_223' title='bbox 512 3427 673 3484; x_wconf 84' lang='lat' dir='ltr'>litterarum</span> <span class='ocrx_word' id='word_1_224' title='bbox 688 3445 738 3486; x_wconf 88' lang='lat' dir='ltr'>om.</span> <span class='ocrx_word' id='word_1_225' title='bbox 756 3429 793 3484; x_wconf 92' lang='grc' dir='ltr'><em>Μ</em></span> <span class='ocrx_word' id='word_1_226' title='bbox 797 3427 856 3484; x_wconf 85' lang='lat' dir='ltr'>BG</span> <span class='ocrx_word' id='word_1_227' title='bbox 909 3435 1159 3502; x_wconf 78' lang='lat' dir='ltr'>bensequemnrp</span> <span class='ocrx_word' id='word_1_228' title='bbox 1174 3428 1347 3502; x_wconf 79' lang='lat' dir='ltr'>exequimur¹</span> <span class='ocrx_word' id='word_1_229' title='bbox 1358 3427 1396 3483; x_wconf 89' lang='grc' dir='ltr'><em>Μ</em></span> <span class='ocrx_word' id='word_1_230' title='bbox 1399 3426 1458 3483; x_wconf 86' lang='lat' dir='ltr'>BG</span> 
     </span>
     <span class='ocr_line' id='line_1_26' title="bbox 179 3507 1456 3569; baseline 0 -1"><span class='ocrx_word' id='word_1_231' title='bbox 179 3518 196 3568; x_wconf 78' lang='lat'>6</span> <span class='ocrx_word' id='word_1_232' title='bbox 216 3510 356 3568; x_wconf 78' lang='lat' dir='ltr'>Auellana</span> <span class='ocrx_word' id='word_1_233' title='bbox 374 3525 461 3566; x_wconf 87' lang='lat' dir='ltr'>nuces</span> <span class='ocrx_word' id='word_1_234' title='bbox 480 3510 510 3565; x_wconf 91' lang='lat' dir='ltr'>et</span> <span class='ocrx_word' id='word_1_235' title='bbox 529 3507 648 3565; x_wconf 86' lang='lat' dir='ltr'>abilline</span> <span class='ocrx_word' id='word_1_236' title='bbox 669 3509 847 3569; x_wconf 78' lang='lat' dir='ltr'>GAuellane</span> <span class='ocrx_word' id='word_1_237' title='bbox 868 3528 955 3568; x_wconf 88' lang='lat' dir='ltr'>nuces</span> <span class='ocrx_word' id='word_1_238' title='bbox 974 3515 1004 3569; x_wconf 89' lang='lat' dir='ltr'>et</span> <span class='ocrx_word' id='word_1_239' title='bbox 1023 3512 1131 3569; x_wconf 89' lang='lat' dir='ltr'>abiline</span> <span class='ocrx_word' id='word_1_240' title='bbox 1150 3511 1178 3566; x_wconf 91' lang='grc' dir='ltr'><strong><em>Β</em></strong></span> <span class='ocrx_word' id='word_1_241' title='bbox 1198 3509 1302 3567; x_wconf 85' lang='lat' dir='ltr'>Auella</span> <span class='ocrx_word' id='word_1_242' title='bbox 1320 3526 1406 3566; x_wconf 86' lang='lat' dir='ltr'>nuces</span> <span class='ocrx_word' id='word_1_243' title='bbox 1426 3515 1456 3568; x_wconf 91' lang='lat' dir='ltr'>et</span> 
     </span>
     <span class='ocr_line' id='line_1_27' title="bbox 113 3590 1456 3664; baseline -0.001 -13"><span class='ocrx_word' id='word_1_244' title='bbox 113 3593 249 3651; x_wconf 76' lang='lat' dir='ltr'>coenans</span> <span class='ocrx_word' id='word_1_245' title='bbox 269 3592 307 3648; x_wconf 98' lang='grc' dir='ltr'><em>Μ</em></span> <span class='ocrx_word' id='word_1_246' title='bbox 328 3590 485 3648; x_wconf 83' lang='lat' dir='ltr'>Auellanae</span> <span class='ocrx_word' id='word_1_247' title='bbox 504 3607 590 3648; x_wconf 84' lang='lat' dir='ltr'>nuces</span> <span class='ocrx_word' id='word_1_248' title='bbox 613 3609 671 3649; x_wconf 89' lang='lat' dir='ltr'>non</span> <span class='ocrx_word' id='word_1_249' title='bbox 691 3592 840 3649; x_wconf 80' lang='lat' dir='ltr'>Abellinas</span> <span class='ocrx_word' id='word_1_250' title='bbox 863 3610 894 3664; x_wconf 80' lang='lat' dir='ltr'>p.</span> <span class='ocrx_word' id='word_1_251' title='bbox 924 3594 959 3660; x_wconf 77' lang='lat' dir='ltr'>cs.</span> <span class='ocrx_word' id='word_1_252' title='bbox 981 3593 1061 3650; x_wconf 83' lang='lat' dir='ltr'>Plio.</span> <span class='ocrx_word' id='word_1_253' title='bbox 1080 3611 1109 3648; x_wconf 84' lang='lat' dir='ltr'>tt.</span> <span class='ocrx_word' id='word_1_254' title='bbox 1128 3594 1191 3648; x_wconf 77' lang='lat' dir='ltr'>laist.</span> <span class='ocrx_word' id='word_1_255' title='bbox 1213 3591 1277 3648; x_wconf 86' lang='lat' dir='ltr'>XV</span> <span class='ocrx_word' id='word_1_256' title='bbox 1293 3597 1345 3660; x_wconf 76' lang='lat'>22,</span> <span class='ocrx_word' id='word_1_257' title='bbox 1364 3598 1404 3650; x_wconf 85' lang='grc'>88</span> <span class='ocrx_word' id='word_1_258' title='bbox 1423 3597 1456 3649; x_wconf 89' lang='lat' dir='ltr'>ut</span> 
     </span>
     <span class='ocr_line' id='line_1_28' title="bbox 113 3673 1456 3747; baseline -0.001 -16"><span class='ocrx_word' id='word_1_259' title='bbox 113 3677 144 3733; x_wconf 88' lang='lat' dir='ltr'>iu</span> <span class='ocrx_word' id='word_1_260' title='bbox 162 3675 304 3733; x_wconf 70' lang='lat' dir='ltr'>abellanis</span> <span class='ocrx_word' id='word_1_261' title='bbox 324 3673 434 3744; x_wconf 85' lang='lat' dir='ltr'>etipse</span> <span class='ocrx_word' id='word_1_262' title='bbox 452 3689 558 3728; x_wconf 87' lang='lat' dir='ltr'>uncum</span> <span class='ocrx_word' id='word_1_263' title='bbox 576 3691 694 3746; x_wconf 87' lang='lat' dir='ltr'>genere,</span> <span class='ocrx_word' id='word_1_264' title='bbox 719 3691 790 3746; x_wconf 88' lang='lat' dir='ltr'>quas</span> <span class='ocrx_word' id='word_1_265' title='bbox 809 3675 894 3730; x_wconf 88' lang='lat' dir='ltr'>antea</span> <span class='ocrx_word' id='word_1_266' title='bbox 914 3673 1054 3730; x_wconf 87' lang='lat' dir='ltr'>abellinas</span> <span class='ocrx_word' id='word_1_267' title='bbox 1078 3673 1174 3745; x_wconf 87' lang='lat' dir='ltr'>patrio</span> <span class='ocrx_word' id='word_1_268' title='bbox 1193 3673 1307 3730; x_wconf 80' lang='lat' dir='ltr'>domiue</span> <span class='ocrx_word' id='word_1_269' title='bbox 1327 3673 1456 3747; x_wconf 82' lang='lat' dir='ltr'>appella·</span> 
     </span>
     <span class='ocr_line' id='line_1_29' title="bbox 113 3752 1456 3814; baseline -0.002 -1"><span class='ocrx_word' id='word_1_270' title='bbox 113 3757 187 3814; x_wconf 84' lang='lat' dir='ltr'>bant</span> <span class='ocrx_word' id='word_1_271' title='bbox 278 3759 292 3810; x_wconf 82' lang='grc'><strong>1</strong></span> <span class='ocrx_word' id='word_1_272' title='bbox 317 3752 487 3810; x_wconf 85' lang='lat' dir='ltr'>femininum</span> <span class='ocrx_word' id='word_1_273' title='bbox 510 3770 570 3812; x_wconf 86' lang='lat' dir='ltr'>ease</span> <span class='ocrx_word' id='word_1_274' title='bbox 588 3755 617 3810; x_wconf 89' lang='grc' dir='ltr'><strong><em>Β</em></strong></span> <span class='ocrx_word' id='word_1_275' title='bbox 709 3770 854 3811; x_wconf 85' lang='lat' dir='ltr'>accersere</span> <span class='ocrx_word' id='word_1_276' title='bbox 873 3753 910 3810; x_wconf 87' lang='lat' dir='ltr'>ab</span> <span class='ocrx_word' id='word_1_277' title='bbox 929 3755 1056 3810; x_wconf 85' lang='lat' dir='ltr'>acuendo</span> <span class='ocrx_word' id='word_1_278' title='bbox 1077 3755 1115 3810; x_wconf 89' lang='grc' dir='ltr'><em>Μ</em></span> <span class='ocrx_word' id='word_1_279' title='bbox 1140 3755 1281 3812; x_wconf 86' lang='lat' dir='ltr'>accersire</span> <span class='ocrx_word' id='word_1_280' title='bbox 1304 3754 1342 3812; x_wconf 87' lang='lat' dir='ltr'>ab</span> <span class='ocrx_word' id='word_1_281' title='bbox 1361 3771 1456 3812; x_wconf 85' lang='lat' dir='ltr'>accer-</span> 
     </span>
     <span class='ocr_line' id='line_1_30' title="bbox 114 3833 1457 3906; baseline -0.001 -12"><span class='ocrx_word' id='word_1_282' title='bbox 114 3835 213 3894; x_wconf 87' lang='lat' dir='ltr'>siendo</span> <span class='ocrx_word' id='word_1_283' title='bbox 231 3833 314 3905; x_wconf 81' lang='lat' dir='ltr'>BOp</span> <span class='ocrx_word' id='word_1_284' title='bbox 401 3835 544 3892; x_wconf 75' lang='lat' dir='ltr'>Saocersi</span> <span class='ocrx_word' id='word_1_285' title='bbox 564 3853 620 3893; x_wconf 87' lang='lat' dir='ltr'>non</span> <span class='ocrx_word' id='word_1_286' title='bbox 639 3837 761 3895; x_wconf 75' lang='lat' dir='ltr'>acerrimi</span> <span class='ocrx_word' id='word_1_287' title='bbox 780 3836 808 3892; x_wconf 92' lang='lat' dir='ltr'><em>B</em></span> <span class='ocrx_word' id='word_1_288' title='bbox 827 3835 933 3894; x_wconf 85' lang='lat' dir='ltr'>arcessi</span> <span class='ocrx_word' id='word_1_289' title='bbox 952 3851 1011 3891; x_wconf 88' lang='lat' dir='ltr'>nou</span> <span class='ocrx_word' id='word_1_290' title='bbox 1029 3835 1205 3906; x_wconf 75' lang='lat' dir='ltr'>arcessiuip</span> <span class='ocrx_word' id='word_1_291' title='bbox 1289 3834 1457 3893; x_wconf 77' lang='lat' dir='ltr'>bodruntio</span> 
     </span>
     <span class='ocr_line' id='line_1_31' title="bbox 114 3915 1455 3992; baseline -0.001 -18"><span class='ocrx_word' id='word_1_292' title='bbox 114 3917 184 3990; x_wconf 87' lang='lat' dir='ltr'>qnia</span> <span class='ocrx_word' id='word_1_293' title='bbox 202 3915 310 3972; x_wconf 68' lang='lat' dir='ltr'>umori</span> <span class='ocrx_word' id='word_1_294' title='bbox 328 3931 384 3972; x_wconf 89' lang='lat' dir='ltr'>non</span> <span class='ocrx_word' id='word_1_295' title='bbox 403 3915 516 3972; x_wconf 86' lang='lat' dir='ltr'>adsanti</span> <span class='ocrx_word' id='word_1_296' title='bbox 534 3915 563 3971; x_wconf 98' lang='grc' dir='ltr'><strong><em>Β</em></strong></span> <span class='ocrx_word' id='word_1_297' title='bbox 581 3919 707 3977; x_wconf 68' lang='lat' dir='ltr'>meentio</span> <span class='ocrx_word' id='word_1_298' title='bbox 726 3919 795 3990; x_wconf 91' lang='lat' dir='ltr'>quia</span> <span class='ocrx_word' id='word_1_299' title='bbox 813 3915 921 3973; x_wconf 86' lang='lat' dir='ltr'>assensi</span> <span class='ocrx_word' id='word_1_300' title='bbox 941 3931 998 3971; x_wconf 90' lang='lat' dir='ltr'>non</span> <span class='ocrx_word' id='word_1_301' title='bbox 1018 3917 1127 3974; x_wconf 69' lang='lat' dir='ltr'>maenti</span> <span class='ocrx_word' id='word_1_302' title='bbox 1147 3917 1197 3992; x_wconf 66' lang='lat'>0,</span> <span class='ocrx_word' id='word_1_303' title='bbox 1253 3916 1380 3988; x_wconf 76' lang='lat' dir='ltr'>mttioge</span> <span class='ocrx_word' id='word_1_304' title='bbox 1398 3933 1455 3973; x_wconf 89' lang='lat' dir='ltr'>non</span> 
     </span>
     <span class='ocr_line' id='line_1_32' title="bbox 113 3993 1455 4072; baseline -0.002 -16"><span class='ocrx_word' id='word_1_305' title='bbox 113 3998 263 4070; x_wconf 73' lang='lat' dir='ltr'>adstringe</span> <span class='ocrx_word' id='word_1_306' title='bbox 280 3995 340 4053; x_wconf 75' lang='grc' dir='ltr'>ΒΟ</span> <span class='ocrx_word' id='word_1_307' title='bbox 356 3997 484 4069; x_wconf 86' lang='lat' dir='ltr'>astringe</span> <span class='ocrx_word' id='word_1_308' title='bbox 503 4015 561 4055; x_wconf 87' lang='lat' dir='ltr'>non</span> <span class='ocrx_word' id='word_1_309' title='bbox 580 4000 688 4072; x_wconf 85' lang='lat' dir='ltr'>stringe</span> <span class='ocrx_word' id='word_1_310' title='bbox 709 3999 747 4054; x_wconf 91' lang='grc' dir='ltr'><em>Μ</em></span> <span class='ocrx_word' id='word_1_311' title='bbox 829 4003 863 4053; x_wconf 89' lang='lat'>10</span> <span class='ocrx_word' id='word_1_312' title='bbox 883 3993 1045 4052; x_wconf 77' lang='lat' dir='ltr'>adulterim</span> <span class='ocrx_word' id='word_1_313' title='bbox 1063 4015 1120 4054; x_wconf 92' lang='lat' dir='ltr'>non</span> <span class='ocrx_word' id='word_1_314' title='bbox 1140 3998 1306 4056; x_wconf 87' lang='lat' dir='ltr'>adulterata</span> <span class='ocrx_word' id='word_1_315' title='bbox 1323 3997 1455 4054; x_wconf 87' lang='lat' dir='ltr'>adultero</span> 
     </span>
     <span class='ocr_line' id='line_1_33' title="bbox 114 4075 1456 4154; baseline -0.004 -16"><span class='ocrx_word' id='word_1_316' title='bbox 114 4097 188 4154; x_wconf 86' lang='lat' dir='ltr'>quaa</span> <span class='ocrx_word' id='word_1_317' title='bbox 207 4078 353 4138; x_wconf 81' lang='lat' dir='ltr'>adulterat</span> <span class='ocrx_word' id='word_1_318' title='bbox 371 4075 436 4133; x_wconf 86' lang='lat' dir='ltr'>BG.</span> <span class='ocrx_word' id='word_1_319' title='bbox 464 4079 582 4146; x_wconf 70' lang='lat' dir='ltr'>[emese</span> <span class='ocrx_word' id='word_1_320' title='bbox 605 4079 768 4137; x_wconf 84' lang='lat' dir='ltr'>adulterina</span> <span class='ocrx_word' id='word_1_321' title='bbox 792 4094 865 4150; x_wconf 85' lang='lat' dir='ltr'>quae</span> <span class='ocrx_word' id='word_1_322' title='bbox 889 4075 1054 4133; x_wconf 83' lang='lat' dir='ltr'>adulterata</span> <span class='ocrx_word' id='word_1_323' title='bbox 1072 4081 1151 4148; x_wconf 86' lang='lat' dir='ltr'>suut,</span> <span class='ocrx_word' id='word_1_324' title='bbox 1176 4082 1208 4137; x_wconf 82' lang='lat' dir='ltr'>at</span> <span class='ocrx_word' id='word_1_325' title='bbox 1231 4077 1363 4135; x_wconf 84' lang='lat' dir='ltr'>adultera</span> <span class='ocrx_word' id='word_1_326' title='bbox 1382 4094 1456 4148; x_wconf 89' lang='lat' dir='ltr'>quae</span> 
     </span>
     <span class='ocr_line' id='line_1_34' title="bbox 113 4158 1456 4228; baseline -0.005 -7"><span class='ocrx_word' id='word_1_327' title='bbox 113 4163 262 4220; x_wconf 78' lang='lat' dir='ltr'>adulterat</span> <span class='ocrx_word' id='word_1_328' title='bbox 351 4158 521 4216; x_wconf 76' lang='lat' dir='ltr'>Adueutitia</span> <span class='ocrx_word' id='word_1_329' title='bbox 539 4176 609 4216; x_wconf 91' lang='lat' dir='ltr'>cena</span> <span class='ocrx_word' id='word_1_330' title='bbox 627 4179 684 4218; x_wconf 90' lang='lat' dir='ltr'>non</span> <span class='ocrx_word' id='word_1_331' title='bbox 704 4158 866 4217; x_wconf 75' lang='lat' dir='ltr'>aduenticia</span> <span class='ocrx_word' id='word_1_332' title='bbox 886 4159 924 4216; x_wconf 90' lang='grc' dir='ltr'><em>Μ</em></span> <span class='ocrx_word' id='word_1_333' title='bbox 1016 4168 1047 4216; x_wconf 93' lang='grc'>11</span> <span class='ocrx_word' id='word_1_334' title='bbox 1073 4160 1181 4217; x_wconf 83' lang='lat' dir='ltr'>Allium</span> <span class='ocrx_word' id='word_1_335' title='bbox 1200 4177 1258 4217; x_wconf 88' lang='lat' dir='ltr'>uon</span> <span class='ocrx_word' id='word_1_336' title='bbox 1277 4159 1361 4215; x_wconf 88' lang='lat' dir='ltr'>allius</span> <span class='ocrx_word' id='word_1_337' title='bbox 1387 4159 1456 4228; x_wconf 89' lang='lat' dir='ltr'>quia</span> 
     </span>
     <span class='ocr_line' id='line_1_35' title="bbox 113 4235 1455 4311; baseline -0.007 -9"><span class='ocrx_word' id='word_1_338' title='bbox 113 4245 185 4302; x_wconf 85' lang='lat' dir='ltr'>allia</span> <span class='ocrx_word' id='word_1_339' title='bbox 202 4242 263 4300; x_wconf 77' lang='lat' dir='ltr'>Bc</span> <span class='ocrx_word' id='word_1_340' title='bbox 278 4241 352 4298; x_wconf 80' lang='lat' dir='ltr'>alios</span> <span class='ocrx_word' id='word_1_341' title='bbox 370 4256 427 4296; x_wconf 90' lang='lat' dir='ltr'>non</span> <span class='ocrx_word' id='word_1_342' title='bbox 445 4239 510 4296; x_wconf 83' lang='lat' dir='ltr'>aliis</span> <span class='ocrx_word' id='word_1_343' title='bbox 529 4239 597 4310; x_wconf 85' lang='lat' dir='ltr'>quia</span> <span class='ocrx_word' id='word_1_344' title='bbox 615 4240 673 4297; x_wconf 84' lang='lat' dir='ltr'>alia</span> <span class='ocrx_word' id='word_1_345' title='bbox 693 4242 731 4298; x_wconf 82' lang='lat' dir='ltr'><strong><em>M</em></strong></span> <span class='ocrx_word' id='word_1_346' title='bbox 736 4265 744 4298; x_wconf 75' lang='lat' dir='ltr'>s</span> <span class='ocrx_word' id='word_1_347' title='bbox 769 4243 805 4310; x_wconf 76' lang='lat' dir='ltr'>cf.</span> <span class='ocrx_word' id='word_1_348' title='bbox 826 4240 936 4298; x_wconf 77' lang='lat' dir='ltr'>Ultoris.</span> <span class='ocrx_word' id='word_1_349' title='bbox 951 4257 981 4311; x_wconf 80' lang='lat' dir='ltr'>p.</span> <span class='ocrx_word' id='word_1_350' title='bbox 1003 4246 1050 4308; x_wconf 83' lang='lat'>70,</span> <span class='ocrx_word' id='word_1_351' title='bbox 1069 4245 1109 4298; x_wconf 83' lang='lat'>27</span> <span class='ocrx_word' id='word_1_352' title='bbox 1193 4247 1224 4296; x_wconf 76' lang='grc'>11</span> <span class='ocrx_word' id='word_1_353' title='bbox 1244 4235 1381 4297; x_wconf 81' lang='lat' dir='ltr'>Aloearia</span> <span class='ocrx_word' id='word_1_354' title='bbox 1398 4255 1455 4294; x_wconf 90' lang='lat' dir='ltr'>uon</span> 
     </span>
     <span class='ocr_line' id='line_1_36' title="bbox 114 4307 1455 4394; baseline -0.005 -10"><span class='ocrx_word' id='word_1_355' title='bbox 114 4327 229 4384; x_wconf 85' lang='lat' dir='ltr'>aluinaa</span> <span class='ocrx_word' id='word_1_356' title='bbox 247 4323 419 4381; x_wconf 73' lang='lat' dir='ltr'>adunari</span> <span class='ocrx_word' id='word_1_357' title='bbox 441 4339 497 4380; x_wconf 89' lang='lat' dir='ltr'>non</span> <span class='ocrx_word' id='word_1_358' title='bbox 520 4323 615 4380; x_wconf 82' lang='lat' dir='ltr'>aluino</span> <span class='ocrx_word' id='word_1_359' title='bbox 638 4324 688 4391; x_wconf 85' lang='grc' dir='ltr'><em>Μ,</em></span> <span class='ocrx_word' id='word_1_360' title='bbox 711 4341 762 4380; x_wconf 86' lang='lat' dir='ltr'>om.</span> <span class='ocrx_word' id='word_1_361' title='bbox 781 4340 805 4394; x_wconf 73' lang='lat' dir='ltr'><em>p</em></span> <span class='ocrx_word' id='word_1_362' title='bbox 914 4307 1005 4380; x_wconf 69' lang='lat' dir='ltr'>Aluus</span> <span class='ocrx_word' id='word_1_363' title='bbox 1030 4325 1101 4381; x_wconf 88' lang='lat' dir='ltr'>haec</span> <span class='ocrx_word' id='word_1_364' title='bbox 1120 4339 1195 4379; x_wconf 89' lang='lat' dir='ltr'>nuno</span> <span class='ocrx_word' id='word_1_365' title='bbox 1213 4321 1264 4380; x_wconf 86' lang='lat' dir='ltr'>sed</span> <span class='ocrx_word' id='word_1_366' title='bbox 1290 4320 1388 4393; x_wconf 84' lang='lat' dir='ltr'>apium</span> <span class='ocrx_word' id='word_1_367' title='bbox 1408 4321 1455 4378; x_wconf 89' lang='lat' dir='ltr'>hic</span> 
     </span>
     <span class='ocr_line' id='line_1_37' title="bbox 114 4397 1455 4476; baseline -0.002 -14"><span class='ocrx_word' id='word_1_368' title='bbox 114 4405 174 4463; x_wconf 83' lang='lat' dir='ltr'>BG</span> <span class='ocrx_word' id='word_1_369' title='bbox 200 4405 283 4462; x_wconf 80' lang='lat' dir='ltr'>aluus</span> <span class='ocrx_word' id='word_1_370' title='bbox 311 4403 384 4462; x_wconf 86' lang='lat' dir='ltr'>haec</span> <span class='ocrx_word' id='word_1_371' title='bbox 411 4403 462 4461; x_wconf 91' lang='lat' dir='ltr'>sed</span> <span class='ocrx_word' id='word_1_372' title='bbox 489 4421 576 4476; x_wconf 87' lang='lat' dir='ltr'>apum</span> <span class='ocrx_word' id='word_1_373' title='bbox 604 4403 651 4459; x_wconf 88' lang='lat' dir='ltr'>bio</span> <span class='ocrx_word' id='word_1_374' title='bbox 676 4404 714 4460; x_wconf 94' lang='grc' dir='ltr'><em>Μ</em></span> <span class='ocrx_word' id='word_1_375' title='bbox 728 4397 839 4462; x_wconf 85' lang='lat' dir='ltr'>¹alueus</span> <span class='ocrx_word' id='word_1_376' title='bbox 866 4403 938 4460; x_wconf 88' lang='lat' dir='ltr'>baec</span> <span class='ocrx_word' id='word_1_377' title='bbox 966 4421 1041 4461; x_wconf 89' lang='lat' dir='ltr'>nunc</span> <span class='ocrx_word' id='word_1_378' title='bbox 1069 4403 1119 4461; x_wconf 90' lang='lat' dir='ltr'>sed</span> <span class='ocrx_word' id='word_1_379' title='bbox 1148 4402 1246 4474; x_wconf 82' lang='lat' dir='ltr'>apium</span> <span class='ocrx_word' id='word_1_380' title='bbox 1270 4419 1302 4474; x_wconf 79' lang='lat' dir='ltr'>p.</span> <span class='ocrx_word' id='word_1_381' title='bbox 1336 4404 1455 4471; x_wconf 72' lang='lat' dir='ltr'>fertum</span> 
     </span>
     <span class='ocr_line' id='line_1_38' title="bbox 116 4482 1454 4557; baseline -0.002 -13"><span class='ocrx_word' id='word_1_382' title='bbox 116 4487 198 4544; x_wconf 72' lang='lat' dir='ltr'>alem</span> <span class='ocrx_word' id='word_1_383' title='bbox 222 4487 295 4544; x_wconf 86' lang='lat' dir='ltr'>haec</span> <span class='ocrx_word' id='word_1_384' title='bbox 317 4503 391 4543; x_wconf 89' lang='lat' dir='ltr'>nunc</span> <span class='ocrx_word' id='word_1_385' title='bbox 415 4485 535 4556; x_wconf 87' lang='lat' dir='ltr'>dicitur,</span> <span class='ocrx_word' id='word_1_386' title='bbox 555 4483 606 4541; x_wconf 90' lang='lat' dir='ltr'>sed</span> <span class='ocrx_word' id='word_1_387' title='bbox 629 4485 706 4557; x_wconf 86' lang='lat' dir='ltr'>apud</span> <span class='ocrx_word' id='word_1_388' title='bbox 725 4486 843 4542; x_wconf 80' lang='lat' dir='ltr'>Accium</span> <span class='ocrx_word' id='word_1_389' title='bbox 867 4485 953 4542; x_wconf 85' lang='lat' dir='ltr'>baec:</span> <span class='ocrx_word' id='word_1_390' title='bbox 977 4487 1013 4554; x_wconf 76' lang='lat' dir='ltr'>cf.</span> <span class='ocrx_word' id='word_1_391' title='bbox 1034 4485 1176 4540; x_wconf 78' lang='lat' dir='ltr'>Priscian.</span> <span class='ocrx_word' id='word_1_392' title='bbox 1200 4483 1219 4542; x_wconf 88' lang='lat' dir='ltr'>l.</span> <span class='ocrx_word' id='word_1_393' title='bbox 1245 4482 1272 4537; x_wconf 87' lang='lat' dir='ltr'><strong><em>V</em></strong></span> <span class='ocrx_word' id='word_1_394' title='bbox 1290 4501 1319 4555; x_wconf 77' lang='lat' dir='ltr'>p.</span> <span class='ocrx_word' id='word_1_395' title='bbox 1338 4489 1409 4552; x_wconf 82' lang='lat'>163,</span> <span class='ocrx_word' id='word_1_396' title='bbox 1427 4489 1454 4542; x_wconf 79' lang='grc'>4.</span> 
     </span>
     <span class='ocr_line' id='line_1_39' title="bbox 116 4564 1453 4642; baseline -0.001 -18"><span class='ocrx_word' id='word_1_397' title='bbox 116 4569 134 4626; x_wconf 89' lang='lat' dir='ltr'>i.</span> <span class='ocrx_word' id='word_1_398' title='bbox 158 4567 207 4625; x_wconf 82' lang='lat' dir='ltr'>VI</span> <span class='ocrx_word' id='word_1_399' title='bbox 225 4587 257 4642; x_wconf 74' lang='lat'>1¹·</span> <span class='ocrx_word' id='word_1_400' title='bbox 280 4572 416 4636; x_wconf 78' lang='lat'>263,16</span> <span class='ocrx_word' id='word_1_401' title='bbox 526 4565 598 4624; x_wconf 78' lang='lat' dir='ltr'>elisa</span> <span class='ocrx_word' id='word_1_402' title='bbox 624 4584 680 4624; x_wconf 90' lang='lat' dir='ltr'>nou</span> <span class='ocrx_word' id='word_1_403' title='bbox 707 4569 755 4625; x_wconf 83' lang='lat' dir='ltr'>(no</span> <span class='ocrx_word' id='word_1_404' title='bbox 780 4568 819 4638; x_wconf 94' lang='grc' dir='ltr'>Β)</span> <span class='ocrx_word' id='word_1_405' title='bbox 846 4568 922 4625; x_wconf 83' lang='lat' dir='ltr'>alica</span> <span class='ocrx_word' id='word_1_406' title='bbox 946 4567 1005 4624; x_wconf 81' lang='lat' dir='ltr'>Bu</span> <span class='ocrx_word' id='word_1_407' title='bbox 1027 4567 1098 4622; x_wconf 89' lang='lat' dir='ltr'>haee</span> <span class='ocrx_word' id='word_1_408' title='bbox 1125 4564 1199 4622; x_wconf 90' lang='lat' dir='ltr'>alica</span> <span class='ocrx_word' id='word_1_409' title='bbox 1223 4580 1281 4620; x_wconf 89' lang='lat' dir='ltr'>uon</span> <span class='ocrx_word' id='word_1_410' title='bbox 1303 4564 1400 4622; x_wconf 84' lang='lat' dir='ltr'>halica</span> <span class='ocrx_word' id='word_1_411' title='bbox 1422 4582 1453 4637; x_wconf 80' lang='lat' dir='ltr'>p,</span> 
     </span>
     <span class='ocr_line' id='line_1_40' title="bbox 116 4645 1456 4722; baseline -0.001 -16"><span class='ocrx_word' id='word_1_412' title='bbox 116 4667 168 4708; x_wconf 85' lang='lat' dir='ltr'>ost.</span> <span class='ocrx_word' id='word_1_413' title='bbox 188 4651 227 4708; x_wconf 87' lang='grc' dir='ltr'><em>Μ</em></span> <span class='ocrx_word' id='word_1_414' title='bbox 333 4656 367 4706; x_wconf 87' lang='lat' dir='ltr'>ut</span> <span class='ocrx_word' id='word_1_415' title='bbox 391 4647 519 4720; x_wconf 85' lang='lat' dir='ltr'>alioquin</span> <span class='ocrx_word' id='word_1_416' title='bbox 545 4665 615 4705; x_wconf 81' lang='lat' dir='ltr'>corr.</span> <span class='ocrx_word' id='word_1_417' title='bbox 636 4647 744 4720; x_wconf 87' lang='lat' dir='ltr'>alioqui</span> <span class='ocrx_word' id='word_1_418' title='bbox 771 4649 805 4720; x_wconf 86' lang='lat'>0,</span> <span class='ocrx_word' id='word_1_419' title='bbox 829 4649 938 4722; x_wconf 83' lang='lat' dir='ltr'>alioqui</span> <span class='ocrx_word' id='word_1_420' title='bbox 960 4667 980 4720; x_wconf 79' lang='lat' dir='ltr'><em>p</em></span> <span class='ocrx_word' id='word_1_421' title='bbox 1082 4653 1117 4703; x_wconf 78' lang='grc'>11</span> <span class='ocrx_word' id='word_1_422' title='bbox 1135 4649 1164 4703; x_wconf 85' lang='lat' dir='ltr'>et</span> <span class='ocrx_word' id='word_1_423' title='bbox 1183 4645 1322 4703; x_wconf 83' lang='lat' dir='ltr'>ambobus</span> <span class='ocrx_word' id='word_1_424' title='bbox 1346 4663 1397 4704; x_wconf 84' lang='lat' dir='ltr'>om.</span> <span class='ocrx_word' id='word_1_425' title='bbox 1420 4647 1456 4704; x_wconf 90' lang='grc' dir='ltr'><em>Μ</em></span> 
     </span>
     <span class='ocr_line' id='line_1_41' title="bbox 189 4727 1453 4804; baseline -0.003 -14"><span class='ocrx_word' id='word_1_426' title='bbox 189 4739 222 4790; x_wconf 81' lang='grc'>11</span> <span class='ocrx_word' id='word_1_427' title='bbox 242 4731 371 4804; x_wconf 86' lang='lat' dir='ltr'>quando]</span> <span class='ocrx_word' id='word_1_428' title='bbox 390 4733 442 4802; x_wconf 67' lang='lat' dir='ltr'>qm</span> <span class='ocrx_word' id='word_1_429' title='bbox 462 4732 501 4787; x_wconf 93' lang='grc' dir='ltr'><em>Μ</em></span> <span class='ocrx_word' id='word_1_430' title='bbox 503 4729 562 4786; x_wconf 82' lang='grc' dir='ltr'>ΒΟ</span> <span class='ocrx_word' id='word_1_431' title='bbox 651 4747 799 4789; x_wconf 86' lang='lat' dir='ltr'>amaracus</span> <span class='ocrx_word' id='word_1_432' title='bbox 820 4740 908 4789; x_wconf 79' lang='grc'>-16</span> <span class='ocrx_word' id='word_1_433' title='bbox 932 4729 1078 4786; x_wconf 80' lang='lat' dir='ltr'>antidotus</span> <span class='ocrx_word' id='word_1_434' title='bbox 1101 4745 1152 4784; x_wconf 84' lang='lat' dir='ltr'>ota.</span> <span class='ocrx_word' id='word_1_435' title='bbox 1172 4727 1200 4783; x_wconf 92' lang='lat' dir='ltr'><em>B</em></span> <span class='ocrx_word' id='word_1_436' title='bbox 1293 4727 1453 4802; x_wconf 81' lang='lat' dir='ltr'>amaracus]</span> 
     </span>
     <span class='ocr_line' id='line_1_42' title="bbox 118 4810 1455 4886; baseline -0.001 -16"><span class='ocrx_word' id='word_1_437' title='bbox 118 4817 277 4871; x_wconf 70' lang='lat' dir='ltr'>amaranto</span> <span class='ocrx_word' id='word_1_438' title='bbox 298 4813 337 4870; x_wconf 91' lang='grc' dir='ltr'><em>Μ</em></span> <span class='ocrx_word' id='word_1_439' title='bbox 342 4813 376 4870; x_wconf 81' lang='lat' dir='ltr'>O:</span> <span class='ocrx_word' id='word_1_440' title='bbox 412 4813 489 4886; x_wconf 79' lang='lat' dir='ltr'>Verg.</span> <span class='ocrx_word' id='word_1_441' title='bbox 510 4813 581 4870; x_wconf 78' lang='lat' dir='ltr'>Aen.</span> <span class='ocrx_word' id='word_1_442' title='bbox 601 4810 623 4867; x_wconf 91' lang='lat' dir='ltr'><strong><em>I</em></strong></span> <span class='ocrx_word' id='word_1_443' title='bbox 645 4812 820 4871; x_wconf 74' lang='lat' dir='ltr'>scamellis</span> <span class='ocrx_word' id='word_1_444' title='bbox 845 4829 992 4870; x_wconf 84' lang='lat' dir='ltr'>amaracus</span> <span class='ocrx_word' id='word_1_445' title='bbox 1085 4827 1155 4868; x_wconf 86' lang='lat' dir='ltr'>auus</span> <span class='ocrx_word' id='word_1_446' title='bbox 1179 4811 1210 4868; x_wconf 92' lang='lat' dir='ltr'>et</span> <span class='ocrx_word' id='word_1_447' title='bbox 1236 4827 1304 4866; x_wconf 88' lang='lat' dir='ltr'>oues</span> <span class='ocrx_word' id='word_1_448' title='bbox 1325 4811 1363 4868; x_wconf 89' lang='grc' dir='ltr'><em>Μ</em></span> <span class='ocrx_word' id='word_1_449' title='bbox 1385 4826 1455 4870; x_wconf 88' lang='lat' dir='ltr'>anas</span> 
     </span>
     <span class='ocr_line' id='line_1_43' title="bbox 118 4893 275 4952; baseline -0.013 0"><span class='ocrx_word' id='word_1_450' title='bbox 118 4897 147 4952; x_wconf 90' lang='lat' dir='ltr'>et</span> <span class='ocrx_word' id='word_1_451' title='bbox 163 4912 229 4952; x_wconf 86' lang='lat' dir='ltr'>anes</span> <span class='ocrx_word' id='word_1_452' title='bbox 250 4893 275 4950; x_wconf 81' lang='lat'><em>0</em></span> 
     </span>
    </p>
   </div>
   <div class='ocr_carea' id='block_1_7' title="bbox 0 0 1819 5482">
    <p class='ocr_par' dir='ltr' id='par_1_11' title="bbox 0 0 1819 5482">
     <span class='ocr_line' id='line_1_44' title="bbox 0 0 1819 5482; baseline 0 0"><span class='ocrx_word' id='word_1_453' title='bbox 0 0 1819 5482; x_wconf 95' lang='lat' dir='ltr'> </span> 
     </span>
    </p>
   </div>
  </div>
 </body>
</html>
