3604 5486
599 345 649 404 DE
678 345 939 404 ntunnuuuutts
1375 345 1440 412 531

106 461 132 500 p.
147 450 285 492 2202-2202
298 449 323 490 Ρ.

107 545 143 599 et
161 536 279 618 litigant
296 535 449 618 homines,
469 552 519 598 res
538 537 570 598 in
589 537 827 598 controversiam
848 534 1017 599 deducitur.
1055 537 1097 600 ita
1115 539 1319 600 controversia
1338 537 1443 618 partis,

107 645 148 708 lis
172 663 316 708 summae.

201 753 307 816 Rixam
330 761 361 817 et
383 771 524 836 pugnam.
572 755 636 816 rixa
660 757 726 818 sine
746 755 838 817 armis
858 761 955 818 estet
983 751 1075 817 habet
1098 752 1319 838 defensionem,
1342 771 1444 842 pugna

32 877 34 880 ·
106 861 207 942 legem
235 861 325 926 babet
358 862 405 924 rel
438 861 605 926 naturalem
634 864 687 926 vel
710 863 862 927 moralem.
909 871 962 926 aut
990 863 1071 926 euim
1103 861 1289 945 palaestram
1320 862 1441 928 exbibet

76 974 254 1036 srirtntem
278 980 330 1036 aut
353 975 445 1035 armis
468 991 525 1054 per
548 991 665 1036 summa
688 976 765 1036 ritae
789 971 924 1055 pericula
948 971 1079 1034 dimicat.

95 1158 106 1176 ἶ
201 1081 325 1145 Occulta
350 1091 381 1145 et
404 1081 489 1144 clam.
536 1081 654 1146 occulte
678 1081 785 1164 latent,
809 1080 885 1145 olam
909 1080 1043 1157 celanti

200 1189 316 1254 Narum
335 1199 366 1254 et
385 1189 524 1254 celerem.
558 1208 653 1255 navus
672 1209 689 1252 a
708 1192 872 1273 praecipuo
892 1191 976 1252 naris
995 1207 1088 1253 cursu
1108 1190 1232 1275 dicitur,
1252 1191 1298 1254 vel
1317 1189 1441 1255 alterius

110 1319 204 1362 causa
218 1318 327 1384 navus,
348 1303 399 1382 qui
415 1299 518 1364 studet
535 1317 592 1383 per
611 1299 746 1362 officium
764 1317 855 1362 sunm
873 1297 960 1362 alteri
975 1297 1135 1381 prodesse:
1154 1299 1236 1364 celer
1250 1310 1296 1364 eet
1312 1299 1441 1381 [celere]

108 1407 242 1472 naturali
266 1408 370 1472 habitu
396 1419 427 1473 et
445 1411 555 1490 recipit
574 1410 831 1491 comparationem
850 1408 1161 1492 superlationemque,
1185 1411 1256 1492 qula
1274 1429 1442 1492 cognomen
1462 1443 1464 1451 ·

63 1533 90 1573 ιο
106 1527 169 1582 εει
213 1519 254 1582 ita
279 1535 372 1582 navus
396 1535 519 1600 operam
539 1525 626 1580 uarat
645 1517 746 1600 alteri,
769 1516 852 1580 celer
870 1527 905 1580 ut
924 1533 1009 1579 suam
1029 1533 1094 1578 rem
1113 1519 1154 1580 ita
1173 1515 1300 1580 alterius
1320 1535 1441 1600 quoqne

105 1627 253 1692 celeriter
275 1628 402 1709 perficit.

202 1735 317 1818 egilem
340 1745 372 1799 ct
395 1744 553 1798 succuum
577 1744 608 1798 et
632 1736 749 1798 iortem.
797 1735 905 1817 agilem
928 1737 1006 1799 actio
1035 1735 1121 1818 lacit,
1150 1743 1310 1800 strenuum
1334 1743 1443 1820 motus,

106 1847 222 1909 iortem
245 1863 366 1928 corpus.
1426 1923 1430 1929 Α

203 1953 422 2017 Contumeliam
446 1963 477 2016 et
505 1955 654 2016 iniuriam.
702 1951 916 2017 contumeliam
938 1953 1088 2036 inierunt,
1111 1955 1253 2017 iniuriam
1277 1956 1442 2037 patiuntur.

62 2079 90 2121 re
203 2061 380 2145 Spectacula
414 2070 445 2124 et
478 2071 691 2145 spectamenta.
742 2060 913 2144 spectacula
946 2061 1010 2125 loca
1044 2071 1116 2125 sunt
1148 2063 1228 2126 unde
1263 2073 1442 2147 spectamus,

106 2180 317 2256 spectamenta
342 2190 418 2254 quae
443 2180 629 2254 spectantur.

204 2280 362 2344 Pascentia
385 2290 416 2344 et
439 2279 620 2363 pabulantia.
658 2283 812 2362 pascentia
832 2289 904 2344 sunt
923 2301 1000 2364 qnae
1020 2300 1057 2346 ex
1077 2300 1109 2344 se
1128 2291 1271 2366 pescrrut,
1296 2292 1330 2346 ut
1348 2291 1443 2366 prata,

107 2401 141 2454 et
165 2393 319 2474 pascentia
343 2391 490 2472 mancipia
514 2407 590 2471 quae
614 2399 755 2474 pascunt3
783 2390 851 2453 ideo
875 2393 965 2455 etiam
993 2400 1130 2474 pastores
1158 2400 1320 2456 vocantur:
1350 2391 1441 2476 pabu-

107 2500 202 2563 lantIa
227 2517 298 2561 vero
322 2517 399 2581 qnae
422 2505 604 2582 pascuntur,
628 2507 663 2562 ut
685 2501 828 2564 iumenta.

62 2627 91 2667 eo
202 2607 357 2671 Volrentia
376 2617 407 2672 et
426 2606 574 2670 volubilia.
612 2606 760 2671 volventia
779 2627 856 2690 quae
870 2609 1006 2692 volvunt,
1026 2607 1166 2672 volubilia
1181 2628 1259 2691 quae
1273 2609 1440 2674 volvuntur.

169 2717 171 2720 ’
202 2719 344 2781 Animum
368 2728 399 2780 ct
421 2719 559 2781 animm.
606 2719 724 2780 animus
748 2717 877 2799 qualitas
900 2719 1042 2801 virentis,
1065 2720 1164 2781 anima
1188 2737 1277 2782 causa
1303 2721 1388 2782 vitae.

203 2826 358 2890 ilateriam
395 2835 427 2888 et
459 2828 623 2890 materiem.
681 2828 821 2890 materies
855 2829 947 2889 animi
981 2835 1041 2910 est,
1062 2820 1068 2910 Ι
1089 2828 1212 2890 materia
1245 2825 1376 2910 arboris3
1413 2837 1444 2889 et

109 2939 255 3000 materies
279 2935 406 3018 qualitas
429 2938 557 3020 ingenii,
580 2937 706 2999 materia
730 2935 822 2998 labris
846 2945 923 3019 epta.

203 3043 347 3109 Hebescit
375 3054 406 3108 et
433 3043 609 3107 hebetescit.
662 3043 799 3108 hebescit
827 3048 879 3127 qui
908 3054 1015 3108 natura
1043 3044 1245 3128 obstupescit,
1276 3043 1442 3108 hebetescit

65 3173 94 3213 aa
111 3157 166 3236 qui
190 3155 313 3216 amitttit
336 3155 440 3216 aciem.

204 3262 246 3325 lta
274 3271 305 3326 et
333 3262 416 3326 cedo.
468 3265 544 3327 cetto
569 3261 627 3326 sibi
650 3265 749 3346 poscit
772 3274 802 3326 et
826 3274 873 3326 est
896 3261 1053 3347 inmobile,
1077 3262 1128 3327 dat
1152 3263 1204 3344 qui
1227 3259 1251 3343 †
1275 3280 1336 3326 non
1360 3263 1442 3326 ssnitc

111 3375 186 3436 iacit
209 3371 320 3435 datum.

207 3624 239 3674 12
264 3619 341 3675 Inter
364 3618 471 3692 agilem
495 3621 525 3676 et
548 3625 695 3677 theanum
719 3623 749 3676 et
771 3620 875 3678 fortem
900 3622 930 3676 et
953 3619 1080 3677 validum
1105 3663 1111 3676 .
1136 3619 1242 3692 egilem
1265 3619 1342 3678 ectio
1367 3619 1445 3688 iacit,

111 3705 260 3758 strennum
284 3703 389 3771 metus,
412 3700 517 3756 fortem
541 3702 665 3770 animus,
694 3701 822 3758 ualidum
846 3719 949 3774 corpus
972 3703 1031 3760 eod.
1057 3702 1150 3759 Movet.
1239 3709 1272 3760 22
1293 3701 1445 3759 Materiam

111 3783 194 3840 Beda
213 3787 301 3852 279ss
375 3787 411 3838 24
429 3781 565 3840 Hebeecit
583 3783 664 3840 Beda
682 3788 787 3852 atino

114 3929 334 3944 μ

207 4025 221 4074 1
241 4019 275 4073 ut
292 4015 408 4088 litigent
427 4017 579 4076 Pulseltc'ua
651 4021 741 4092 partie
760 4023 805 4077 est
822 4021 907 4076 editio
926 4019 1101 4076 anemonae
1174 4019 1312 4076 bnirtnte
1326 4025 1344 4076 a
1358 4019 1444 4076 armis

111 4101 148 4158 N
168 4097 305 4155 αἰήυὲοιιι
327 4098 375 4154 nel
398 4099 485 4154 armis
509 4115 526 4160 ς
614 4101 724 4160 telam
747 4101 862 4159 caelent
883 4102 974 4159 Alteri
999 4118 1055 4158 neu
1078 4100 1199 4172 prodere
1223 4101 1308 4159 alteri
1331 4101 1443 4158 caelare

111 4181 240 4241 naturali
257 4179 360 4236 habitu
378 4181 453 4239 inest
470 4197 488 4242 ς
507 4185 596 4242 verbio
614 4202 685 4258 quoae
703 4185 735 4240 ἐπ
758 4185 849 4242 codice
870 4189 933 4254 post
953 4191 972 4241 8
997 4184 1122 4241 efficium
1145 4201 1227 4240 suum
1250 4185 1357 4255 scripto
1377 4188 1445 4239 aunt

111 4267 168 4322 buc
191 4263 371 4334 composino
462 4265 605 4338 enarum]
629 4267 714 4321 natus
738 4279 755 4324 ς
851 4265 935 4322 alteri
956 4297 988 4306 -
1008 4265 1109 4322 babitu
1132 4283 1184 4322 orn.
1209 4281 1226 4326 ς
1323 4264 1444 4322 celerem

112 4347 205 4405 celere
224 4342 349 4400 natumli
362 4342 397 4399 N
470 4350 503 4400 14
518 4343 725 4404 Contumeliam
740 4349 770 4402 et
783 4346 916 4403 iniuriam
927 4392 933 4404 .
944 4345 1153 4405 Contumeliam
1167 4349 1294 4405 inierunt
1307 4345 1444 4403 Iniuriam

547 4426 674 4484 inierunt
1337 4431 1404 4484 ntur

113 4501 263 4574 patiuntur
282 4515 299 4560 ς
319 4496 530 4555 Contumeliam
543 4503 572 4556 et
586 4499 720 4557 iniuriam
733 4499 882 4572 patiuntur
895 4501 929 4556 N
1000 4509 1034 4559 16
1049 4503 1225 4577 spectantur]
1241 4505 1403 4574 spectamus
1414 4502 1447 4556 N

153 4587 185 4638 17
206 4599 240 4638 ex
260 4599 290 4638 se
308 4583 431 4652 pascunt
445 4579 650 4652 Burmannus,
669 4599 703 4638 ex
722 4599 752 4639 ee
771 4589 926 4656 pascuntur
939 4585 973 4641 Ν
979 4601 997 4645 ς
1072 4591 1105 4640 18
1124 4583 1193 4655 qnia
1210 4587 1365 4654 pascuntur
1378 4583 1413 4639 N
1419 4599 1446 4654 ς,

114 4664 184 4737 qnia
205 4667 328 4736 percunt
350 4662 543 4718 Bottmuomes
631 4669 664 4719 19
684 4681 758 4734 qnae
776 4665 943 4740 pascuntur]
969 4681 1041 4735 quae
1065 4665 1108 4722 ita
1131 4669 1250 4721 utuntur
1267 4664 1301 4720 N
1317 4681 1390 4735 quae
1409 4663 1445 4720 iia

115 4747 271 4805 ntuntnre
344 4751 380 4801 24
399 4743 449 4816 qui
467 4748 583 4814 utroque
602 4745 659 4800 loco
678 4745 772 4815 Beda,
792 4748 868 4818 qued
887 4755 1003 4820 utroque
1022 4749 1080 4804 loco
1098 4747 1132 4803 N
1139 4763 1156 4807 ς
1234 4747 1445 4820 obstupescite

116 4826 308 4897 obrtnrpescit
334 4825 369 4882 N
447 4832 481 4883 26
510 4825 555 4882 Da
581 4827 611 4881 et
639 4825 709 4882 cedo
738 4824 813 4884 Cedo
837 4829 892 4885 sibi
915 4845 933 4890 ς
957 4831 999 4884 Da
1022 4831 1052 4885 et
1075 4829 1144 4886 cedo
1170 4828 1224 4886 sibi
1248 4828 1282 4884 N
1364 4828 1445 4884 finire

115 4907 270 4965 Fabricius
