3590 5486
313 315 379 384 lte
543 273 545 278 ⁸
588 295 590 300 ’
861 313 1098 374 oassronosn

311 431 334 470 p.
349 420 410 462 im.
425 418 479 462 mli
492 417 519 461 P.
1056 423 1061 432 '

314 505 399 586 quasi
427 503 610 566 diversitatis
639 519 738 566 causa.
781 503 808 566 si
836 505 918 568 enim
946 503 1040 568 berna
1069 502 1150 566 domi
1178 504 1316 588 genitum
1342 503 1506 587 significet,
1539 502 1569 567 ld
1605 514 1653 567 est

313 591 504 697 olxopevrjc,
531 630 691 676 commune
721 623 768 676 est
796 612 889 677 duum
920 631 1066 696 generum
1095 613 1265 678 secuudum
1294 623 1426 698 veteres,
1456 615 1550 678 trium
1578 631 1651 676 vero

314 720 483 785 secundum
506 739 605 784 meam
628 722 824 805 sententiam,
848 731 879 784 et
902 740 957 805 per
976 720 1133 786 b‘mutam
1153 709 1307 786 scribitur.
1337 725 1364 786 si
1388 741 1459 786 vero
1484 722 1650 806 temporale

312 829 464 912 quoddam
487 829 661 911 denuntiet,
685 831 744 892 erit
768 829 894 894 mobile:
917 849 934 892 a
957 849 1028 894 vere
1051 849 1182 914 namque
1205 850 1318 896 vernus
1342 849 1433 896 verna
1456 850 1583 896 vernum
1608 832 1652 916 lit,

312 947 347 1001 ut
375 940 471 1019 siquis
500 937 581 1000 dicat
607 954 721 1000 vernus
749 936 810 1022 sol,
844 957 935 1001 verna
968 938 1114 1022 hirundo,
1147 957 1274 1004 vernum
1303 946 1438 1023 tempus,
1466 950 1497 1002 et
1525 959 1543 1000 v
1571 941 1678 1008 sicutn

259 1049 261 1054 “
312 1054 494 1129 prototypon
515 1047 581 1110 eius
601 1046 805 1126 inscriptura
826 1044 948 1109 tenebit
981 1045 1029 1108 his
1049 1047 1090 1108 ita
1109 1066 1142 1110 se
1166 1046 1348 1111 habentibus
1371 1065 1534 1130 possumus
1558 1050 1650 1111 etlam

312 1152 488 1236 intellegere
517 1154 642 1218 bernam
670 1152 786 1217 dictum
814 1169 882 1214 esse
907 1169 977 1215 eum
1001 1154 1054 1234 qui
1081 1157 1112 1216 ln
1141 1153 1229 1218 bonis
1258 1153 1451 1218 hereditariis
1478 1165 1651 1219 natusest:

222 1307 225 1316 .
313 1261 391 1326 hona
420 1282 492 1327 vcro
520 1281 576 1346 per
604 1261 625 1326 b
652 1261 771 1326 literam
803 1259 895 1324 scribi
929 1279 1020 1343 supra
1054 1261 1133 1326 diota
1162 1261 1380 1326 demonstrant
1426 1282 1481 1326 vor
1508 1263 1651 1346 syllabam

314 1390 414 1454 neque
443 1371 566 1436 brevem
595 1390 695 1453 neque
728 1369 847 1452 longam
876 1372 906 1432 in
940 1369 1033 1432 latino
1062 1389 1202 1434 sermone
1231 1370 1284 1435 ulli
1317 1373 1418 1436 inveni
1448 1374 1650 1454 praepositam

313 1483 442 1564 nomini,
471 1483 530 1544 nisi
559 1488 664 1542 vortex
690 1497 747 1560 pro
777 1496 814 1540 eo
838 1477 918 1560 quod
948 1487 995 1540 est
1023 1488 1142 1562 vertex,
1170 1481 1261 1542 sicuti
1289 1478 1397 1542 volnus
1420 1497 1481 1558 pro
1509 1497 1545 1542 eo
1568 1481 1654 1556 quod
1667 1496 1692 1534 ιο

313 1594 432 1654 dicitur
454 1593 565 1652 winus
589 1583 730 1669 antiquos
754 1587 901 1668 figurasse
922 1585 927 1666 Ι
948 1589 1149 1651 meminimus.
1186 1585 1247 1650 bur
1270 1587 1409 1651 similiter
1428 1591 1555 1670 cognovi
1578 1586 1651 1649 deli·

313 1718 384 1763 cere
407 1707 528 1781 praeter
552 1696 610 1762 hoc
634 1687 715 1778 quod
739 1696 770 1757 in
794 1697 919 1778 proprio
944 1694 1105 1758 didicimus
1131 1699 1265 1782 nomine,
1294 1695 1324 1758 ld
1352 1705 1400 1760 est
1422 1689 1546 1779 Burria,
1570 1696 1651 1778 quod

211 1783 227 1860 ἰ
313 1809 404 1870 etiam
432 1804 532 1889 perh
560 1813 673 1869 mutam
705 1805 853 1884 scriptum
882 1821 951 1866 csse
979 1804 1148 1867 secundum
1177 1804 1311 1888 regulam
1336 1797 1474 1869 no'vimus
1502 1807 1533 1868 in
1558 1822 1652 1887 snpra

315 1915 404 1978 dictis
428 1917 604 1996 expositam.
728 1949 730 1955 ·

385 2069 529 2142 anisam]
552 2067 655 2126 eamO
727 2074 857 2125 tenere
871 2084 994 2140 namque
1007 2067 1068 2125 AO
1079 2068 1172 2137 Quare
1186 2087 1310 2142 namque
1324 2069 1353 2124 B
1427 2069 1651 2142 sprautyposp

269 2156 279 2172 '
312 2149 529 2225 primitiuomB
584 2148 626 2205 its
642 2146 851 2220 seAGitaque
867 2151 936 2208 ssB
991 2158 1105 2224 Ssnpra
1113 2151 1193 2209 dicia
1205 2150 1471 2207 demonstrantAO
1478 2166 1564 2223 supra
1573 2149 1653 2206 dicta

313 2231 388 2290 rah‘o
402 2229 621 2290 demonstrati}
687 2235 721 2286 10
734 2233 919 2302 proeoquod
929 2233 1148 2290 diciturvulnus
1162 2231 1316 2291 ontABO
1385 2229 1655 2289 indicimuaABG

751 2461 964 2561 'unsrauu
983 2503 1032 2560 un
1051 2503 1075 2560 a
1095 2503 1190 2561 nav

279 2720 283 2726 .
313 2672 481 2737 secundum
505 2689 602 2736 meam
627 2675 823 2757 sententiam,
847 2684 878 2737 et
901 2673 994 2757 perh
1018 2683 1132 2736 niumm
1156 2672 1301 2736 scribitur
1316 2722 1323 2738 .
1338 2676 1365 2736 sl
1388 2675 1460 2736 ve'ro
1484 2671 1649 2755 temporale

314 2780 464 2862 quoddam
488 2780 660 2865 denuntiet,
684 2785 743 2845 erit
767 2781 892 2846 mobile:
916 2803 932 2846 s
955 2801 1035 2846 vere·
1051 2791 1180 2865 namque
1204 2801 1317 2846 sennua
1340 2800 1433 2844 verua
1456 2799 1584 2845 vernum
1607 2782 1651 2863 lit,

315 2898 350 2952 ut
366 2892 464 2971 siquis
483 2890 562 2953 dicat
581 2909 693 2953 vernus
712 2891 772 2975 sol,
796 2911 889 2955 verna
908 2890 1053 2975 hirundo,
1076 2909 1205 2954 vernum
1225 2899 1362 2974 tempus,
1385 2901 1416 2952 et
1439 2909 1456 2950 v
1479 2888 1651 2971 digammon

314 3000 394 3061 sicut
416 2990 640 3081 comedemus>
664 3001 730 3061 cius
753 3000 786 3062 iu
810 3002 962 3082 scriptura
986 2996 1112 3061 tenebit.
1150 2997 1197 3061 his
1221 3000 1262 3061 ita
1281 3017 1315 3060 se
1339 2996 1521 3060 habentibus
1544 3015 1651 3080 possu-

315 3125 382 3170 mus
411 3110 500 3169 etiam
529 3105 705 3190 intellegere
734 3105 860 3170 bernam
884 3107 997 3170 dictum
1022 3124 1089 3168 esse
1114 3125 1185 3170 enm
1208 3109 1261 3188 qui
1290 3109 1322 3168 in
1346 3105 1435 3170 honis
1458 3105 1679 3170 hereditarils⁵

314 3224 403 3277 natus
431 3222 494 3278 est:
524 3213 602 3278 bona
630 3233 702 3278 vero
729 3233 785 3297 per
813 3214 891 3278 banc
919 3214 1049 3278 litteram
1078 3213 1172 3278 scribi
1201 3232 1292 3294 supra
1321 3213 1401 3277 dicta
1432 3211 1651 3276 demonstrant

313 3341 367 3384 vor
395 3319 537 3404 syllabam
567 3342 666 3406 nequa
693 3320 819 3386 brevem
847 3341 945 3404 neque
975 3323 1157 3413 longomlin
1185 3321 1278 3384 latino
1303 3339 1443 3384 sermone
1467 3321 1521 3384 ulli
1549 3323 1652 3385 inveni

314 3433 516 3511 praepositam
536 3433 662 3515 nomini,
687 3431 746 3493 nisi
759 3439 871 3493 ¹vortex
894 3449 950 3512 pro
970 3448 1006 3492 eo
1029 3429 1109 3512 quod
1134 3437 1181 3492 est
1203 3438 1322 3512 vertex,
1347 3431 1439 3492 sicuti
1462 3429 1570 3494 volnus
1592 3448 1651 3512 pro

233 3563 236 3569 ·
314 3538 450 3619 eoquod
470 3538 582 3600 dicitnr
600 3539 710 3602 vulnus
730 3541 871 3621 antiquos
891 3539 1036 3620 figurasse
1057 3540 1259 3600 meminimus.
1287 3557 1344 3600 rur
1364 3539 1504 3622 similiter
1523 3540 1651 3619 cognovi

201 3641 211 3664 ⁸
314 3644 443 3708 delicere
463 3656 584 3728 praeter
602 3647 659 3710 hoc
680 3647 759 3730 quod
779 3650 811 3710 in
830 3649 954 3731 proprio
975 3647 1135 3710 didicimus
1153 3647 1290 3729 nomine,
1308 3645 1339 3708 id
1359 3656 1407 3709 est
1425 3644 1549 3727 Burrio,
1568 3645 1650 3727 quod
1667 3661 1693 3701 ιο

314 3756 403 3818 ctiam
431 3754 529 3836 perh
558 3765 672 3819 mutam
699 3758 848 3840 scriptum
877 3773 944 3818 esse
974 3754 1142 3818 secundum
1171 3754 1306 3837 regulam
1335 3757 1473 3818 novimus
1500 3757 1532 3818 in
1557 3772 1650 3836 supro

319 3862 408 3925 dictis
433 3867 608 3946 expositam.

406 3971 461 4035 Vas
485 3973 722 4055 monosyllabum
747 3975 907 4054 recognovi
931 3971 1045 4056 solum,
1067 3974 1148 4054 qarod
1172 3993 1229 4056 per
1253 3995 1269 4034 v
1294 3973 1426 4036 litteram
1453 3971 1519 4035 loco
1543 3970 1650 4035 scribi·

314 4086 364 4142 tur
393 4084 601 4164 consonantis,
629 4091 664 4144 ut
691 4099 750 4143 vas.
788 4079 896 4142 bassus
924 4083 1028 4164 etiam,
1057 4080 1087 4142 id
1116 4092 1163 4144 cst
1192 4074 1329 4165 grassare,
1359 4083 1389 4142 iu
1418 4079 1650 4162 glossematibus

315 4193 436 4271 repperi
460 4200 491 4254 et
513 4189 612 4274 perh
636 4200 748 4253 mutam
773 4187 867 4251 scribi
891 4192 1025 4270 cognovi.
1491 4193 1498 4208 '
1665 4203 1692 4243 1⁵

407 4364 685 4438 lmesm]samN
773 4363 1173 4432 tavereom.N,odd.P
1261 4360 1580 4419 thisitaPisiaN

316 4445 480 4519 hbsrnem]
500 4447 602 4504 henam
621 4447 656 4502 N
671 4461 789 4502 vernam
809 4441 838 4496 P
924 4445 1046 4518 thone]
1073 4463 1141 4503 erna
1159 4445 1189 4500 P
1271 4444 1467 4500 demonstrant
1485 4442 1514 4498 P
1533 4442 1651 4500 demon·

314 4529 387 4583 strat
405 4527 439 4580 N
514 4527 636 4584 tullius
654 4526 750 4583 iuveni
768 4526 979 4598 suprapositam
997 4525 1120 4584 nominis
1138 4527 1205 4582 NP
1283 4531 1315 4582 10
1335 4523 1492 4583 dedicimus
1511 4523 1579 4578 NP

245 4619 253 4628 ·
315 4614 349 4663 12
368 4608 529 4679 expositum
548 4609 582 4663 N
597 4609 760 4681 expositam
779 4607 829 4664 ubi
847 4607 966 4664 fecimus
987 4607 1159 4664 mentionem
1178 4609 1216 4664 bu
1230 4606 1371 4678 syllabam
1390 4603 1513 4662 nominis
1533 4603 1651 4676 qnidam

313 4689 498 4762 incipientem
522 4687 699 4748 desinentem
724 4706 791 4746 vero
817 4688 847 4744 in
873 4694 1075 4744 consonantem
1100 4706 1135 4746 ex
1160 4703 1217 4760 qna
1242 4688 1331 4744 etiam
1356 4687 1479 4744 secunda
1503 4686 1605 4761 incipit
1632 4691 1651 4744 h

314 4775 425 4828 matam
443 4774 571 4844 repetere
591 4771 620 4827 in
635 4771 805 4841 scripturam
821 4769 850 4824 P
902 4775 936 4824 lt
955 4769 1189 4842 glosemmatibus
1207 4768 1241 4823 N
1294 4773 1328 4824 to
1347 4769 1431 4839 perh
1450 4769 1560 4824 mutam
1576 4767 1653 4826 sicut

316 4855 347 4910 et
365 4853 480 4925 proprio
499 4853 613 4909 nomine
632 4852 718 4908 scribi
737 4851 858 4924 cognovi
878 4850 908 4906 P
976 4869 978 4872 ·
