3590 5486
346 343 410 412 186
896 339 1132 399 cisstouonu
1218 282 1231 298 l

342 458 366 498 p.
381 447 438 489 asor
451 446 477 488 a.
1162 439 1167 450 ·

343 550 400 614 ροι
421 531 442 594 b
466 541 579 594 mutam
604 531 769 615 scribetur,
793 532 986 596 discretionis
1009 533 1117 613 gratia,
1142 530 1268 594 ideone
1293 549 1354 592 non
1378 531 1473 613 iores,
1497 528 1550 592 sed
1575 531 1677 592 inelle-

343 639 419 703 biles
434 659 524 704 voces
538 641 706 705 denuntiet
726 659 794 704 nam
809 643 836 704 si
850 659 906 724 per
919 639 939 704 b
954 642 1267 724 mutamenuutiatur,
1281 633 1394 722 θύρας
1412 631 1523 723 ἤγουν
1537 635 1680 702 πυλῶνα

342 741 511 832 λαμπρόν,
535 769 593 833 per
611 769 628 812 ι
651 750 822 832 digammon
842 749 945 813 ultima
969 749 1085 812 scillcet
1104 747 1230 832 syllaba,
1252 748 1368 831 alequa
1388 751 1562 812 etiamnunc
1581 748 1680 830 ioqui·

343 876 426 944 mur,
448 852 509 934 τὰς
531 851 659 935 deiide
681 859 842 940 significat:
870 857 995 938 Persius
1019 854 1138 921 ‘balva
1167 857 1209 920 de
1234 875 1318 921 nare
1347 851 1519 921 locutus’.
1556 858 1583 920 si
1607 875 1680 920 rero

342 965 429 1050 liaeo,
453 966 483 1028 id
507 976 555 1056 est
578 966 601 1050 l,
625 985 686 1030 non
710 965 897 1050 praefulgeat
919 965 1019 1030 littera
1043 966 1089 1030 rel
1114 985 1150 1030 ex
1173 985 1232 1030 una
1253 966 1347 1030 ιιοιιι
1370 974 1479 1030 natura
1501 967 1590 1049 longa
1615 981 1704 1030 nona

342 1075 402 1137 erit
423 1056 622 1158 paenultima,
646 1074 665 1137 b
688 1084 803 1140 mutam
827 1074 973 1139 decenter
995 1077 1026 1138 in
1051 1077 1203 1158 scriptura
1226 1073 1355 1158 tenebit,
1379 1075 1419 1137 ita
1442 1082 1544 1138 tamen
1567 1076 1595 1138 si
1618 1093 1680 1138 non

343 1201 359 1246 a
378 1183 546 1248 masculino
565 1203 677 1267 genere
696 1185 817 1248 nomina
837 1185 952 1247 inerint
970 1184 1111 1266 figurata,
1134 1193 1168 1247 ut
1191 1181 1284 1246 herba
1304 1181 1377 1246 tuba
1396 1181 1486 1246 turba
1505 1181 1576 1245 iuba
1595 1181 1679 1246 larba

344 1291 452 1370 barba,
471 1291 548 1356 obba
568 1285 742 1378 ποτήριον,
761 1293 878 1377 glaeba,
898 1291 1051 1376 pronuba,
1070 1292 1152 1354 orba
1186 1293 1380 1374 excipiuntur
1399 1300 1518 1354 caterva
1537 1290 1680 1376 blinerra,

343 1419 419 1482 quae
444 1401 658 1485 disyllaborum
682 1401 774 1465 buius
799 1400 920 1484 regulae
942 1403 1117 1483 superantia
1136 1418 1297 1471 numerum
1320 1398 1432 1463 babent
1456 1397 1574 1530 longam
1599 1402 1678 1482 posi·

347 1512 428 1573 tione
452 1509 675 1593 paenultimam.
726 1541 732 1546 ·
1694 1525 1719 1564 ιο

526 1637 561 1646 -ι

437 1691 451 1740 ι
471 1684 631 1742 ineffabiles
644 1701 730 1742 uoces
747 1687 777 1742 A
795 1685 941 1743 ineffabile
955 1702 1039 1742 uoces
1055 1683 1080 1742 0
1095 1683 1239 1743 ineffabile
1253 1684 1332 1742 noeis
1349 1645 1378 1740 Β
1436 1689 1453 1741 a
1471 1681 1578 1740 namsi
1595 1683 1682 1755 perb

341 1767 454 1824 nautam
473 1765 605 1824 enuntiat
623 1762 1157 1828 ΕΥΡὰΕΗΤΟΥΝΙΤΥΛΟΝᾶὸΜΤιΡΟΝ
1177 1783 1262 1838 pern
1277 1766 1444 1839 digammon
1458 1763 1591 1822 ultimam
1605 1762 1681 1819 scili·

341 1850 388 1904 cet
405 1845 548 1920 syllabam
561 1849 597 1906 (le
612 1866 670 1921 qua
683 1850 714 1908 et
731 1867 807 1906 nuuc
825 1847 970 1921 loquimur
983 1843 1147 1908 rocreiias
1167 1847 1311 1920 siguificat
1329 1847 1442 1904 Persius
1460 1846 1548 1902 salba
1565 1845 1680 1902 locutus

341 1929 378 1986 de
387 1945 455 1986 nare
465 1927 490 1985 ιι
499 1945 568 1988 nero
577 1930 606 1987 Β
620 1948 687 1988 uam
700 1932 781 2005 perb
795 1933 906 1988 mutam
920 1929 1084 1987 enuntiator
1098 1924 1328 1989 ΕΥΡὰΕΝΤΟΥΝ
1344 1923 1679 1988 ΡΥΛΕΟΝΛΛὰΜΠΡΟΝ

341 2027 392 2080 per
410 2028 430 2066 u
453 2010 583 2068 numiam
606 2012 671 2070 loco
695 2012 878 2070 consonantis
902 2011 1005 2070 ultima
1028 2011 1141 2083 syllaba
1163 2011 1199 2070 de
1223 2028 1280 2084 qna
1298 2013 1328 2068 et
1351 2027 1426 2066 nuno
1449 2009 1594 2082 loquimur
1612 2011 1681 2068 ΤΛ(

341 2091 440 2149 Velius
464 2092 608 2165 signifieat
625 2091 740 2150 Persius
763 2093 852 2151 nalba
874 2093 909 2149 de
933 2109 1001 2148 uara
1024 2090 1204 2164 loquutus
1180 2110 1205 2149 ιι
1224 2108 1291 2150 nero
1310 2079 1338 2148 A
1362 2091 1437 2148 Nam
1459 2109 1512 2164 per
1530 2091 1549 2148 b
1568 2095 1680 2149 mutam

342 2175 481 2231 enuntiat
515 2174 545 2232 Si
564 2192 632 2234 uero
653 2173 687 2246 0,
707 2192 774 2232 nana
792 2175 816 2231 si
834 2167 967 2245 ὥρας’
950 2195 969 2246 η
987 2169 1040 2232 τὸν
1058 2174 1169 2230 aridae
1188 2168 1360 2246 ἀμφίθυρον
1379 2172 1564 2247 significabit,
1591 2191 1643 2245 per
1662 2190 1680 2228 r

342 2256 509 2328 digammon
526 2255 659 2314 ultimam
678 2256 789 2316 scilicet
814 2256 968 2352 spilabam
992 2255 1027 2313 de
1047 2272 1104 2327 qua
1122 2257 1153 2312 οι
1170 2271 1245 2311 ιιιο
1268 2253 1413 2332 loquimur
1431 2253 1579 2312 sbribetur.
1612 2254 1679 2310 Per·

298 2375 300 2380 -
342 2335 401 2392 sius
419 2336 506 2393 baira
525 2336 560 2392 de
580 2353 648 2394 nare
666 2337 787 2396 ιοοιιιι.
816 2338 842 2394 si
859 2354 929 2396 rero
948 2336 1049 2393 Carrio
1140 2341 1157 2391 o
1180 2334 1265 2409 haec]
1290 2336 1327 2394 .h
1346 2337 1375 2392 Β
1467 2335 1566 2393 littera
1590 2330 1642 2407 'per
1662 2334 1682 2390 b

344 2419 455 2474 ιιιιιιι
481 2417 646 2493 scribentur
663 2418 711 2475 uel
735 2436 770 2476 ex
793 2436 852 2476 una
868 2419 896 2476 Β
980 2415 1127 2475 dtenebit
1144 2415 1240 2474 locum
1253 2435 1272 2472 ι
1290 2418 1333 2474 ita
1351 2420 1448 2475 tamen
1464 2417 1493 2472 Β
1577 2415 1683 2473 liuba

262 2501 268 2515 '
342 2499 437 2574 larba]
462 2499 542 2557 inbal
566 2499 637 2556 arba
654 2498 715 2557 ΒΟ
734 2501 803 2558 iuba
821 2501 893 2558 arba
911 2501 952 2569 A,
970 2498 1053 2555 larba
1071 2492 1225 2569 δαιμόνιον
1245 2499 1361 2556 editores
1452 2504 1469 2555 8
1492 2497 1583 2554 barba
1606 2496 1683 2553 obba

341 2582 523 2639 normaton
549 2581 636 2652 gleba
653 2581 681 2637 Β
705 2581 795 2638 barba
818 2581 894 2638 abba
915 2571 1081 2637 llOiNPiON
1106 2578 1192 2652 galba
1214 2581 1242 2636 A
1268 2579 1359 2636 barba
1382 2579 1457 2636 abba
1480 2577 1567 2652 galba
1586 2577 1611 2634 0

343 2667 360 2717 9
380 2661 465 2733 quae]
484 2660 562 2732 qnod
581 2660 607 2718 G
678 2665 815 2733 superant
833 2680 982 2720 nnmerum
1001 2659 1095 2718 ABG
1166 2660 1329 2732 habentque
1347 2661 1376 2716 A

728 2860 736 2880 ἱ
806 2915 994 2972 nimiunn
1013 2914 1062 2972 DE
1082 2915 1105 2971 B
1125 2914 1173 2971 ΕΤ
1192 2915 1220 2971 V

344 3093 450 3148 tratura
484 3085 571 3166 longa
600 3086 630 3146 in
663 3083 847 3166 paenultima
881 3086 988 3168 luerit,
1021 3103 1076 3168 per
1104 3104 1122 3144 v
1150 3084 1322 3166 digammon
1351 3084 1517 3167 scribetur,
1544 3093 1580 3145 ut
1607 3082 1681 3144 silua

344 3194 438 3256 malva
458 3192 538 3256 calva
557 3211 614 3254 ura
633 3191 723 3276 oliva,
747 3201 868 3274 praeter
891 3191 1010 3276 balbas,
1034 3195 1060 3255 si
1084 3202 1184 3254 tamen
1208 3195 1293 3274 prior
1312 3191 1424 3274 syllaba
1447 3211 1503 3274 per
1522 3190 1541 3254 b
1566 3199 1681 3253 niumm
1715 3231 1719 3244 ·

343 3301 509 3386 scribetur,
533 3301 725 3364 discretionis
748 3303 857 3384 gratia,
882 3301 950 3365 ideo
970 3321 1007 3365 ne
1027 3320 1088 3364 non
1108 3311 1168 3364 tam
1188 3277 1269 3364 iores
1289 3319 1379 3382 quam
1403 3297 1572 3364 ineffabiles
1591 3318 1681 3362 voces

343 3411 532 3474 denuntient.
566 3428 635 3472 nam
653 3429 709 3492 per
727 3409 747 3471 b
767 3421 880 3474 mutam
900 3412 1073 3473 enuntiatae
1092 3401 1204 3492 θύρας
1223 3401 1333 3491 ἤγουν
1352 3406 1494 3472 πυλῶνα
1512 3399 1681 3490 λαμπρόν,
1788 3487 1791 3492 Ι

344 3521 399 3601 ροι
423 3539 440 3579 r
464 3517 635 3599 digammon
658 3503 762 3582 ultima
787 3519 903 3582 scilicet
927 3517 1052 3602 syllaba,
1076 3518 1112 3581 de
1137 3537 1196 3599 qua
1215 3519 1305 3580 etiam
1330 3536 1410 3580 iitinc
1435 3516 1596 3598 loquimur,
1619 3507 1707 3589 τάςι

344 3619 472 3715 deiide
495 3627 678 3708 significant:
702 3625 826 3690 Persius
851 3623 972 3690 ‘baira
996 3626 1038 3689 de
1062 3645 1149 3688 nare
1172 3620 1345 3689 locutus'.
1383 3627 1409 3686 si
1433 3643 1504 3687 vero
1532 3622 1621 3707 baec,
1650 3623 1681 3685 id

329 3741 392 3798 'est
415 3734 438 3818 l,
462 3753 522 3796 non
547 3733 734 3817 praefulgeat
756 3735 856 3798 littera
878 3734 921 3798 rel
941 3755 977 3798 ex
998 3753 1057 3798 una
1076 3733 1170 3797 vocali
1190 3743 1297 3797 natura
1320 3733 1409 3815 longa
1428 3751 1489 3796 non
1509 3735 1567 3795 erit
1590 3751 1681 3814 paen·

345 3826 464 3925 ultima,
488 3840 507 3904 b
533 3852 645 3906 niumm
665 3843 809 3906 decenter
828 3845 860 3906 in
879 3845 1030 3924 scriptura
1055 3841 1185 3918 tenebit,
1209 3845 1250 3905 ita
1270 3851 1370 3904 tamen
1390 3843 1414 3903 si
1438 3859 1498 3902 non
1523 3859 1540 3902 a
1565 3858 1680 3903 mascu-

343 3951 405 4014 lino
430 3969 541 4033 genere
562 3954 683 4014 nomina
707 3947 821 4014 luerint
844 3953 985 4033 figurata,
1009 3961 1043 4014 ut
1064 3949 1171 4014 berba-
1185 3950 1256 4014 tuba
1279 3943 1369 4013 turba
1391 3948 1476 4033 iuba,
1499 3947 1583 4011 larba
1608 3945 1680 4010 dar-

314 4091 322 4108 ·
344 4051 477 4142 μόνιον,
491 4056 685 4142 barba,obba
699 4051 874 4142 ποτήριον,
889 4057 1002 4142 glaeba,
1021 4057 1166 4140 pronuba.
1196 4062 1390 4141 excipiuntur
1405 4067 1524 4121 caterva
1538 4055 1681 4137 libreria,
1696 4073 1720 4111 ιο

304 4155 308 4164 ’
345 4171 414 4250 quia
438 4166 653 4249 disyllaborum
677 4167 767 4230 buius
787 4166 909 4248 regulae
929 4168 1283 4248 superantiamumerum
1308 4166 1441 4230 habuere
1460 4167 1579 4248 longam
1598 4165 1678 4247 posi·

254 4302 261 4320 =
345 4278 426 4339 tione
449 4275 672 4358 paenrrltimam.

436 4383 478 4446 Ve
502 4381 614 4464 syllaba
638 4391 778 4465 correpta
801 4401 857 4465 per
881 4401 898 4442 r
921 4382 1092 4464 digammon
1117 4385 1182 4446 sine
1206 4384 1299 4448 dubio
1323 4383 1489 4466 scribetur,
1518 4383 1581 4445 sire
1605 4401 1621 4444 a
1647 4403 1680 4446 se
1769 4431 1778 4449 ,

421 4564 434 4613 1
460 4561 493 4615 ιι
515 4563 581 4615 ιιιι
606 4558 680 4614 silva
703 4557 799 4614 malua
821 4555 907 4613 valva
929 4557 1012 4613 calva
1036 4573 1093 4615 nra
1117 4557 1192 4615 stira
1213 4559 1292 4615 oliva
1314 4557 1405 4614 salira
1425 4556 1454 4611 P
1542 4563 1558 4612 a
1583 4555 1680 4630 caira]

347 4638 431 4696 clara
448 4639 482 4694 N
551 4646 568 4696 t
593 4655 628 4696 na
652 4655 709 4696 non
731 4638 806 4695 iores
830 4653 917 4710 quam
939 4637 1094 4696 ineffabilis
1118 4639 1195 4696 rocis
1219 4638 1387 4695 denuntient
1410 4638 1444 4694 N
1464 4654 1498 4694 ne
1523 4653 1581 4692 nou
1607 4636 1682 4693 iores

344 4740 433 4795 quom
450 4721 593 4779 ineffarile
612 4721 691 4779 vocis
710 4719 860 4778 denuntiet
877 4719 906 4776 P
965 4720 1133 4776 tultimaau
1151 4721 1262 4779 scilicet
1280 4719 1419 4790 syllabam
1437 4718 1503 4775 NP
1556 4719 1681 4792 teigni-

345 4805 415 4861 iioat
432 4802 462 4858 P
530 4801 628 4876 balva]
654 4803 731 4859 Pera.
750 4807 803 4858 sut.
822 4807 850 4870 1,
868 4805 905 4858 33
986 4801 1068 4858 trel
1087 4819 1121 4858 ex
1140 4819 1197 4858 una
1217 4803 1246 4859 P
1262 4817 1300 4858 an
1319 4817 1429 4857 arnna
1447 4799 1481 4855 N
1557 4805 1590 4856 ιι
1609 4817 1681 4874 pen·

345 4883 465 4943 ultimae
483 4881 517 4938 N
589 4891 621 4940 13
641 4884 798 4942 scribentur
816 4884 881 4940 NP
