3564 5482
367 349 433 417 418
940 349 1115 410 DOSITHEI

367 453 525 505 mmmm

367 539 553 624 copulativae
591 539 835 622 συμτλεκτιτιοί
868 541 1099 605 coniunctiones
1127 550 1199 605 suut
1231 541 1301 625 hee,
1333 550 1364 606 et
1391 561 1426 606 oc
1454 541 1527 626 καί,
1560 561 1620 625 que
1652 537 1702 622 τέ,

367 658 457 733 utque
480 646 553 730 καί,
581 667 673 732 porro
698 639 779 732 ἤδη,
811 649 932 744 quidem
955 643 1035 732 μέν,
1064 668 1185 734 quoque
1208 645 1346 734 προσέτι
1370 646 1425 734 δέ,
1453 654 1543 716 etiem
1567 649 1640 732 κατ’,
1670 659 1704 714 st

367 757 420 822 sed
444 748 547 838 itini,
570 767 672 821 sutem
696 753 750 840 dd,
774 777 845 822 vcro
869 753 923 841 δέ,
948 759 976 822 id
1001 777 1094 842 porro
1118 755 1218 824 τοῦτο
1239 753 1293 841 ds‘,
1317 759 1501 843 equidem
1482 781 1602 844 eyoye:
1626 779 1701 824 cou-

367 865 445 930 suios
469 863 706 950 uictoioytstot',
730 886 798 932 nom
821 859 904 952 γάρ,
929 869 1009 931 enim
1032 859 1114 964 yoiq,
1139 871 1280 952 quonium
1304 861 1436 952 ἐπειδή,
1461 872 1530 952 quio
1548 865 1637 951 ἐιοί,
1663 889 1701 932 eo

367 965 424 1038 desi
449 973 566 1058 τοῦτο,
590 967 716 1060 quod‘'
696 997 748 1042 οτι
770 965 853 1040 καθ’
879 967 948 1059 ὅτι,
972 975 1040 1041 ideo
1065 966 1124 1040 dui
1146 974 1264 1060 rodco,
1292 997 1365 1062 erqo
1389 961 1468 1059 οὖν,
1496 977 1610 1043 idcirco
1639 971 1728 1042 esis

366 1081 482 1166 τοῦτο,
510 1086 605 1169 gretie
634 1077 751 1168 χάριν,
781 1105 870 1151 ceusu
899 1081 1029 1168 ἕνεκεν,
1058 1105 1163 1151 uerum
1191 1077 1547 1152 decimumtertium
1576 1089 1702 1152 συλλο-

367 1191 527 1277 γιστικοί,
551 1201 702 1276 quotenus
725 1187 857 1278 ἐπειδή,
886 1197 990 1277 itaque
1012 1192 1214 1278 τοιγαροῦν,
1244 1203 1429 1278 quopropter
1453 1187 1525 1278 διό,
1555 1199 1702 1280 quocirca

368 1321 442 1385 ergo
464 1300 586 1367 τοίνυν
609 1288 690 1384 οὖν,
715 1305 855 1386 ιμιοιιὶιιιιι
879 1298 966 1385 ἐπεί,
990 1305 1083 1386 igitur
1105 1295 1241 1387 τοιγάρ,
1265 1321 1358 1386 quare
1384 1295 1513 1384 διὰτί,
1542 1307 1701 1387 quonism·

367 1411 489 1494 quidem
514 1406 600 1494 icet,
630 1412 759 1496 ideoque
783 1403 976 1494 dedecorive,
1005 1411 1154 1495 siquidem
1179 1415 1214 1476 si
1231 1433 1279 1493 τι,
1309 1411 1553 1495 quandoquidem
1581 1403 1701 1476 dzc'ss:

367 1519 529 1603 repletivus
553 1511 889 1606 ἅνττληρωμντιτοί,
918 1521 1024 1584 saltem
1051 1513 1133 1604 κᾶν,
1164 1531 1264 1586 temen
1292 1512 1398 1604 ὅμως,
1428 1521 1502 1584 adeo
1530 1512 1616 1601 πρὸς
1644 1517 1700 1586 ἐπὶ
1717 1536 1741 1577 1⁰

365 1620 516 1710 τούτοις,
549 1629 670 1694 tandem
699 1621 742 1713 δὴ
770 1622 852 1710 ἄρτι
885 1631 1083 1694 disiunctione
1112 1627 1352 1712 diotsvmcsoi,
1386 1649 1483 1713 neque
1514 1621 1609 1712 οὔτε,
1640 1651 1700 1693 nec

367 1728 462 1818 οὔτε,
486 1757 524 1802 ne
548 1723 630 1823 ἄρα,
653 1746 706 1802 eut
727 1729 767 1821 ᾗ,
793 1757 853 1803 ncu
876 1731 974 1822 μήτε,
997 1739 1044 1803 rei
1068 1730 1106 1822 ἥ,
1131 1757 1205 1802 uere
1228 1731 1328 1822 μήτε,
1360 1757 1397 1802 sn
1421 1730 1461 1822 ᾗ,
1489 1758 1525 1802 re
1548 1729 1583 1822 ἦε
1611 1739 1700 1802 dubi·

369 1847 452 1911 modi
476 1845 698 1929 διοτακτιτοί,
722 1849 748 1910 si
772 1839 846 1912 doio:
871 1849 930 1912 nisi
953 1845 986 1912 ei
1007 1840 1070 1932 μή,
1094 1867 1148 1910 seu
1173 1849 1235 1910 sire
1260 1849 1327 1911 sies
1350 1897 1358 1912 .
1383 1857 1454 1912 suot
1484 1859 1516 1912 et
1543 1867 1620 1932 quae
1651 1851 1701 1911 rix

367 1963 509 2038 aptemur
531 1957 661 2020 fluitiroe
685 1959 812 2041 speciei,
835 1957 918 2022 velut
941 1975 1122 2041 quemquem
1145 1956 1333 2040 καίτοιγε,
1357 1949 1700 2041 siccissimum,

367 2073 517 2147 quotenus
541 2057 671 2148 ἐπειδή,
695 2061 812 2129 dum
791 2083 869 2148 τοις,
893 2061 956 2142 ἕως
977 2084 1061 2147 που,
1085 2068 1111 2129 si
1134 2063 1181 2146 ei,
1206 2069 1263 2129 nisi
1287 2064 1320 2130 εἰ
1340 2059 1403 2150 μή,
1431 2069 1551 2131 ῑιιτιτιοί
1574 2065 1606 2131 si
1627 2087 1699 2148 και,
1712 2081 1735 2120 1⁵

369 2180 403 2236 ut
421 2163 467 2248 ὥς
489 2163 596 2254 ὅπως,
627 2191 697 2236 cum
721 2163 792 2255 ὅτι,
819 2183 980 2258 postquam
1003 2165 1085 2258 μετὰ
1108 2167 1165 2256 τό,
1198 2185 1360 2257 antequem
1387 2174 1483 2258 ποίντ
1516 2178 1666 2258 optativae
1693 2173 1698 2260 Ι

367 2283 479 2364 speciei
504 2271 657 2408 edissertis
680 2273 804 2363 cusos,
829 2285 944 2346 utinum
968 2303 1006 2346 ne
1029 2280 1088 2347 iva
1107 2276 1169 2366 μή,
1192 2284 1416 2365 mirimodis,
1439 2283 1529 2347 rclim
1549 2275 1698 2366 ὤφελον,

323 2457 326 2463 Α
366 2388 530 2454 dummodo
553 2383 680 2474 μόνον,
707 2391 779 2454 iicet
801 2411 880 2474 κον,
908 2392 1005 2455 donec
1029 2387 1141 2476 μέχρι,
1170 2399 1331 2474 mrteqmm
1359 2383 1492 2474 riqis*
1470 2410 1515 2474 q,
1536 2403 1699 2475 postquem

366 2489 460 2592 used
476 2490 534 2582 τό,
562 2499 634 2564 dom
657 2495 768 2584 μέχρις
801 2499 1009 2566 subiunctivue
1037 2491 1287 2581 modestissimi,
1320 2503 1361 2584 si,
1393 2509 1569 2585 enteqtmm,
1600 2501 1699 2564 donec

367 2598 460 2690 ἄχρι,
485 2610 620 2690 quemuis
643 2601 806 2692 μάλιστα,
829 2609 1006 2693 dummodo,
1029 2609 1115 2692 iicet,
1137 2627 1207 2673 cum
1230 2599 1331 2692 ἡνίκα
1355 2598 1472 2691 ὁπότε,
1500 2610 1587 2692 dum,
1616 2618 1698 2692 post·
1712 2621 1738 2662 τι

367 2734 471 2801 quam,
502 2719 680 2801 priusquam
708 2711 790 2798 zoio
818 2709 850 2800 ἦ.
896 2728 942 2782 est
968 2726 1000 2782 et
1027 2718 1316 2802 hypodigmotlcum,
1350 2717 1442 2782 veluti
1474 2727 1509 2782 ut
1541 2705 1634 2799 otoo,
1668 2727 1700 2779 et

367 2825 639 2892 homoeometicum
663 2825 853 2909 adverbium,
876 2837 911 2891 ut
934 2817 979 2902 ὥς
1003 2818 1124 2907 ὥσπερ.

458 2935 546 3000 Nunc
569 2936 720 3020 dicemus,
743 2955 820 3018 quae
844 2937 1018 3000 coniunctio
1042 2939 1092 3000 cui
1116 2935 1252 3019 qualitati
1275 2937 1444 3019 iungetur.
1469 2953 1538 2998 curu
1560 2937 1699 3018 iungitur

367 3044 457 3108 modo
476 3045 613 3129 finitivis,
636 3043 726 3108 modo
746 3044 964 3128 subiunctiris,
983 3055 1018 3109 ut
1036 3065 1105 3109 cum
1120 3045 1202 3121 dico,
1226 3062 1296 3108 cum
1320 3043 1470 3126 dicebam,
1498 3063 1566 3108 cum
1590 3043 1699 3126 dicem,

367 3172 437 3218 cum
471 3153 604 3216 dicerem
636 3202 644 3218 .
677 3153 730 3216 sed
764 3155 905 3237 interest,
940 3162 1043 3217 utrum
1075 3154 1198 3216 iinitiuis
1230 3171 1267 3216 eo
1297 3151 1496 3216 subiunctiris
1523 3155 1668 3234 iungetur
1692 3165 1734 3215 ,υ

363 3267 494 3338 finitivis
521 3267 601 3327 enim
630 3266 785 3340 innuitur,
818 3261 959 3344 quotieds
988 3263 1024 3326 ud
1053 3262 1083 3326 id
1108 3272 1228 3344 tempus
1251 3281 1313 3344 quo
1336 3261 1459 3344 agebam
1487 3263 1633 3342 refertur,
1666 3269 1699 3323 ut

367 3371 446 3453 opud
471 3369 628 3454 Virgilium

459 3509 551 3567 Codes
570 3509 771 3583 Sonqoilestsis.
827 3509 906 3584 isi]
926 3526 961 3566 so
1052 3508 1278 3566 imiioosiiose
1371 3510 1505 3566 secisse
1538 3527 1622 3566 som

368 3592 481 3668 τοιγαρ]
501 3612 562 3664 τοι)
653 3593 854 3648 θδιατοιοντο
882 3589 906 3647 si
932 3590 981 3661 qui
1007 3609 1059 3646 ειτι
1152 3597 1187 3647 10
1206 3590 1303 3648 saltim
1322 3590 1420 3649 oovT
1523 3609 1597 3664 ομιτς
1622 3592 1699 3670 adeo

365 3693 484 3745 uqocsss
502 3693 602 3741 soosoe
620 3677 803 3747 (corn-otc)
877 3679 911 3728 12
934 3674 985 3728 eoi
1010 3691 1028 3742 η
1056 3689 1112 3729 neu
1129 3672 1205 3728 Mete
1224 3673 1272 3729 uel
1290 3689 1347 3729 neu
1366 3691 1404 3743 μη
1422 3689 1460 3728 en
1477 3692 1496 3742 q
1516 3689 1587 3742 usq
1665 3681 1698 3730 15

368 3753 1023 3827 dumsoeeieieoeeoonieietuqioffieusi
1076 3760 1108 3810 17
1123 3753 1234 3810 uticem
1248 3754 1295 3827 ue]
1310 3753 1428 3811 utinm
1482 3753 1568 3810 uelim
1582 3759 1699 3822 οφιιιιτ

367 3892 483 3950 dommo
503 3910 591 3964 μονον
675 3897 708 3948 18
727 3849 883 3963 numquam
965 3895 1000 3945 iii
1019 3888 1099 3962 dum]
1119 3907 1184 3946 cum
1267 3897 1299 3947 21
1321 3891 1487 3964 priusqmtm
1507 3910 1543 3945 αν
1561 3909 1578 3958 q
1596 3892 1624 3945 ei
1648 3911 1699 3946 soe

365 3973 572 4047 ypodigmsiioi
645 3980 680 4030 23
698 3972 847 4046 iungetur]
862 3970 988 4044 iungitur
1052 3977 1088 4027 24
1101 3971 1245 4045 dicebam]
1260 3971 1375 4028 dicebat
1439 3977 1474 4028 26
1488 3970 1603 4028 finitivis
1616 3972 1698 4028 enim

367 4055 495 4128 iungitur
513 4073 563 4112 ost.
638 4055 745 4128 sgsbet
912 4061 917 4094 ¹

461 4175 474 4222 l
495 4169 694 4222 contensiosos
709 4161 891 4235 copulatione
903 4161 907 4235 Ι
920 4162 1074 4234 duedecim
1088 4173 1143 4218 τιτι
1158 4161 1371 4220 coniunctiones
1385 4163 1452 4219 suni
1466 4167 1471 4232 Ι
1487 4182 1545 4219 τοι.
1560 4179 1596 4216 τι.
1609 4179 1698 4218 sessi

369 4250 399 4303 ei
416 4263 471 4318 que
496 4263 530 4303 ec
558 4250 647 4318 etque
665 4247 711 4302 sei
727 4250 731 4315 Ι
747 4247 802 4316 qdq
822 4263 875 4317 μιν
898 4259 981 4316 porro
1001 4243 1118 4314 quidem
1145 4261 1262 4313 τοοτιτι
1285 4246 1318 4300 de
1343 4243 1431 4300 etism
1459 4259 1624 4315 quoque·
1662 4249 1696 4298 τι

368 4355 463 4432 ωομεν
486 4336 562 4394 sicot
582 4341 586 4408 Ι
607 4357 657 4394 ται
680 4356 766 4408 τοττι
790 4351 963 4408 quamquem
988 4333 1077 4391 codex
1101 4334 1282 4391 Monacensis
1300 4320 1354 4392 601'
1366 4317 1437 4406 (Μ)
1522 4331 1697 4402 tquooim

366 4421 434 4490 quis
457 4423 537 4492 (corr.
563 4418 689 4491 quidem)
714 4419 795 4475 surde
820 4419 900 4474 ιτιδι
927 4418 932 4484 Ι
958 4414 1064 4487 quippe
1088 4416 1165 4487 quod
1187 4433 1221 4474 eo
1244 4418 1295 4472 dic
1318 4433 1402 4471 τουτο
1423 4417 1428 4486 Ι
1448 4413 1518 4486 quin
1541 4413 1625 4471 oum
1654 4435 1697 4471 οτι

367 4503 474 4558 eudon
494 4501 532 4558 Μ
606 4507 638 4556 10
658 4499 768 4556 Saltem
788 4517 841 4554 ταν
860 4493 980 4553 utitem
998 4502 1002 4566 1
1018 4514 1102 4569 porro
1118 4517 1194 4570 ομιτς
1209 4497 1247 4554 Μ
1320 4503 1354 4554 12
1374 4517 1431 4568 equ
1450 4516 1469 4567 q
1487 4512 1523 4552 ne
1541 4497 1590 4551 sui
1604 4503 1609 4564 Ι
1624 4515 1696 4564 resse

367 4603 405 4655 μη
424 4600 480 4641 neo
497 4585 545 4640 uel
564 4600 619 4640 neu
636 4587 641 4654 )
658 4603 675 4654 q
694 4602 712 4653 η
731 4598 768 4637 on
782 4597 817 4636 oe
834 4579 871 4634 Μ
942 4585 977 4634 20
997 4584 1117 4652 μαλιστα
1136 4580 1268 4652 quemuis
1283 4583 1288 4649 1
1305 4578 1491 4649 menedimo
1507 4578 1513 4648 Ι
1528 4593 1609 4632 osseo
1624 4575 1698 4636 licei

243 4719 248 4729 ,
370 4665 374 4735 Ι
394 4683 412 4736 q
432 4685 482 4720 sote
500 4682 536 4722 on
556 4667 585 4720 ei
600 4669 604 4733 Ι
620 4666 841 4733 exsequemus
856 4663 862 4728 1
878 4679 940 4717 osee
959 4661 1050 4719 ueluti
1070 4665 1075 4732 Ι
1097 4681 1304 4733 ομοεομοιτιτον
1325 4665 1330 4730 Ι
1352 4679 1390 4724 ως
1414 4662 1446 4715 ut
1461 4662 1466 4729 Ι
1482 4677 1575 4727 ωπον
1594 4656 1672 4715 sicui

366 4765 416 4801 soi
435 4765 518 4817 τοογι
535 4763 709 4818 quemquem
724 4745 762 4800 Μ
833 4749 868 4799 28
888 4743 970 4799 Νιιιιο
989 4743 1118 4801 dicemus
1128 4775 1162 4786 -
1174 4749 1254 4814 42ιρ
1273 4742 1395 4798 victores
1408 4737 1599 4811 avertentur]
1610 4735 1696 4799 Geor.

366 4827 782 4899 ρ.226,11ὒι“οιιι.μ,392,1
866 4831 901 4882 26
920 4823 1039 4882 finitivis
1059 4825 1136 4882 enim
1153 4825 1293 4898 iungitur,
1321 4820 1453 4893 quotiens
1479 4819 1516 4876 sd
1533 4819 1563 4876 id
1582 4821 1697 4894 tempm

367 4927 424 4980 quo
444 4909 564 4982 egebam
583 4907 704 5000 reiertqr
724 4908 871 4966 mucidus
890 4911 916 4963 et
933 4905 1079 4964 Diomedes
