3602 5482
367 335 438 404 330
951 341 1112 402 bibatis

367 449 390 490 s.
405 441 431 484 to
445 439 475 482 a.

368 524 522 590 habebunt
544 536 718 610 accentum,
744 535 779 591 ut
801 529 865 614 plu,
888 530 954 613 nix,
980 529 1026 593 lis
1051 579 1058 594 .
1082 547 1291 614 praecumque
1316 540 1423 594 natura
1447 531 1554 614 longae
1579 529 1701 613 luerint,

367 635 561 698 circumflexo
577 643 704 700 accentu
718 637 1012 720 pronuntiabuntur,
1027 649 1061 702 ut
1078 636 1147 722 dds,
1168 642 1252 722 spes,
1271 647 1328 702 res.
1353 637 1388 701 ln
1408 633 1583 726 disyllabis!
1605 636 1701 722 quid?

368 741 400 806 Si
429 746 513 826 prior
542 755 650 808 natura
678 744 766 828 longa
799 746 892 810 inerit
923 749 1093 829 posteriore
1129 755 1284 830 correpta,
1315 749 1401 830 prior
1433 748 1700 829 circumflectetur,

367 860 401 915 ut
422 851 514 934 bera,
542 851 636 917 Rdma
661 903 668 918 .
693 853 771 928 Quid
795 856 821 918 sl
846 858 1003 934 posterior
1026 857 1187 936 producto
1217 858 1277 918 sit?
1314 855 1416 940 Prior,
1443 875 1499 920 seu
1516 856 1618 945 ,longa
1649 874 1699 920 seu

366 960 467 1024 brevis
492 962 598 1046 luerit,
621 974 748 1028 acuatur
772 981 896 1028 neceme
921 973 981 1048 est,
1005 972 1041 1028 ut
1063 963 1159 1049 leges,
1185 965 1266 1028 stlus
1287 1014 1293 1028 .
1313 967 1340 1028 sl
1358 964 1463 1029 ambae
1488 964 1597 1028 breves
1622 973 1700 1046 sunt,
1727 979 1739 1020 ⁵

365 1078 493 1135 acuetur
516 1073 628 1155 prima,
651 1082 685 1137 ut
708 1071 798 1156 deus,
820 1072 911 1136 bdmo
932 1121 939 1136 .
959 1071 1089 1147 Ouidin
1108 1073 1271 1157 trisyllabis
1291 1083 1323 1138 et
1341 1073 1540 1157 tetrasyllabis
1555 1085 1608 1138 aut
1624 1093 1698 1157 quae

365 1179 469 1262 plures
493 1179 648 1245 habebunt
670 1177 821 1264 syllabas?
858 1180 890 1245 Sl
909 1181 1094 1264 paenultima
1112 1180 1213 1246 brevis
1233 1181 1340 1265 luerit,
1363 1200 1439 1265 quac
1459 1201 1524 1247 earn
1544 1181 1699 1266 praecedit

239 1293 243 1301 '
365 1297 506 1372 acuetur,
526 1299 561 1354 ut
578 1289 710 1372 Tillius,
728 1287 911 1354 Hortensius
926 1337 933 1352 .
948 1289 1027 1364 Quid
1047 1289 1171 1374 deinde,
1194 1293 1220 1355 si
1239 1291 1423 1374 paenultima
1439 1295 1593 1372 poeitimse
1611 1291 1698 1374 longa

365 1396 480 1462 luerit?
503 1398 569 1483 lpsa
584 1408 708 1462 acutum
721 1398 844 1462 babebit
858 1408 1030 1484 accentum,
1050 1398 1283 1482 praecedentem
1297 1409 1401 1463 autem
1415 1419 1536 1482 gravem
1552 1401 1653 1482 faciet,
1667 1409 1699 1462 ut

365 1507 514 1591 (tertullus,
538 1507 676 1572 Metellus
700 1556 707 1571 .
732 1506 810 1581 Quid
835 1510 860 1572 sl
883 1510 1067 1592 paenultlma
1093 1509 1270 1573 naturaliter
1294 1509 1441 1592 producta
1465 1511 1572 1593 luerit,
1600 1511 1643 1572 lta
1667 1518 1699 1571 ut
1714 1523 1748 1593 ιιἱ

365 1615 468 1680 rrltima
494 1615 594 1680 brevis
618 1613 680 1680 sit?
715 1615 936 1680 Paenultimam
960 1617 1250 1701 circumllectemus,
1274 1627 1308 1682 ut
1327 1616 1494 1701 Cethegus,
1516 1617 1698 1682 liomainus.

364 1723 444 1798 Quid
468 1727 494 1788 si
517 1724 605 1808 longi
629 1726 723 1790 luerit
745 1722 873 1789 ultima?
910 1724 1116 1789 Paenultimae
1138 1733 1263 1788 acutum
1294 1723 1433 1788 dabimus
1460 1733 1636 1808 accentum,
1666 1735 1699 1788 ut

362 1833 512 1918 Athenae,
544 1831 675 1897 Fidenae
705 1879 713 1896 .
743 1833 823 1908 Quid
854 1851 960 1916 praeca
989 1829 1133 1898 nomina?
1175 1833 1207 1896 Si
1236 1833 1334 1897 isdem
1356 1833 1466 1896 litteris
1489 1833 1699 1915 proferuntur,

362 1960 488 2024 graecos
511 1949 656 2006 accentus
680 1941 843 2038 habebunt
881 1962 950 2006 nam
974 1950 1098 2006 etcum
1122 1941 1252 2004 dicimus
1276 1942 1387 2024 Thyles
1411 1952 1442 2005 et
1464 1940 1550 2024 Nais,
1573 1951 1697 2005 acutium

362 2050 518 2115 habebunt
535 2053 706 2135 posteriore
726 2061 899 2136 accentuum
923 2061 955 2114 et
970 2069 1039 2114 cum
1054 2051 1225 2136 Themistd,
1244 2049 1385 2135 Calypsd,
1404 2049 1542 2132 Theano,
1561 2049 1697 2114 ultimam
1712 2065 1735 2106 rs

362 2159 561 2224 circumflecti
579 2159 717 2225 videmus
741 2209 748 2224 .
772 2169 937 2242 utrumqne
960 2159 1072 2223 latinns
1096 2178 1197 2224 sermo
1221 2179 1281 2222 non
1305 2161 1434 2242 patitur,
1457 2160 1516 2222 nisi
1535 2157 1695 2220 admodum

364 2287 464 2331 raro..
478 2269 541 2332 sola
560 2271 697 2334 occurrit
714 2287 787 2352 ergo
807 2271 995 2352 coniunctio,
1014 2271 1045 2332 ln
1065 2287 1124 2350 qua
1143 2271 1295 2352 posterior
1315 2266 1508 2331 circumflexa
1528 2265 1695 2350 depreben-

362 2375 477 2440 dltur.
500 2380 573 2441 item
597 2377 772 2442 adverbium
799 2396 879 2461 pone
903 2379 1072 2504 posteriore
1096 2385 1219 2440 acutum
1247 2377 1358 2460 recipit
1385 2384 1559 2460 accentum,
1590 2394 1628 2438 ne
1658 2377 1697 2438 sit

361 2484 496 2549 verbnm.

267 2620 341 2673 mess
454 2592 537 2667 Quae
568 2603 616 2657 est
645 2596 741 2676 ligura
771 2597 854 2658 acuti
883 2589 1051 2656 accentus?
1094 2593 1107 2655 l
1138 2593 1294 2677 obliquum
1325 2597 1356 2658 ln
1389 2595 1544 2658 dexteram
1577 2603 1694 2676 partem
1709 2607 1735 2648 ιο

361 2701 509 2765 scandens
524 2699 586 2784 lta!
594 2751 600 2765 .
611 2703 695 2776 Quae
711 2712 757 2766 est
768 2703 863 2767 lorma
877 2705 976 2786 gravis
991 2678 1157 2768 accentus?
1181 2703 1358 2783 lobliquum
1368 2706 1401 2766 in
1412 2701 1568 2766 dexteram
1578 2711 1696 2786 partem

436 2848 529 2923 tiu]
549 2866 605 2922 pax
627 2849 664 2905 M
722 2849 930 2922 quoecumque]
952 2865 1026 2922 quse
1047 2851 1085 2906 M
1142 2852 1361 2910 tcircumdexu
1380 2852 1529 2908 accerbam
1550 2849 1590 2906 M
1644 2849 1695 2905 dos

360 2947 424 3004 epos
443 2947 487 2988 ros
512 2930 539 2984 V
555 2931 606 2988 dos
624 2947 675 3002 pes
694 2947 740 2987 res
758 2929 824 2987 BF
840 2930 891 2988 dos
909 2948 954 2988 res
972 2949 1022 3003 pes
1052 2933 1089 2989 M
1152 2933 1206 2993 lnt
1226 2933 1257 2991 iu
1282 2934 1439 2992 dissillebis
1462 2929 1541 3004 quod
1568 2929 1593 2986 si
1618 2929 1696 3002 prior

359 3015 463 3068 nature
494 3011 583 3084 longe
613 3010 701 3068 fuerit
727 3012 760 3068 Β
781 3011 942 3083 posteriore
969 3016 1103 3085 conopia
1129 3016 1207 3086 prior
1230 3014 1463 3072 umumueetitur
1484 3015 1519 3068 ut
1541 3027 1593 3068 ors
1616 3029 1696 3070 romu

360 3093 413 3150 lut
452 3092 521 3164 quid
557 3093 583 3149 si
620 3092 698 3165 prior
729 3092 827 3149 breuis
858 3093 946 3150 luerit
977 3097 1097 3152 senator
1128 3113 1243 3154 necesse
1276 3099 1310 3152 ut
1341 3094 1421 3167 egles
1453 3093 1524 3149 alies
1556 3091 1583 3148 si
1610 3093 1694 3150 ambe

359 3173 463 3230 breona
486 3178 552 3231 suut
575 3179 693 3232 wuettu
718 3173 811 3246 prims
834 3177 867 3230 nt
889 3174 959 3231 deus
982 3176 1068 3233 homo
1090 3176 1146 3234 lnt
1173 3177 1243 3251 qnid
1267 3169 1312 3233 int
1343 3173 1508 3232 trissillabis
1541 3177 1570 3231 et
1606 3175 1695 3230 tetra·

359 3255 477 3328 syllabis
509 3259 596 3328 atque
628 3257 725 3328 plures
757 3254 905 3312 habebunt
937 3256 1063 3328 syllabus
1092 3259 1124 3314 Β
1154 3257 1180 3314 si
1206 3258 1365 3330 penultima
1391 3255 1487 3314 breuis
1519 3253 1607 3312 tuerit
1639 3273 1695 3327 qua

359 3354 422 3394 eam
456 3337 604 3410 praecedit
634 3339 753 3395 acuetur
785 3339 818 3393 nt
847 3335 948 3393 tullius
981 3337 1140 3394 hortentius
1170 3337 1210 3394 M
1239 3338 1294 3394 lut.
1327 3338 1357 3396 in
1384 3335 1543 3411 dysyliabis
1571 3335 1641 3408 quid
1670 3336 1695 3393 si

358 3418 421 3490 prio
444 3418 532 3491 longa
555 3419 618 3476 erit.
642 3419 675 3476 Β
700 3419 856 3493 posteriore
880 3422 1013 3490 correpta
1034 3417 1113 3490 prior
1140 3418 1380 3476 circumflectetur
1403 3421 1436 3475 ut
1454 3435 1505 3476 ora
1523 3435 1604 3475 roma
1624 3418 1695 3490 quid

358 3497 382 3555 si
401 3497 479 3570 prior
498 3500 593 3557 breuis
611 3501 706 3558 luerit
726 3501 759 3557 B.
779 3499 921 3574 posterior
944 3515 994 3556 seu
1019 3498 1106 3571 longa
1130 3515 1180 3555 sen
1203 3498 1299 3556 breuis
1322 3500 1410 3558 luerit
1434 3501 1554 3557 acuetur
1577 3515 1695 3556 neceam

358 3581 402 3636 est
420 3579 516 3638 Alalis
539 3580 641 3637 AGER
664 3586 695 3639 et
717 3582 743 3638 si
766 3582 869 3639 umbus
891 3581 979 3638 breue
1005 3583 1073 3636 sunt
1097 3583 1215 3637 acuetur
1236 3579 1331 3652 prims
1353 3583 1386 3638 ut
1409 3581 1479 3638 dens
1505 3581 1590 3637 homo
1610 3624 1618 3637 .
1637 3579 1693 3635 lut

358 3661 428 3734 qnid
449 3661 480 3718 in
505 3662 576 3732 triby
600 3662 719 3734 syllabis
747 3667 778 3720 et
804 3661 1001 3734 tetrasyllabis
1028 3664 1080 3718 snt
1109 3677 1183 3732 quus
1211 3661 1308 3733 plures
1335 3661 1461 3734 syllabas
1491 3660 1640 3718 habebunt
1668 3659 1693 3715 si

357 3742 518 3815 penultima
536 3743 630 3800 breuis
649 3742 737 3800 luerit
755 3759 829 3815 quae
848 3759 912 3800 mm
930 3743 1049 3800 mustus
1067 3741 1101 3800 ut
1114 3743 1214 3800 tullius
1230 3742 1369 3800 scientim
1384 3746 1414 3801 et
1429 3741 1526 3800 auium
1541 3739 1572 3797 F
1587 3741 1642 3798 lut
1662 3742 1693 3797 iu

323 3845 334 3864 ·
360 3823 524 3894 dissyllabis
543 3817 611 3895 quid
632 3825 656 3880 si
680 3823 759 3896 prior
781 3827 886 3882 natura
908 3825 997 3897 longa
1019 3825 1075 3882 erit
1092 3823 1125 3880 Β.
1144 3825 1304 3896 posteriora
1328 3826 1458 3897 correpta
1475 3824 1554 3896 prior
1572 3822 1693 3879 circum·

357 3903 488 3961 flectetur
506 3907 539 3962 ut
556 3921 636 3962 roma
654 3906 709 3962 lut.
730 3904 800 3976 quid
819 3905 844 3961 si
861 3905 939 3978 prior
958 3906 1053 3962 breuis
1079 3903 1219 3962 institit.
1238 3904 1317 3976 prior
1340 3921 1388 3962 sen
1411 3904 1500 3977 longa
1523 3919 1574 3960 seu
1596 3903 1692 3960 breuis

357 3985 445 4043 luerit
463 4003 537 4057 quae
556 4003 590 4042 ea
608 3984 758 4059 praecedit
775 3989 894 4042 acuetur
912 3988 944 4042 ut
963 3985 1064 4043 tullius
1082 3986 1243 4045 hortensius
1257 3985 1294 4042 Β.
1314 3987 1504 4059 supplemento
1518 3983 1653 4056 praebuit
1669 3983 1696 4038 V

394 4068 572 4139 epositioue
590 4085 641 4124 om.
656 4067 686 4123 Β
693 4067 730 4123 Μ
735 4065 773 4138 F,
792 4068 857 4124 odd.
879 4066 906 4122 V
976 4068 1076 4140 eipso
1095 4071 1191 4125 nutem
1211 4067 1392 4131 uccutumB
1465 4065 1574 4139 numm]
1593 4067 1645 4120 ant
1663 4063 1695 4119 F

392 4150 480 4208 meist
498 4151 527 4208 Β
545 4150 616 4208 facit
635 4149 673 4205 M
687 4149 776 4206 faciat
794 4149 825 4205 F
880 4156 913 4206 10
933 4148 1075 4224 Catullus]
1091 4149 1211 4207 cutellum
1225 4148 1254 4204 Β
1311 4155 1343 4206 11
1364 4149 1554 4222 penultimum
1573 4147 1691 4204 circum

359 4231 501 4290 flectimus
521 4233 560 4290 M
563 4233 594 4288 F
610 4230 770 4304 penultima
790 4230 1038 4287 circumflectimus
1057 4228 1086 4285 Β
1141 4231 1258 4286 cetheus
1272 4227 1301 4284 Β
1358 4237 1391 4287 11
1406 4229 1494 4288 luerit
1508 4227 1607 4285 Ferit
1620 4226 1693 4283 ΒΜ

329 4329 334 4336 ’
358 4320 392 4370 14
411 4315 532 4373 dicimus
561 4315 653 4372 ethius
678 4317 708 4370 et
732 4311 794 4369 unis
821 4311 859 4366 M
864 4309 896 4368 F
915 4313 1036 4369 dicimus
1060 4311 1191 4369 ethinnas
1214 4311 1243 4366 Β
1318 4318 1351 4368 tt
1372 4311 1560 4383 posteriorem
1583 4305 1659 4364 ΒΜ
1662 4306 1693 4362 F

411 4396 520 4468 culipso
549 4395 654 4454 useno
684 4395 722 4451 Μ
748 4391 858 4465 calipso
882 4396 968 4451 tenuo
996 4391 1063 4450 BF
1142 4395 1275 4452 ultimum
1303 4411 1356 4450 om.
1387 4393 1425 4450 Μ
1503 4397 1537 4450 16
1566 4388 1691 4447 uidimus

357 4478 509 4550 utramque
529 4481 566 4534 M
634 4476 763 4550 patietur
783 4474 821 4530 M
896 4480 927 4530 18
952 4491 1042 4546 poene
1067 4491 1138 4532 corr.
1163 4493 1238 4549 pone
1257 4475 1286 4532 Β
1359 4473 1517 4548 posteriore
1540 4472 1692 4530 Dositheou

354 4573 383 4626 p
402 4563 450 4628 10,
467 4558 611 4632 posterior
628 4558 704 4615 BM
707 4556 739 4612 F
809 4562 843 4611 10
864 4555 927 4611 ludi
946 4555 1096 4628 obliquum
1115 4559 1261 4616 dexteram
1280 4557 1393 4629 purtem
1411 4554 1550 4611 scandens
1570 4555 1613 4614 ita
1631 4576 1691 4614 ιιιιιι

356 4638 449 4696 litteo
464 4647 529 4712 post
547 4641 591 4697 11ιι
608 4641 697 4698 deleto
710 4639 739 4694 Β
757 4639 771 4695 l
790 4637 913 4695 oblicum
933 4638 1081 4694 dexterum
1095 4642 1207 4710 partem
1222 4637 1359 4696 scandens
1373 4635 1417 4693 its
1430 4639 1476 4693 est
1491 4637 1529 4692 Μ
1541 4635 1690 4710 obliquum

357 4717 504 4778 dexteram
522 4726 634 4795 partem
653 4721 810 4778 ascendens
829 4718 861 4774 F
871 4724 940 4776 stolo
959 4723 1037 4776 aceti
1055 4725 1215 4779 cocentsm'
1202 4740 1234 4802 ιιι
1253 4719 1380 4777 muschus
1398 4719 1500 4774 maheu
1573 4723 1607 4775 11
1628 4719 1670 4775 l
1661 4739 1690 4776 ιιι

355 4799 501 4858 dexteram
521 4807 631 4874 purtem
651 4801 820 4860 discendens
839 4801 882 4858 its
900 4805 933 4860 ··l
951 4800 1008 4857 B'
999 4820 1029 4859 m
1049 4803 1196 4860 dexterum
1214 4805 1327 4875 purtem
1345 4799 1514 4857 Mseeudens
1533 4799 1577 4857 its
1595 4801 1639 4857 est
1654 4801 1693 4856 M

356 4880 385 4938 iu
404 4883 546 4940 dexterum
574 4886 686 4956 partem
711 4884 885 4942 descendens
908 4885 983 4941 ital
1004 4882 1036 4939 F
