3616 5482
365 349 432 418 106
979 348 1088 408 CAPRI

362 465 387 505 p.
401 454 456 496 arec
469 453 496 496 r.

453 539 600 625 Felicem,
624 561 684 606 non
709 541 819 606 illicem
843 542 945 606 dicere
970 538 1125 604 debemus.
1168 536 1248 602 unde
1272 549 1303 602 ot
1328 538 1445 602 ielicota
1469 557 1562 622 opera
1580 539 1704 622 priores

364 646 508 712 dixerunt
536 650 657 713 caelata.
700 648 779 714 unde
805 659 836 714 et
865 649 949 734 ielix,
979 667 1069 732 qnam
1100 650 1142 712 iia
1167 647 1258 711 credo
1283 646 1408 730 dictam,
1432 646 1511 730 quod
1536 650 1576 712 sit
1599 649 1705 710 minus

363 753 434 818 felix
459 759 547 820 arvis.

457 864 592 948 Polenia,
616 885 677 928 non
700 865 825 949 pulania
847 866 1011 930 dicendum
1035 874 1090 929 est.

454 971 572 1036 lictum
605 975 731 1037 rationlo
763 983 823 1060 est,
855 975 947 1038 lixum
980 975 1146 1038 vetustatis.
1197 982 1231 1037 ut
1263 975 1355 1058 pinpo
1386 975 1516 1059 pictum,
1545 976 1589 1036 sic
1620 974 1743 1055 ilngoa

364 1079 469 1143 lictum
494 1081 565 1144 lacit
587 1082 825 1165 participialiter.

456 1188 571 1253 Gobius
593 1193 700 1274 piscis,
726 1209 786 1254 non
813 1210 980 1275 numquam
1002 1191 1114 1274 legitur
1136 1190 1235 1274 gobio.

456 1296 597 1381 ‘lorpedo
622 1309 683 1384 est,
706 1317 767 1362 non
792 1299 921 1384 torpido.

455 1405 591 1489 Nequam
608 1426 668 1470 non
684 1407 795 1472 malurn
811 1410 972 1492 significat,
991 1409 1044 1472 sad
1059 1409 1208 1492 inutilem,
1227 1418 1258 1472 et
1273 1417 1320 1471 est
1333 1417 1541 1492 monoptoton,
1559 1415 1594 1470 ut
1613 1406 1704 1488 frugi

458 1514 584 1579 vensica
607 1535 628 1578 n
652 1516 756 1600 hahet,
780 1520 851 1600 quia
875 1537 937 1581 non
961 1519 1097 1582 estsine
1122 1527 1220 1581 rento.
1725 1533 1759 1572 10

455 1619 479 1704 †
498 1621 560 1686 lam
580 1643 701 1708 sempor
720 1624 892 1710 dicendum,
912 1628 982 1706 quia
997 1624 1071 1688 nihil
1090 1633 1138 1688 est
1151 1627 1188 1686 la.
1227 1626 1300 1688 item
1315 1642 1375 1687 non
1390 1625 1497 1707 iamne,
1515 1620 1569 1685 aed
1589 1639 1704 1685 eamus.

528 1731 697 1797 llontosam
720 1733 835 1797 ltaliam
860 1753 915 1797 seu
940 1734 1109 1797 Sardiniam
1134 1741 1308 1796 memorato.

458 1837 612 1923 scriptula
636 1840 813 1924 dicendum,
837 1860 897 1905 non
921 1840 1062 1924 scripula.

457 1944 609 2030 linquere
626 1949 798 2036 dicendum,
820 1970 880 2014 non
897 1953 1023 2034 tingere,
1043 1952 1183 2031 quoniam
1202 1951 1307 2031 tingue
1328 1958 1383 2032 eat,
1402 1957 1433 2011 et
1452 1949 1565 2030 tinguis
1583 1949 1707 2030 tinguit.

528 2056 646 2139 ingenii
669 2059 787 2142 proier,
811 2061 854 2122 sic
879 2059 981 2142 cilicii,
1005 2061 1075 2140 quia
1101 2057 1202 2120 nullus
1725 2076 1757 2116 ιε

530 2183 548 2226 a
572 2177 656 2229 recto
681 2185 753 2231 casu
777 2169 876 2230 minor
900 2177 1115 2246 columpnam
1140 2169 1306 2247 genetivus.

464 2271 498 2334 ln
523 2271 656 2337 Siciliam
680 2273 857 2351 dicendum,
881 2295 942 2339 non
966 2279 992 2338 is
1017 2273 1160 2359 Siciliam,
1184 2265 1267 2337 κατὰ
1293 2265 1333 2337 τὸ
1358 2295 1392 2355 ν,
1417 2293 1478 2336 non
1501 2264 1586 2336 κατὰ
1609 2263 1649 2336 τὸ
1674 2287 1709 2354 o,

369 2382 439 2461 quia
463 2400 627 2464 numquam
652 2385 717 2447 sine
742 2403 761 2447 n
784 2387 1009 2467 pronuntiatur.

459 2490 611 2555 Audacter
635 2491 761 2556 latinum
785 2502 846 2576 est,
870 2491 922 2555 sed
948 2492 1103 2556 audaciter
1127 2491 1244 2576 melius,
1269 2493 1339 2573 quia
1362 2493 1484 2554 nomina
1507 2479 1540 2554 i'n
1563 2509 1582 2553 x
1606 2488 1708 2552 littera

370 2599 529 2662 terminata
553 2603 584 2663 in
609 2599 759 2664 adverbiis
783 2603 842 2664 iter
865 2600 1043 2682 adsumunt,
1074 2609 1109 2662 ut
1137 2611 1222 2663 atrox
1252 2601 1411 2683 atrociter,
1441 2599 1526 2660 ieron
1554 2599 1710 2682 ferociter,
1726 2619 1759 2660 ao

373 2705 458 2770 velox
482 2706 633 2771 velociter.
672 2711 715 2773 sic
739 2709 836 2772 audax
860 2707 1022 2772 audaciter.

422 3001 425 3010 ι
463 2941 477 2991 1
498 2934 617 2993 lilicem
632 2953 689 2994 non
707 2938 817 3011 illigent
832 2942 913 3010 (corr.
928 2937 1056 3010 ieligem)
1077 2935 1171 2993 dicere
1190 2936 1327 2993 debemur
1341 2937 1416 2993 unde
1431 2941 1461 2994 ei
1479 2935 1607 2993 felicitate
1621 2952 1711 3007 opera

369 3019 503 3077 dixerunt
525 3019 619 3077 celaia
637 3025 668 3078 ei
690 3021 750 3077 dlix
768 3021 797 3077 Β
819 3021 932 3080 felicem
952 3035 1010 3074 non
1032 3017 1137 3074 illicem
1162 3018 1244 3086 (corr.
1264 3018 1369 3075 filicem
1388 3035 1445 3075 non
1468 3017 1587 3090 iiligem)
1613 3017 1710 3073 dicere

370 3100 506 3158 debemur
519 3100 604 3174 unde·
616 3105 645 3159 at
663 3101 792 3159 ieliciaia
805 3119 893 3174 opera
910 3100 1019 3173 priorea
1035 3097 1172 3164 dixerunt
1191 3099 1304 3156 caelata
1318 3100 1393 3156 unda
1407 3101 1437 3156 ei
1456 3100 1524 3156 felix
1540 3103 1621 3168 (corr.
1636 3097 1710 3168 iilix)

371 3181 395 3238 C
415 3181 534 3239 Filicem
558 3198 615 3238 non
637 3181 752 3240 felicem
775 3181 869 3240 dicare
893 3180 1042 3249 debemur,
1061 3179 1136 3236 unda
1155 3183 1185 3236 ei
1205 3181 1314 3239 fllicaia
1336 3197 1425 3252 opero
1448 3181 1581 3238 dixerunt
1605 3180 1710 3252 celata,

372 3266 403 3320 ai
421 3262 518 3334 lilixp
601 3268 617 3318 2
637 3263 788 3320 nilminus
806 3263 866 3320 dlix
885 3277 985 3320 arurae
1004 3261 1032 3316 B
1052 3260 1145 3316 minue
1164 3261 1202 3318 sii
1220 3261 1289 3318 felix
1309 3265 1390 3332 (corr.
1410 3261 1481 3333 filix)
1501 3277 1601 3319 nrurne
1622 3261 1647 3317 0
1754 3291 1760 3304 .

372 3350 389 3400 6
407 3341 617 3416 participaliter
630 3345 659 3400 Β
722 3349 737 3398 7
758 3343 872 3402 Gobeua
891 3347 977 3418 pincia
997 3342 1100 3417 (picen
1114 3359 1185 3400 corr.
1197 3343 1233 3399 -ie
1245 3342 1280 3414 0>
1299 3359 1513 3414 nonnumquam
1532 3341 1619 3415 gobio
1639 3341 1711 3414 legi·

1242 3437 1259 3467 n

299 3489 315 3542 ·,
371 3481 418 3534 tur
434 3477 497 3535 BG
568 3477 738 3551 8anpedo
753 3483 797 3538 eat
816 3498 872 3538 non
886 3481 1002 3553 turpido
1019 3479 1080 3538 ΒΟ
1153 3486 1187 3536 10
1206 3479 1310 3536 Veaica
1325 3480 1368 3536 dl.
1397 3480 1711 3536 incommonitum

371 3562 494 3617 restituit
516 3559 716 3619 Locdmonmaa
741 3565 772 3618 iar
796 3563 907 3622 Lacerat.
933 3563 981 3620 VI
1002 3568 1071 3630 130,
1094 3557 1218 3616 Vendere
1242 3577 1261 3615 11
1283 3560 1404 3630 habeut,
1428 3559 1563 3632 quoniam
1590 3575 1648 3614 11011
1667 3563 1713 3614 est

371 3641 431 3698 eine
450 3645 536 3698 renio
624 3649 654 3698 11
676 3643 708 3699 Ia
727 3661 839 3716 semper
857 3644 1010 3701 dicendum
1029 3661 1095 3702 nam
1116 3640 1189 3700 nihil
1208 3644 1252 3696 eat
1271 3640 1300 3698 ia
1317 3641 1346 3696 Β
1365 3641 1424 3698 iam
1443 3657 1556 3712 semper
1575 3648 1594 3696 ᾗ
1613 3640 1711 3697 dicen—

371 3721 439 3777 dum
463 3711 539 3778 iiam
562 3723 636 3779 nihil
659 3725 702 3779 eni
725 3722 784 3781 iam
810 3724 926 3781 OEam
949 3742 1062 3798 temper
1085 3723 1237 3783 dicendum
1262 3727 1320 3792 eoi,
1344 3740 1410 3780 nam
1435 3721 1508 3778 nihil
1532 3725 1577 3779 eei
1599 3719 1657 3778 iam
1679 3739 1711 3793 p.

371 3806 490 3874 idumea
508 3823 543 3864 aa
561 3822 673 3878 semper
757 3813 790 3863 11
810 3810 990 3864 montuosam
1011 3806 1111 3863 MBG
1188 3809 1347 3864 memorata
1370 3803 1430 3860 Bu
1512 3811 1544 3860 13
1565 3803 1713 3875 Scripiula

373 3885 526 3943 dicendum
540 3905 597 3944 non
617 3888 751 3960 scrupula
766 3889 804 3944 Μ
822 3887 966 3960 Scripiula
986 3887 1139 3944 dicendum
1158 3894 1202 3946 ert
1220 3905 1277 3946 non
1296 3886 1421 3958 scripulo
1437 3886 1504 3944 BG.
1535 3886 1712 3960 Scripiulum

373 3967 451 4038 quod
469 3985 545 4026 nuno
563 3969 666 4042 uulgus
686 3969 747 4026 eine
766 3973 779 4025 i
797 3970 869 4027 dicii
887 3970 1036 4026 Charitelen
1051 3987 1081 4040 p.
1102 3976 1167 4038 105,
1186 3976 1204 4027 5
1286 3976 1321 4024 it
1340 3968 1463 4041 'lingere
1483 3969 1634 4027 dicendum
1653 3987 1712 4026 non

372 4049 502 4122 tinguere
525 4050 669 4121 quomodo
693 4051 807 4124 intingo
831 4052 861 4107 ei
884 4052 972 4126 lingis
995 4051 1084 4124 tingit
1105 4052 1134 4106 Β
1159 4051 1290 4122 tinguere
1309 4053 1392 4119 (corr.
1411 4051 1534 4122 tingere)
1558 4051 1712 4108 dicendum

372 4147 430 4187 non
445 4130 576 4204 tinguere
596 4131 658 4199 Quo
673 4133 804 4205 iniingno
819 4134 849 4188 ei
862 4132 970 4204 linguis
986 4137 1016 4189 ei
1030 4131 1139 4204 tinguit
1157 4133 1239 4202 (corr.
1254 4131 1365 4202 iniringa
1380 4132 1410 4186 ei
1429 4130 1517 4201 tingis
1532 4135 1562 4189 ci
1576 4131 1671 4203 lingit)
1690 4133 1717 4188 0

429 4218 463 4268 15
482 4212 534 4285 sic]
560 4213 635 4270 muni
654 4213 750 4270 MBO
824 4219 857 4271 to
876 4231 1012 4285 nmquam
1030 4230 1083 4274 om.
1100 4214 1200 4272 Miro
1274 4217 1306 4267 11
1327 4211 1412 4268 Ι....
1432 4211 1516 4268 saida
1535 4213 1578 4281 (in
1595 4216 1712 4282 caetero)

565 4297 591 4338 na

374 4348 526 4406 dicendum
548 4355 567 4408 ri
592 4349 662 4407 nicia
691 4347 827 4406 kalamo
852 4364 909 4404 non
933 4351 1046 4406 calamo
1071 4347 1223 4410 dicendum
1247 4347 1315 4419 qnia
1338 4361 1494 4417 numquam
1518 4343 1579 4402 aine
1602 4361 1621 4400 n
1645 4361 1712 4416 pro·

375 4483 522 4540 nuntiatur
542 4484 566 4541 0
586 4486 704 4544 lnaciiia
722 4484 873 4543 dicendum
898 4431 1045 4541 nonheicia
1067 4487 1193 4558 (reliquia
1212 4485 1330 4554 amdan)
1349 4481 1377 4536 B
1401 4481 1433 4536 ln
1453 4479 1577 4536 ciliciam
1599 4497 1657 4537 non
1680 4480 1714 4537 in

375 4567 497 4624 silicium
516 4568 671 4625 dicendum
689 4567 817 4639 (inscitia
835 4565 987 4623 dicendum
1003 4582 1059 4623 non
1073 4567 1154 4624 inicia
1169 4571 1203 4639 p)
1223 4567 1291 4638 quin
1311 4581 1453 4636 nunqnam
1472 4561 1533 4618 aine
1549 4581 1569 4616 n
1589 4578 1713 4634 pronun·

374 4648 467 4704 cietur
486 4664 526 4720 ep
590 4646 666 4707 κατὰ
685 4646 717 4707 τὸ
738 4671 755 4706 r
774 4666 830 4706 non
849 4641 975 4702 κατὰτὸ
996 4645 1023 4720 o]
1043 4647 1115 4704 kala
1134 4651 1235 4706 ΜΟΥΝ
1258 4665 1313 4704 non
1330 4639 1495 4704 thdMOY
1516 4641 1555 4697 M
1628 4648 1661 4698 19
1680 4643 1713 4700 in

375 4737 472 4788 nntex
486 4730 612 4788 0111.Βο
675 4738 710 4788 10
729 4730 785 4788 iter
803 4737 950 4786 assumunt
969 4746 986 4790 ς
1005 4735 1049 4786 ier
1067 4733 1215 4786 aaenmuni
1235 4728 1303 4784 ΜΒ
1311 4727 1340 4784 C.
1359 4728 1478 4795 fortunae
1496 4725 1541 4780 ter
1559 4722 1714 4782 nommant

376 4814 487 4870 dativo:
507 4814 542 4882 cf.
566 4813 708 4871 Priscian.
729 4813 747 4872 i.
764 4813 795 4868 X
800 4811 828 4864 V
841 4831 870 4883 p.
893 4817 937 4880 76,
957 4816 999 4868 22
1018 4808 1078 4866 aliu
1096 4827 1163 4866 raro
1182 4809 1338 4866 &sumunt
1356 4805 1453 4863 dativo
1472 4807 1516 4861 ier
1535 4804 1714 4876 paenultima

377 4898 520 4971 correpta,
539 4897 572 4951 ni
589 4895 671 4952 ioriia
691 4895 759 4952 lorii
777 4895 890 4951 fortiter
963 4899 996 4949 21
1018 4891 1059 4948 aia
1078 4891 1172 4948 audax
1192 4890 1338 4947 audaciter
1357 4904 1408 4945 ona
1427 4885 1487 4943 Bo
