3590 5486
584 317 633 375 ΒΕ
654 315 975 376 ORTHOGRAPHIA‘
1367 319 1433 388 267

96 428 117 468 p.
131 419 193 462 arao.
207 420 234 461 ει
250 418 277 460 r.

187 504 346 568 Calumnia
369 513 417 568 est
440 505 556 568 crimen
580 505 703 591 lalsum,
726 525 797 570 cuna
820 505 909 570 nobis
932 507 1123 571 adversarius
1141 518 1195 571 aut
1214 509 1327 572 malunt
1352 509 1433 591 quod

98 632 157 676 non
182 613 310 677 fecimus
329 613 424 677 obicit
442 622 495 678 aut
518 612 634 679 bonum
653 616 735 698 quod
759 617 868 680 iecisse
890 615 1058 698 probamur
1079 619 1110 680 iu
1130 620 1318 682 contrarium
1341 620 1433 680 inter·

97 725 211 804 pretari
236 730 375 786 conatur.
467 787 469 792 .

187 829 321 893 Consulo
350 830 421 916 tibi,
447 833 618 916 prospicio,
645 834 790 916 provideo
821 853 858 896 ex
888 853 949 904 tuno
977 852 1087 916 graeco
1111 837 1250 920 veniunt,
1278 836 1360 918 quod
1389 845 1437 900 εει

74 935 237 1021 saporosi
258 953 333 1004 σου.
365 949 527 1004 contemno
547 941 680 1026 bostem,
703 941 854 1027 despicio,
877 961 999 1027 sperno,
1021 962 1169 1026 aspernor
1188 963 1225 1007 ex
1244 963 1305 1010 uuo
1326 962 1436 1026 graeco

99 1049 238 1132 veniunt,
260 1049 342 1131 quod
366 1059 414 1114 εει
436 1049 655 1135 καταφρονῶ.

189 1155 344 1222 Commeio
367 1158 481 1224 lectum
504 1170 552 1224 est
575 1169 606 1224 ει
628 1163 780 1244 permeio,
804 1162 952 1224 commisi
970 1169 1001 1223 ει
1023 1162 1162 1244 perrorat

189 1265 326 1331 Comiter
348 1269 479 1333 amicum
505 1280 536 1334 et
558 1271 672 1334 amicis.

189 1374 381 1442 Corinthium
405 1381 502 1444 civem
525 1379 668 1463 dicimus,
692 1377 920 1442 Corinthiacum
945 1397 1005 1440 vas.
1481 1459 1491 1470 ·

65 1498 88 1535 ¹⁰
189 1483 366 1551 Comminus
393 1488 500 1571 gladiis
528 1507 712 1572 pugnamus,
745 1489 866 1551 eminus
896 1485 1016 1571 iaculis,
1049 1491 1119 1570 quia
1149 1488 1222 1553 illud
1251 1509 1269 1552 a
1299 1489 1437 1553 manibus

103 1611 160 1656 uon
184 1595 316 1679 recedit,
339 1596 397 1660 boc
422 1617 438 1660 ε
462 1597 602 1662 manibus
626 1600 783 1662 emittitur.
805 1599 808 1605 '

191 1701 330 1786 Clipeum
353 1724 523 1793 armorum,
546 1707 689 1792 clupeum
712 1708 851 1790 imaginis
876 1715 931 1770 est.

191 1809 287 1878 Cadib
300 1817 370 1896 quis
393 1819 485 1880 etiam
509 1820 540 1881 in
563 1817 670 1903 plano,
694 1816 807 1880 decidit
830 1835 867 1879 ex
890 1815 959 1879 alto.

191 1918 338 1986 Caerulus
363 1934 488 1990 naturae
512 1926 597 1990 color
622 1935 682 2012 est,
705 1924 865 1989 caeruleus
889 1927 1027 2008 lingitur:
1054 1927 1096 1989 ita
1120 1925 1250 1990 alterum
1275 1937 1335 2010 εει,
1363 1926 1437 1990 altc-

66 2029 236 2091 1⁵rumlit

63 2166 67 2172 ·
192 2136 320 2204 Claritas
340 2149 400 2206 um
423 2143 547 2208 luminis
567 2154 614 2208 est
629 2163 729 2226 'quam
752 2145 994 2227 perspicuitatis,
1018 2142 1167 2207 claritudo
1189 2144 1321 2224 generis.
1354 2145 1440 2224 prior

102 2246 203 2328 itaque
228 2249 413 2335 splendoris,
436 2254 590 2335 posterior
613 2251 780 2315 nobilitatis
803 2263 859 2316 cst.
1308 2232 1323 2252 ⁸

192 2356 353 2424 Cruciatus
373 2373 421 2425 εει
439 2360 526 2425 dolor
544 2363 693 2445 corporis,
710 2362 757 2426 vel
778 2379 848 2425 cum
867 2361 958 2425 bomo
977 2359 1015 2424 ab
1034 2359 1129 2426 altero
1144 2363 1308 2446 cruciatur,
1324 2364 1439 2424 crucia·

101 2474 240 2530 mentum
264 2469 346 2550 quod
370 2455 506 2534 cruciat.¹

67 2583 91 2624 ιι
195 2573 295 2638 Cerno
320 2585 351 2641 ει
374 2595 481 2642 cresco
504 2581 537 2642 in
560 2579 693 2643 eundem
715 2578 888 2663 perfectum
911 2580 1037 2663 cadunt,
1061 2581 1152 2643 crevi.

194 2682 294 2747 Caedo
322 2687 420 2750 cecidi
451 2706 508 2770 per
535 2707 570 2751 ac
599 2687 821 2771 diphthongon,
850 2683 1035 2751 ‘caeditur
1062 2695 1099 2749 et
1133 2685 1213 2749 tilia
1242 2693 1325 2748 ante
1354 2687 1439 2767 iugo

102 2786 215 2856 levis'
239 2791 389 2875 Vergilius
413 2787 536 2880 (georg.
561 2791 696 2880 1173);
722 2796 797 2859 cedo
821 2797 901 2858 cessi
923 2813 980 2877 per
1003 2813 1020 2858 e
1044 2795 1221 2877 simplicem.

196 2899 293 2983 Cupio
312 2906 413 2986 cupiri
437 2905 510 2968 lacit
532 2916 564 2968 ει
587 2908 671 2988 cupi:
695 2904 801 2968 Cicero
824 2923 881 2988 pro
901 2902 1040 2968 Cluentio
1065 2899 1118 2968 ‘et
1141 2903 1260 2968 lilium
1284 2912 1320 2966 et
1343 2903 1440 2966 brino

103 3029 183 3074 cum
208 3014 359 3076 maxime
383 3013 503 3078 lilium
527 3015 769 3078 interiectum
793 3009 913 3098 cupit’
937 3033 994 3097 pro
1018 3013 1166 3096 cupivit!

66 3127 90 3168 ²⁵
195 3117 369 3184 Calumnior
400 3124 570 3206 innocenti,
602 3141 663 3186 non
695 3125 903 3206 innocentem,
938 3125 1058 3186 tametsi
1086 3122 1209 3204 quidam
1236 3124 1439 3204 interpretum

102 3245 243 3310 graecam
266 3227 450 3293 locutionem
475 3233 572 3294 secuti
596 3234 800 3295 accusativum
823 3234 983 3314 posuerint
1010 3230 1147 3295 dicentes
1171 3227 1297 3316 (Mutilo.
1321 3234 1353 3308 5,
1376 3227 1438 3315 ald)

103 3333 158 3402 ‘et
181 3347 290 3402 orate
312 3358 378 3422 pro
402 3338 716 3423 persequentibus
740 3349 775 3404 ει
798 3319 1109 3406 calumniantibus
1133 3335 1223 3403 vos'.
1239 3357 1258 3392 a

195 3445 259 3511 Cur
286 3448 463 3513 adverbium
491 3453 611 3534 saepius
638 3449 834 3513 indicativum
864 3449 990 3513 verbum
1017 3450 1124 3513 trabit:
1158 3449 1323 3530 Gregorius
1350 3443 1441 3511 ‘dis-

104 3559 321 3623 cutiendum
349 3569 419 3644 cst,
448 3578 514 3624 cur
542 3560 692 3642 quadam
720 3561 778 3622 die
807 3559 943 3623 laetum
972 3558 1114 3642 aliquid
1143 3577 1264 3623 coram
1295 3559 1441 3622 domino

70 3670 93 3710 ³⁰
106 3663 273 3731 dicitur'.
563 3743 564 3748 γ

198 3776 307 3840 Clavus
335 3777 539 3861 singulariter,
567 3795 643 3858 quae
673 3784 721 3839 est
747 3785 914 3857 purpurata
942 3777 1050 3859 vestis,
1079 3786 1109 3839 ει
1132 3775 1301 3841 declinatur
1330 3795 1442 3860 genero

200 3986 217 4036 t
235 3979 395 4054 prospicio]
417 3995 470 4052 pro
493 3978 588 4051 spatio
607 3976 636 4033 P
719 3983 736 4034 o
754 3977 882 4050 despicio
903 3976 932 4033 P
953 3977 1075 4050 dispicio
1093 3977 1161 4034 ML
1251 3995 1387 4052 aspernor
1407 3980 1445 4035 M

105 4078 230 4135 asperno
245 4061 305 4118 PL
361 4068 376 4118 t
397 4065 441 4120 esi
462 4079 514 4120 orn.
530 4061 598 4118 ML
651 4057 798 4116 commixti
818 4061 849 4116 et
865 4059 989 4130 permixi
1005 4060 1033 4116 L
1051 4059 1205 4118 comminxi
1223 4063 1254 4118 et
1271 4058 1443 4132 perminxis

105 4153 122 4203 9
137 4141 332 4218 Corinthium]
343 4141 517 4200 chorintinm
526 4159 597 4200 cora.
607 4147 681 4200 tum
696 4141 735 4197 M
786 4138 1013 4213 Corinthiacum]
1029 4141 1203 4199 manutium
1212 4159 1283 4199 corr.
1293 4141 1397 4198 -ibium
1409 4140 1447 4197 M

163 4235 198 4285 ιιι
218 4227 288 4300 quia
305 4223 333 4282 L
353 4223 403 4294 qui
421 4223 538 4296 Pquae
557 4224 596 4280 M
684 4231 716 4280 11
741 4223 796 4279 hoc
815 4239 831 4279 e
849 4223 982 4280 manibus
1002 4225 1041 4280 M
1063 4225 1083 4280 h
1103 4225 1139 4282 do
1158 4223 1289 4281 menibus
1308 4223 1406 4280 Phoc
1425 4241 1444 4279 a
1502 4259 1507 4270 ·

106 4309 241 4368 manibus
259 4307 310 4369 §L
366 4311 400 4362 12
420 4303 572 4378 elypbaum
592 4336 620 4348 -
635 4307 767 4379 clupeum
783 4307 812 4363 P
831 4306 956 4378 clipeum
971 4307 1143 4380 -clipeum
1158 4307 1185 4362 L
1204 4305 1320 4378 clypeus
1334 4335 1369 4346 -
1384 4304 1444 4376 cly-

106 4408 195 4464 peum
214 4389 277 4452 cM
341 4393 375 4443 13
395 4384 474 4443 cadis
492 4386 556 4459 quis
573 4386 602 4443 P
675 4395 708 4446 ts
728 4387 805 4460 quod
824 4385 934 4442 cruciat
952 4387 979 4442 L
997 4388 1050 4460 qui
1068 4388 1176 4446 cruciat
1196 4387 1225 4444 P
1242 4386 1318 4458 quod
1337 4387 1444 4443 crucia·

107 4475 155 4528 tur
173 4469 214 4526 M
268 4476 303 4527 al
324 4467 414 4527 caedo
432 4468 524 4526 cecidi
543 4467 573 4524 P
589 4469 677 4527 caedo
696 4469 805 4526 cucidi
825 4468 894 4524 ML
959 4469 1001 4542 et]
1022 4485 1038 4526 ε
1058 4469 1097 4525 M
1159 4473 1194 4526 22
1213 4466 1347 4541 uirgilius
1366 4469 1443 4526 orani

108 4551 180 4610 cedo
205 4549 236 4606 P
307 4556 342 4607 it
366 4551 459 4608 moero
481 4549 513 4608 in
536 4549 713 4623 procleuntio
737 4551 847 4607 MPLz
872 4551 928 4609 Cic.
948 4568 979 4622 p.
1001 4547 1214 4620 tanausis
1238 4563 1312 4619 quaa
1336 4549 1444 4608 multos

108 4634 168 4691 iam
186 4651 277 4692 annos
296 4635 327 4691 at
344 4649 420 4689 nunc
440 4649 505 4689 cum
523 4632 646 4688 mamma
665 4631 756 4688 lilium
774 4631 957 4690 interiectum
977 4630 1057 4703 cupit
1147 4636 1183 4686 ιι
1207 4629 1322 4701 quidem
1346 4630 1376 4686 P

109 4724 144 4776 26
161 4715 362 4774 accusatiuum
380 4732 478 4772 mrum
496 4713 652 4786 posuerant
670 4712 699 4767 P
777 4719 812 4770 27
838 4716 868 4772 ei
885 4711 1126 4770 calummuuiibus
1149 4726 1201 4767 om.
1220 4710 1247 4766 L
1329 4715 1364 4767 ii
1384 4711 1443 4784 die]

111 4797 188 4854 Mem
205 4797 235 4853 P
288 4802 322 4854 tt
342 4795 525 4870 singulariter
539 4811 613 4868 quea
628 4794 682 4867 est]
702 4793 835 4851 similiter
848 4812 922 4867 quae
936 4795 981 4851 est
995 4789 1077 4862 ML,
1090 4807 1141 4848 orn.
1157 4791 1187 4846 P
1236 4809 1396 4866 purpureae
1409 4792 1448 4850 M

166 4877 326 4942 decunctor
346 4878 375 4934 P
432 4872 437 4882 '
