3564 5482
351 333 420 404 470
854 333 1032 394 nltvsibitl
1050 333 1174 393 Enseu

357 451 378 491 1.
392 440 439 484 sir.
455 439 495 482 m
509 437 536 481 u.

353 525 529 608 domoque
558 525 625 589 lum
653 527 778 590 exisse
803 575 810 588 .
835 529 896 602 exit
920 543 938 588 e
961 524 1043 606 loco,
1071 522 1132 588 Cic.
1157 521 1193 586 de
1218 521 1374 608 suppliciis
1397 543 1415 584 s
1438 533 1478 587 ut
1506 533 1648 588 exeunt
1670 541 1687 584 e

354 635 486 698 Sicilia
508 635 715 716 praedones
739 684 746 700 .
770 638 833 700 exit
856 635 937 698 illum
961 651 1040 717 reru,
1064 631 1151 715 Verg.
1176 633 1247 696 len.
1272 631 1296 692 V
1319 629 1416 716 (438)

503 761 658 828 corpore
681 743 754 808 tela
777 741 880 808 ruodo
903 753 1011 825 utque
1036 740 1156 805 oculis
1179 741 1422 824 vigilantibus
1446 744 1535 826 exit,

354 853 434 918 idem
457 855 533 916 Aen.
557 853 611 916 XI
632 854 732 931 (750)
756 863 793 918 et
816 855 884 917 rim
908 850 1051 916 uiribus
1074 853 1180 915 exit.

443 961 524 1026 Emit
556 961 593 1026 de
627 980 689 1048 me,
722 963 782 1026 Cic.
810 980 866 1046 pro
895 961 983 1024 liceo.
1016 961 1059 1040 (p.
1088 961 1180 1026 licre.
1209 963 1275 1024 Ant.
1305 961 1375 1038 2‚o)
1408 979 1499 1043 quae
1532 959 1575 1023 de
1609 963 1714 1024 viros

352 1071 563 1137 clurissinro
587 1081 622 1136 et
646 1072 852 1137 fortissimo
876 1089 957 1135 sese
980 1069 1074 1133 dicit
1097 1072 1229 1133 emisse
1253 1067 1286 1132 L.
1306 1051 1502 1132 Cornelius
1526 1067 1688 1151 Chryso·

353 1199 469 1264 gonus
494 1229 501 1244 .
525 1182 598 1245 emit
630 1199 646 1243 a
680 1199 742 1266 ms,
774 1180 855 1244 idem
887 1179 923 1242 de
957 1178 1114 1262 suppliciis
1148 1181 1195 1254 (in
1232 1179 1318 1242 Vm.
1350 1177 1509 1254 V22‚5o)
1543 1179 1640 1260 quod
1672 1196 1689 1239 a

354 1289 766 1354 mulouuctoreenrlt.
814 1313 817 1320 ¹

444 1395 575 1480 Expellit
592 1393 654 1461 hoc
672 1397 752 1473 loco,
776 1396 837 1460 Cic.
852 1414 907 1480 pro
923 1393 1018 1458 Cori
1037 1398 1156 1459 sotius
1180 1395 1364 1458 hominem
1383 1397 1557 1459 miserum
1578 1405 1686 1478 atque

353 1509 592 1571 innocentem
617 1509 712 1590 eripi
734 1505 767 1568 P.
791 1504 836 1590 lt,
859 1503 995 1587 expelli
1019 1507 1151 1587 patrie,
1175 1503 1302 1567 divelli
1326 1523 1343 1566 a
1365 1505 1444 1567 suis
1470 1553 1476 1566 .
1500 1505 1626 1587 expellit
1649 1521 1724 1568 ex1⁰

230 1639 233 1645 ·
354 1616 411 1679 boc
435 1615 515 1699 loco,
539 1615 619 1680 idem
641 1633 697 1700 pro
722 1615 822 1679 Sestio
846 1614 972 1692 (13,30)
996 1611 1152 1696 expellit
1176 1632 1218 1676 ex
1240 1614 1361 1695 patrie
1387 1661 1394 1675 .
1419 1611 1543 1695 expellit
1566 1631 1585 1675 u
1608 1613 1687 1698 locu,

354 1724 415 1788 Cic.
438 1743 495 1807 pro
519 1725 586 1788 Cor.
612 1724 637 1788 ll
661 1723 865 1807 expelleret
888 1742 904 1785 a
929 1720 1235 1805 dispensantibus
1261 1771 1267 1784 .
1350 1717 1352 1722 ’

444 1833 561 1917 Expers
588 1833 670 1897 illins
697 1835 756 1910 rei,
784 1832 844 1895 Cic.
868 1830 906 1894 tle
930 1849 994 1915 rep.
1018 1831 1140 1909 (123)
1174 1832 1314 1913 negotii
1346 1829 1488 1912 publici
1521 1849 1685 1914 expers.

354 1961 464 2027 expers
492 1943 542 2006 illu
570 1961 619 2027 re,
647 1941 705 2006 Sel.
735 1940 813 2004 bello
842 1941 904 2004 Gui.
933 1941 1035 2018 (33,1)
1064 1941 1154 2004 lunia
1183 1947 1291 2022 atque
1321 1941 1482 2004 fortunis
1511 1950 1685 2024 expertes

355 2069 509 2115 sumus.
1552 2076 1557 2086 ·
1700 2061 1723 2103 1⁸

445 2161 594 2243 Egregius
616 2159 666 2223 illu
689 2179 738 2243 re,
760 2157 847 2242 Verg.
872 2159 944 2222 ileu.
969 2157 1006 2221 v1
1032 2157 1128 2235 (862)

536 2271 723 2352 egregium
747 2268 859 2330 lormu
883 2269 1050 2330 iuvenem
1074 2276 1109 2330 et
1133 2265 1364 2348 fulgentibus
1388 2269 1506 2330 armis.

356 2382 496 2462 egregius
519 2378 600 2442 illius
623 2380 681 2462 rei,
704 2374 792 2460 Verg.
815 2377 887 2439 Aen.
912 2374 952 2438 lll
977 2377 1073 2452 (417)
1102 2379 1348 2458 egregiusque
1377 2378 1501 2460 enimi,
1531 2373 1590 2438 Sul.
1615 2376 1685 2438 bist.

355 2485 368 2548 l
392 2490 564 2569 egregius
595 2485 758 2549 militiae.
780 2482 785 2566 l
806 2487 947 2566 egregius
974 2485 1063 2568 brec,
1087 2483 1145 2548 Sal.
1169 2483 1232 2567 lug.
1256 2505 1274 2543 s
1302 2487 1448 2567 imperii
1475 2483 1686 2567 prolatanti

355 2595 580 2679 percupidus
603 2592 821 2676 habebatur,
845 2600 977 2656 cetera·
993 2595 1168 2674 egreglus
1193 2641 1199 2654 .
1698 2606 1723 2647 ro

449 2703 621 2768 Exterritus
645 2706 759 2787 auimo,
782 2700 869 2784 Verg.
893 2702 965 2764 Aen.
990 2699 1054 2763 Vlll
1078 2702 1179 2778 (370)

495 2822 530 2876 ut
552 2811 672 2877 Venus
696 2810 789 2874 buurl
812 2813 930 2873 animo
954 2813 1177 2893 nequiquam
1202 2814 1381 2875 exterrita
1404 2821 1519 2874 meter
1542 2859 1550 2873 .

356 2925 520 2987 exterritus
537 2922 618 2986 illius
639 2924 696 3004 rei,
721 2919 779 2984 Sel.
797 2919 868 2983 bist
887 2917 942 2981 llll
963 2919 1170 2984 tetrarchus
1194 2938 1373 3002 regesque
1398 2922 1553 2984 territos
1577 2923 1686 2982 auiuri

356 3034 551 3095 firmarit.

446 3139 553 3203 Evenit
585 3143 616 3202 in
645 3139 710 3223 illo,
741 3136 800 3201 Sel.
829 3138 897 3201 bist.
923 3136 946 3197 V
971 3155 1048 3200 num
1082 3140 1112 3200 si
1144 3139 1180 3199 in
1214 3137 1385 3220 Pompeio
1420 3137 1506 3220 quid
1540 3136 1723 3199 hunceniis

357 3251 682 3313 evenisset.erenit
706 3247 762 3331 illi,
786 3247 845 3310 Cic.
866 3249 896 3309 in
916 3246 975 3309 Pis.
996 3247 1120 3321 (ll,33)
1145 3265 1186 3308 an
1211 3247 1305 3327 quod
1330 3245 1400 3309 tibi
1423 3246 1686 3329 proficiscenti

449 3515 541 3574 Codes
561 3514 713 3571 Parrhasii
749 3515 854 3570 ineu.
871 3511 909 3569 Xl
928 3531 979 3569 om.
1065 3521 1096 3569 11
1118 3512 1238 3584 expellit
1255 3529 1273 3568 s
1292 3512 1367 3586 loco]
1388 3511 1494 3584 expelli
1513 3529 1531 3568 s
1551 3512 1614 3569 loco

358 3603 391 3654 is
411 3597 505 3670 Exper
522 3595 600 3653 illius
675 3603 707 3652 16
728 3593 867 3666 Egregius
886 3593 938 3650 illu
956 3613 985 3651 re
1005 3595 1083 3667 Virg.
1104 3597 1172 3650 Aen.
1193 3593 1220 3648 11
1240 3592 1554 3666 egregiumque'forrus
1573 3635 1580 3648 .
1601 3593 1687 3664 Egre-

357 3680 420 3754 gius
447 3678 524 3735 illius
552 3678 593 3735 rei
618 3676 695 3748 Virg.
715 3679 786 3733 Aen.
806 3675 844 3732 Xl
874 3676 1061 3748 egregiusque
1090 3674 1177 3732 suimi
1206 3673 1262 3730 Ssl.
1287 3675 1385 3730 bisti
1409 3677 1540 3747 egregius
1565 3674 1687 3731 militine

356 3760 488 3816 iuuenem
507 3762 537 3816 et
554 3758 728 3832 fulgentibus
747 3756 832 3814 urinis
851 3797 857 3811 .
877 3755 1017 3830 Egregius
1035 3757 1106 3812 baec
1188 3755 1423 3830 eiv1111vl111
1505 3761 1541 3811 21
1561 3755 1687 3828 Pompec

448 4004 461 4052 1
483 3999 516 4053 ut
534 3997 638 4053 exeunt
656 4011 671 4051 e
691 3992 791 4050 Sicilia
814 3990 971 4064 praedones
995 4009 1053 4049 uos
1075 3993 1260 4049 invenimur
1282 3994 1316 4050 io
1333 3994 1461 4050 motione
1479 3993 1512 4049 de
1530 3991 1687 4062 suplicio,

356 4095 390 4134 ec
408 4096 465 4150 quo
483 4094 539 4149 pro
565 4077 687 4148 complu
705 4075 829 4132 adscribi
847 4079 979 4145 poteraut
997 4075 1064 4131 boec
1082 4081 1201 4144 38,100,
1228 4079 1417 4148 posteaquem
1437 4091 1452 4131 e
1471 4077 1557 4146 portu
1576 4075 1686 4147 piretus

357 4176 413 4216 nou
432 4163 512 4215 metu
530 4157 627 4229 sliquo
647 4155 757 4224 offecti,
777 4155 827 4212 seri
846 4156 981 4213 sstietste
1001 4157 1132 4214 exierunt
1151 4201 1157 4214 .
1177 4157 1271 4228 itaque
1290 4159 1421 4214 lacunam
1438 4157 1566 4213 indicaui

334 4247 373 4309 ,1
393 4241 468 4313 quod
487 4256 506 4296 s
523 4240 600 4297 mulo
619 4243 735 4296 auctore
754 4237 888 4295 emissent
904 4237 997 4294 Cicero
1073 4245 1106 4294 10
1125 4235 1198 4310 eripi
1216 4240 1258 4294 rei
1277 4239 1408 4311 publicio
1423 4240 1539 4295 coniecit
1553 4236 1687 4294 Halmius

357 4321 544 4400 Sitcuoqsber'.
564 4321 591 4378 d.
611 4321 682 4377 bair.
702 4320 793 4375 Aliud.
813 4323 891 4374 1862
911 4335 934 4375 v.
957 4319 1000 4374 ΙΙ
1012 4337 1042 4390 p.
1064 4325 1105 4377 22
1181 4326 1212 4375 11
1234 4321 1358 4392 expellet
1375 4339 1410 4377 ex
1429 4321 1525 4392 petris
1545 4319 1641 4377 Oioero
1656 4339 1686 4392 p.

357 4401 425 4458 Sosi.
446 4405 462 4458 l.
484 4420 505 4459 c.
581 4407 615 4457 13
635 4400 684 4471 qui
707 4399 798 4456 omnis
822 4399 930 4470 negotii
955 4400 1063 4471 publici
1083 4403 1213 4473 expertes
1237 4402 1295 4457 sint
1313 4403 1417 4458 codices
1438 4399 1578 4457 Cimonis
1654 4409 1686 4458 19

357 4481 513 4554 imperii-
525 4483 670 4556 egregius,
689 4501 759 4555 quoe
777 4483 809 4538 in
828 4481 899 4536 libro
918 4481 1036 4538 debello
1058 4483 1229 4555 Iugurthino
1245 4501 1301 4538 uon
1321 4485 1464 4556 leguntur,
1484 4485 1519 4540 ab
1534 4485 1687 4541 editoribus

357 4565 489 4622 Solliciti
506 4567 539 4621 io
557 4567 723 4638 frequentiis
745 4565 927 4620 turmam
949 4566 1043 4633 posito
1065 4571 1145 4634 cunt,
1172 4566 1191 4620 1
1199 4564 1224 4614 V
1241 4570 1261 4621 8
1279 4565 1378 4631 Kritz,
1412 4563 1438 4618 V
1455 4569 1474 4620 6
1492 4563 1607 4621 Dietscil
1627 4610 1634 4623 .
1654 4583 1688 4622 eu·

359 4645 488 4717 Iugurtlr.
519 4652 585 4716 63,7
617 4648 769 4718 encomium
801 4645 963 4700 elocrttiouis
987 4647 1118 4718 egregius
1146 4647 1198 4704 ilis
1225 4663 1255 4703 re
1280 4648 1353 4718 poni
1378 4647 1485 4716 potuit,
1512 4663 1598 4703 nemo
1626 4649 1687 4704 tum

359 4723 451 4784 cisru'u
470 4743 563 4799 neque
581 4731 642 4786 tum
661 4729 793 4802 egregius
811 4727 896 4783 fectis
911 4727 972 4781 ersi
1046 4734 1080 4783 23
1096 4729 1246 4785 exterritos
1261 4728 1350 4785 sciuri
1364 4727 1525 4784 Dietscbiss
1538 4726 1608 4784 Soli.
1623 4729 1686 4786 bist.

357 4807 457 4879 fragm.
473 4827 503 4880 p.
523 4815 580 4867 103
671 4817 705 4867 11
724 4828 791 4868 nuru
810 4809 833 4866 11
852 4807 989 4879 Pompeio
1013 4809 1079 4864 oiim
1097 4812 1130 4866 iu
1148 4810 1280 4867 Sensuro·
1301 4810 1466 4882 frugum
1490 4809 1593 4866 11111111
1619 4817 1687 4880 erut,

358 4892 432 4963 quood
450 4893 571 4947 correxit
590 4892 691 4948 Carrio
1421 4911 1424 4921 ·
1636 4935 1639 4944 .
