3564 5482
531 307 711 366 EXEMPLA
729 305 1003 366 unocurtouvtt
1370 304 1435 372 471

98 410 286 471 wilfi-mle.

29 478 32 484 ¹
101 501 225 565 evenit
249 549 256 562 .
280 501 381 562 evenit
404 498 452 562 his
475 499 551 562 mihi
579 497 784 581 incommode,
811 497 881 561 Ter.
905 494 996 578 Hecp.
1021 495 1069 569 (V
1088 495 1182 574 3,40)
1210 495 1436 561 incommode

103 610 191 674 mihi
214 610 356 691 nuptiis
380 610 503 671 evenit
527 656 533 670 .

192 717 327 802 Expedio
346 735 394 780 mc
414 716 469 780 hac
488 735 536 800 re,
560 715 621 779 Gic.
634 734 691 799 pro
707 715 826 780 Cornl
846 718 926 779 eius
946 711 1042 777 modi
1060 715 1147 778 mihi
1171 715 1262 779 duos
1285 715 1437 798 laqueos

102 831 137 892 in
161 846 270 892 eausa
295 845 377 891 esse
401 825 629 908 propositos,
658 834 711 908 ut,
739 827 770 888 si
793 843 846 888 mc
871 823 988 888 altero
1013 822 1257 910 expedissem,
1287 834 1437 888 tenerer

75 937 219 1001 saltere
243 985 250 1000 .
275 934 402 1018 expedio
434 953 483 998 me
518 951 554 996 ex
587 933 643 996 hac
676 951 725 1017 re,
757 933 825 998 Ter.
850 932 932 996 tuot.
962 932 1030 1010 (IV
1050 932 1120 1010 40)
1150 952 1218 1016 quo
1247 933 1350 997 modo
1383 954 1436 998 me

102 1044 290 1129 expediam
314 1063 356 1108 ex
379 1043 444 1108 hac
467 1038 598 1107 turha?

191 1149 337 1218 Excessit
360 1154 417 1217 hoc
440 1154 521 1235 loco,
544 1150 631 1235 Verg.
655 1153 729 1217 Aen.
752 1151 779 1215 ll
803 1153 896 1228 (351)

214 1343 223 1364 .
352 1281 548 1328 excessere
572 1279 700 1325 omnes
724 1262 843 1344 adytis
867 1262 1016 1342 arisque
1040 1260 1187 1326 relictis

352 1373 434 1437 dii.

63 1485 232 1546 noncessit
251 1501 286 1546 cx
306 1483 363 1546 hoc
382 1487 463 1560 loco,
487 1481 556 1544 Ter.
575 1479 668 1564 Hecp.
688 1479 862 1558 (1112,12)
883 1488 920 1542 et
938 1497 1027 1542 cura
1050 1497 1091 1542 ex
1116 1478 1225 1542 corde
1251 1484 1436 1545 excessit.

192 1590 354 1655 Excruciat
377 1611 425 1655 me
449 1592 498 1654 illa
521 1610 570 1674 re,
598 1591 658 1656 Cic.
683 1591 720 1654 de
749 1599 892 1674 praetura
921 1590 968 1664 (in
999 1589 1086 1651 Vm.
1111 1597 1172 1652 oct.
1195 1608 1256 1654 sec.
1281 1590 1436 1668 117,45)

101 1703 242 1764 socium
267 1699 299 1764 P.
322 1700 357 1764 tt.
381 1710 491 1783 atque
520 1702 675 1764 amicum
704 1702 800 1764 inmo
830 1700 1085 1763 excruciatum
1116 1696 1250 1778 [unde]
1278 1697 1438 1780 reliquit

100 1812 348 1892 semivirum.

192 1917 282 1982 Elicit
305 1915 363 1980 hoc
386 1915 433 1980 rel
456 1917 541 1999 huic,
565 1915 652 1999 Verp.
677 1934 758 2000 geor.
783 1915 796 1978 l
820 1916 915 1991 (108)

64 2043 87 2085 ta
361 2045 448 2089 ecce
473 2025 678 2108 supercilio
702 2024 835 2088 clivosi
858 2026 1021 2088 tramitis
1045 2025 1178 2088 undam

361 2135 497 2199 elicit.
978 2221 980 2226 Α

100 2245 184 2308 elicit
202 2243 239 2308 ab
259 2245 330 2328 hoo,
354 2244 414 2308 Cic.
434 2262 490 2328 pro
511 2243 651 2306 Deiotaro
671 2243 751 2320 (1‚3)
771 2245 807 2306 in
831 2261 898 2325 qua
923 2245 1143 2324 quaestione
1167 2243 1273 2306 dolor
1296 2243 1435 2306 elicere

100 2373 222 2418 reram
246 2328 370 2418 vocem
394 2355 515 2436 possit
539 2355 649 2416 etiam
672 2351 713 2415 ab
737 2353 855 2416 inrito
881 2401 886 2412 .

192 2462 323 2527 Exercet
345 2462 426 2526 lllam
450 2480 530 2546 rena,
555 2459 641 2544 Verg.
666 2462 739 2525 Aeo.
763 2460 804 2524 lll
828 2461 919 2537 (281)

63 2588 90 2630 so
329 2579 508 2636 exercent
530 2573 671 2653 patrias
695 2571 775 2633 oleo
799 2570 947 2634 labente
972 2570 1178 2653 palaestras
1203 2619 1209 2634 .

101 2690 263 2744 exercetur
286 2679 335 2742 illa
359 2699 407 2766 re,
430 2678 491 2742 Cic.
516 2677 553 2742 de
578 2682 674 2762 signis
698 2683 745 2755 (in
776 2679 1065 2760 Verr.1V25,56)
1090 2679 1171 2743 dum
1195 2682 1305 2744 armis
1329 2698 1434 2742 exer·

102 2798 240 2852 cetur.

193 2897 288 2960 Enixa
311 2896 419 2974 fllium,
444 2895 531 2980 Verg.
555 2898 628 2962 Aen.
652 2895 704 2959 Vll
729 2898 826 2974 (320)
850 2901 956 2980 ignes
971 2901 1090 2962 enixa
1113 2898 1263 2981 iugales.

193 3005 306 3068 Exsors
320 3005 412 3069 huius
426 3010 488 3083 rei,
508 3005 595 3089 Verg.
611 3007 684 3070 Aen.
700 3005 737 3069 vt
758 3008 853 3083 (428)
878 3025 969 3089 quos
992 3007 1113 3072 dulcis
1136 3010 1232 3070 ritae
1256 3015 1432 3070 exsortes.

63 3131 88 3174 sa
193 3113 322 3178 Excudit
350 3115 420 3178 huic
450 3121 512 3193 rei,
542 3115 628 3199 Verg.
652 3117 725 3179 Aen.
750 3116 763 3178 l
787 3117 884 3192 (174)
919 3117 1019 3179 silici
1053 3115 1253 3180 scintillam
1286 3114 1436 3179 excudit

101 3222 259 3287 Achates
283 3272 290 3285 .
314 3241 458 3288 excussos
487 3225 542 3288 hac
567 3242 615 3309 rc,
644 3223 730 3307 Verg.
755 3227 827 3287 Aen.
852 3223 1023 3302 111099)
1052 3229 1139 3307 quin
1172 3229 1283 3289 etiam
1317 3227 1436 3308 patria

102 3333 316 3408 excussos!
467 3412 476 3431 ο
588 3314 590 3320 ’

194 3440 291 3533 Eli'eta
314 3442 406 3505 huius
430 3443 490 3524 rei,
514 3439 600 3523 Verg.
625 3442 698 3506 Aen.
723 3441 774 3504 Vll
794 3445 895 3518 (440)
919 3447 1071 3526 verique
1096 3445 1210 3508 elicta
1235 3452 1436 3507 senectus.

194 3550 248 3613 Est
271 3568 412 3633 cernere,
436 3548 524 3633 Verg.
545 3552 616 3615 Aen.
637 3551 674 3612 Vl
695 3551 790 3627 (505)
815 3561 940 3615 terrae
965 3555 1230 3634 omnipotentis
1254 3551 1435 3614 alumnum

64 3677 258 3724 secernere
282 3668 374 3741 erat,
398 3653 549 3740 sic'gcor.
574 3659 628 3722 1111
652 3662 753 3736 (447)
778 3681 894 3744 neque
924 3671 982 3725 est
1011 3672 1044 3726 te
1074 3661 1205 3724 lallerc
1230 3663 1436 3743 quiequam,

102 3769 171 3833 buc.
196 3768 326 3846 (1046)
350 3786 416 3830 neo
440 3771 489 3830 sit
511 3769 599 3832 mihi
623 3770 777 3833 credere
801 3780 942 3834 tantum
967 3819 973 3833 .

104 3911 320 3924 ι--ιι-

195 3989 287 4048 cocta
306 3987 456 4044 Pomponii
502 3963 526 4046 '1
551 3988 648 4045 evenit
677 3989 723 4046 his
751 4020 785 4032 -
814 3988 922 4062 nuptiis
945 3989 1041 4046 evenit
1060 3993 1127 4060 post
1163 3995 1180 4044 t
1209 3991 1321 4046 lenem
1344 3988 1436 4046 allero

102 4075 223 4145 empto,
251 4071 299 4128 aed
317 4070 455 4142 adpositis
476 4070 567 4140 speie
589 4071 623 4126 e‘te
639 4087 722 4126 auom
741 4071 830 4126 locum
852 4075 980 4128 revocato
1002 4076 1069 4126 sent
1167 4075 1200 4124 10
1223 4069 1288 4126 loco
1310 4085 1362 4126 om.

103 4163 297 4222 excruciatam
325 4159 400 4216 unde
428 4159 546 4230 reliquit
571 4146 644 4217 semi
734 4166 769 4216 19
798 4159 930 4233 Exercet]
960 4158 1066 4217 Exerce
1156 4165 1194 4215 tt
1222 4158 1265 4216 rei
1293 4177 1344 4218 om.

102 4244 269 4303 mmm
343 4240 508 4314 fflfflm

194 4459 408 4535 tpreepositos
428 4459 468 4516 M
547 4461 640 4528 oquo
660 4457 744 4514 modo
762 4457 817 4516 hac
835 4477 882 4517 me
901 4459 1052 4533 expediens
1075 4459 1160 4517 turbe
1182 4459 1286 4516 codices
1311 4457 1437 4516 Terentii

105 4551 136 4602 11
157 4543 328 4602 Exmcisrs
341 4543 393 4599 ills
407 4559 438 4599 re
454 4542 493 4598 M
501 4586 507 4599 .
517 4541 636 4610 sortasse
649 4540 826 4598 excrucietur
840 4541 891 4600 ills
905 4559 935 4600 re
1008 4548 1042 4599 11
1057 4543 1099 4598 ibi
1113 4541 1259 4599 hominem
1271 4537 1434 4609 iupenuuru¹

9 4663 10 4670 1
104 4627 182 4684 domi
196 4625 336 4697 nobilem,
350 4623 450 4698 populi
460 4623 581 4679 Romani
595 4623 703 4678 socium
717 4625 803 4695 alque
818 4625 956 4695 amicum,
971 4623 1049 4681 inmo
1059 4625 1252 4680 excruciatum
1266 4620 1436 4678 semivivam

104 4708 222 4780 reliquit
241 4707 336 4764 Cicero
410 4711 445 4762 23
464 4705 582 4776 semeso
601 4703 692 4761 Enixa
710 4705 810 4776 fetum,
836 4707 921 4780 Verg.
941 4707 1011 4762 Aen.
1031 4705 1141 4760 1111191
1169 4704 1293 4775 trigints
1308 4702 1437 4775 cupitum

105 4787 179 4845 letus
198 4788 295 4856 enixo,
313 4786 390 4844 idem
410 4789 479 4845 Aen.
500 4786 553 4842 VII
572 4792 626 4843 320
644 4787 724 4859 ignes
742 4803 797 4858 sqq.
816 4788 911 4858 priore
929 4787 1050 4859 eemsplo
1067 4802 1136 4842 cesus
1153 4791 1192 4841 eat
1205 4785 1319 4841 Nonius
1330 4803 1361 4856 p.
1376 4791 1436 4842 296

141 4874 176 4925 11
195 4872 312 4939 [ortam
331 4868 453 4926 mendic
472 4869 540 4925 huic
560 4867 601 4925 rei
621 4867 701 4924 illam
720 4885 782 4924 rem
855 4875 888 4926 ³1
908 4887 945 4926 ne
964 4867 1048 4926 sito
