3604 5486
565 311 742 370 munna
762 311 1033 372 nuocvnionvii
1399 313 1467 379 483

132 415 315 466 omma

225 499 343 582 ludipet
371 499 452 564 illius
479 503 538 583 rei,
567 500 654 584 Verg.
684 501 751 566 bruc.
781 502 884 580 (2,71)
914 519 1069 584 quorum
1098 503 1242 584 indiget
1269 518 1371 585 rusus,
1398 499 1468 562 Ter.

133 609 209 672 And.
234 609 284 684 (V
301 610 390 688 319)
415 612 519 693 quasi
544 619 581 674 tu
605 611 715 674 liuius
738 612 906 692 indigeas
928 612 1078 694 patris.

224 718 323 782 instar
346 717 428 782 illius
451 721 510 802 rei,
535 717 621 802 Verg.
646 721 718 784 Aen.
741 720 769 783 ll
793 721 864 796 (15)
920 795 922 801 ι

459 829 581 891 instar
605 832 739 892 montis
763 847 894 912 equum
918 827 1041 892 divina
1064 827 1096 890 P.
1121 847 1146 890 a.

91 951 106 993 o
415 997 427 1022 ,
459 936 675 1020 aedificant,

132 1044 242 1108 Cicero
280 1044 317 1108 de
355 1047 450 1130 signis
487 1050 535 1122 (in
575 1046 662 1110 l'err.
702 1047 735 1102 V·
763 1047 877 1126 1741)
915 1064 1039 1110 narem
1079 1048 1264 1110 maximam
1304 1050 1467 1110 triremis

131 1155 284 1217 instar.

224 1263 320 1328 lustat
342 1263 402 1328 illis
425 1263 513 1348 locis,
538 1262 624 1346 Verg.
648 1264 720 1327 Aen.
745 1261 786 1326 xi
810 1263 905 1342 (529)

347 1375 423 1436 sive
447 1375 590 1436 instare
614 1374 711 1455 iugis
735 1381 772 1435 et
794 1373 946 1454 grandia
969 1371 1116 1435 volvere
1140 1391 1254 1436 saxa.

92 1483 226 1545 winstat
258 1480 301 1545 illi
334 1484 380 1546 rei
412 1501 468 1566 pao
502 1483 652 1565 imminet,
686 1480 772 1564 Verg.
804 1483 877 1545 deu.
906 1481 932 1544 ii
961 1481 1054 1557 (195)
1089 1480 1151 1544 ille
1180 1483 1294 1545 instat
1322 1500 1466 1564 aqueae.

131 1593 228 1655 instat
251 1591 332 1655 illam
356 1610 421 1654 rem
444 1609 501 1674 pro
525 1591 663 1674 festinat,
687 1591 767 1654 idem
790 1592 863 1654 den.
889 1590 954 1654 Vlll
977 1589 1073 1666 (133)

315 1709 419 1782 parto
444 1698 514 1762 alia
537 1697 642 1763 llarti
666 1717 890 1782 currumque
915 1707 1090 1782 rotasque
1114 1696 1287 1762 volucres

314 1807 537 1872 instabant.

133 1918 227 1979 instat
250 1914 300 1978 illa
323 1933 357 1978 re
381 1915 461 1979 illam
485 1934 567 1999 rem,
588 1914 668 1978 idem
691 1915 764 1978 den.
789 1913 844 1978 llll
863 1915 962 1991 (748)
987 1915 1201 1998 trepidique
1224 1915 1351 2000 pedem
1375 1919 1466 2000 pede

91 2024 301 2087 retorridus
324 2026 440 2088 instat
463 2073 470 2088 .

225 2132 401 2215 luditicatus
419 2133 501 2198 illam
520 2153 599 2219 rem,
624 2133 710 2216 Verg.
730 2137 802 2197 Aen.
822 2132 887 2196 Vlll
907 2135 1003 2210 (728)
1024 2143 1060 2198 et
1082 2143 1229 2216 pontem
1252 2135 1468 2216 indignatus

132 2230 270 2307 Araxei
294 2291 301 2306 .
325 2241 498 2326 indignatus
522 2243 571 2307 ille
594 2243 679 2307 illum
704 2243 761 2306 hoc
784 2243 899 2326 iacere,
919 2245 924 2321 Ι
944 2242 1025 2307 idem
1048 2245 1122 2308 Aen.
1148 2242 1198 2306 Vll
1223 2245 1326 2320 (770)

351 2363 456 2436 pater
478 2355 710 2438 omnipotens
734 2352 893 2436 aliquem
916 2353 1130 2436 indignatus
1155 2351 1196 2416 ab
1220 2353 1361 2416 umbris

239 2481 278 2526 m
302 2463 321 2526 Ι.
346 2481 371 2526 a
395 2461 413 2524 l.
438 2480 593 2545 surgere
618 2463 745 2526 ritae.

89 2591 118 2632 eo
224 2570 383 2654 ingressus
411 2571 489 2654 loca,
517 2569 579 2635 Cic.
607 2573 639 2634 ln
667 2571 808 2636 Pisonem
837 2571 963 2649 (23,53)
993 2571 1137 2634 Romam
1171 2590 1256 2635 vero
1290 2574 1418 2655 ipsam,
1448 2590 1466 2634 o

132 2681 295 2746 iamiliae
314 2699 385 2744 non
404 2679 520 2744 dicam
539 2680 774 2766 Calpurniae,
792 2679 855 2744 sed
875 2701 892 2739 1
912 2680 1020 2744 huius
1040 2679 1158 2765 urbis,
1177 2680 1237 2743 sed
1258 2680 1466 2744 Placentini

133 2792 327 2873 municipii
360 2800 398 2854 et
429 2789 599 2854 bracatae
633 2792 869 2874 cognationis
901 2789 1077 2866 dedecus,
1111 2809 1216 2872 quem
1250 2789 1291 2852 ad
1324 2789 1466 2854 modum

132 2905 327 2984 ingressus
350 2918 388 2963 es
412 2948 419 2962 .
443 2902 601 2982 ingressus
624 2899 712 2984 locis,
736 2899 822 2982 Verg.
846 2900 919 2962 Aen.
943 2898 970 2961 x
994 2900 1088 2975 (118)
1113 2903 1250 2962 castris
1274 2902 1466 2982 ingressus

132 3011 338 3075 Etruscis.
725 3071 729 3080 ,

89 3137 118 3178 aa
224 3119 372 3202 imposuit
403 3116 447 3182 illi
479 3120 537 3202 rei,
570 3117 657 3200 Verg.
690 3136 771 3200 geor.
806 3115 846 3178 lll
879 3118 971 3192 (116)
1008 3119 1179 3201 impositi
1216 3116 1324 3181 dorso
1358 3126 1466 3198 atque

133 3233 295 3312 equitem
318 3227 493 3312 docuere,
516 3226 597 3290 idem
621 3228 694 3290 den.
719 3225 745 3288 ll
769 3226 872 3303 (707)

292 3357 377 3420 ergo
401 3355 479 3422 age,
503 3355 586 3400 care
611 3346 729 3418 pater,
753 3337 894 3398 cervici
917 3337 1106 3417 imponere
1130 3345 1281 3400 nostrae
1305 3384 1311 3399 .

133 3449 279 3528 imposuit
302 3449 332 3508 in
356 3445 438 3508 illam
458 3464 537 3529 rom,
562 3445 619 3506 Sal.
640 3445 745 3506 hister.
766 3443 792 3505 ll
811 3446 932 3506 omnnia
957 3455 1102 3508 sacrata
1127 3463 1283 3528 corpora
1306 3446 1341 3506 in
1367 3455 1467 3507 rates

134 3557 369 3638 imposuisse,
397 3555 465 3616 l'er.
495 3555 569 3617 And.
599 3554 764 3630 (11102)
794 3555 830 3614 iu
859 3555 978 3634 ignem
1007 3556 1180 3636 imposita
1210 3564 1266 3616 est
1291 3601 1297 3614 .
1322 3555 1466 3635 imposuit

91 3669 166 3728 scin
196 3663 245 3726 llla
268 3682 316 3745 ne,
344 3662 405 3726 Cic.
429 3663 466 3725 de
495 3664 585 3726 domo
614 3682 667 3726 sua
696 3650 844 3739 (52131)
875 3680 944 3725 non
974 3665 1023 3757 iia
1053 3662 1241 3726 crudelem
1270 3662 1401 3745 luisse,
1430 3672 1467 3725 ut
1508 3691 1513 3698 ·

136 3777 352 3788 .——---—-

226 3829 319 3887 Codex
340 3827 493 3886 Parrhasii
530 3828 662 3902 thuias]
684 3828 781 3884 liniens
860 3827 948 3901 exi]
968 3827 1021 3884 1111
1105 3835 1138 3885 ie
1157 3827 1326 3901 Indignatur
1344 3829 1394 3886 iiia

134 3918 168 3969 17
188 3911 255 3986 Vll]
275 3909 342 3966 viii
423 3918 459 3968 20
478 3911 508 3968 in
526 3911 628 3969 Pisone
711 3917 745 3966 21
767 3909 958 3981 calphurniso
976 3911 1026 3967 sed
1045 3910 1129 3967 huius
1148 3911 1225 3966 urbis
1245 3911 1294 3967 sed
1313 3911 1467 3982 plusentini

169 4000 205 4050 eo
224 4011 301 4066 geor.
322 3992 372 4064 ΙΙΙ]
393 4009 451 4064 ger.
472 3991 525 4048 llll
603 3999 639 4049 30
658 3998 691 4049 ut
709 3991 833 4049 virentis
852 3991 939 4049 etiam
958 3995 988 4050 et
1006 3992 1141 4065 spirantia
1159 3991 1304 4064 capitibus
1323 4009 1389 4048 eum
1408 3992 1467 4050 suis

130 4075 254 4134 navibus
272 4074 432 4148 imponeret

226 4228 242 4278 8
262 4220 298 4277 de
317 4218 417 4293 signis]
439 4220 520 4274 immo
540 4218 575 4276 de
594 4219 742 4291 suppliciis
816 4237 919 4278 navem
938 4237 1005 4278 varo
1030 4221 1166 4291 cybaeam
1186 4220 1341 4276 maximnm
1356 4221 1466 4277 ondins

131 4305 276 4363 Ciceronis
360 4307 394 4357 ie
417 4299 542 4357 fervidus
573 4305 656 4374 urget
690 4301 831 4374 Vcrptlius
849 4305 919 4359 Aere.
942 4301 1016 4358 XII
1034 4303 1210 4372 7111111.
1230 4307 1283 4360 751
1313 4301 1466 4360 latratibus

131 4388 225 4444 insint
297 4391 334 4441 20
353 4381 475 4441 Romam
496 4401 563 4440 vero
582 4383 676 4454 ipsam
695 4381 823 4439 foedavit
841 4383 982 4440 adrentus
1002 4386 1068 4439 tuns
1088 4423 1095 4436 .
1114 4400 1131 4440 o
1151 4383 1278 4441 familiae
1297 4401 1354 4442 non
1373 4385 1466 4442 dicam
1592 4391 1595 4400 “

133 4465 321 4540 Calpurniae,
341 4465 390 4522 sed
411 4464 591 4534 Caluentiae,
614 4480 705 4534 nsque
726 4463 809 4520 liuius
828 4466 920 4533 urbis,
940 4465 990 4521 sed
1009 4463 1170 4522 Placentini
1188 4464 1349 4538 municipii,
1374 4478 1466 4536 neque

131 4545 245 4620 paterni
275 4546 400 4619 ganamt,
427 4544 478 4601 sed
505 4545 641 4602 bracatae
671 4544 850 4615 cognationis
879 4545 1015 4616 dedecus,
1041 4564 1127 4617 quem
1155 4547 1193 4602 ad
1221 4547 1338 4604 modum
1363 4547 1467 4605 venisti

132 4631 239 4686 codices
267 4629 408 4687 0111111111
432 4671 438 4684 .
463 4628 605 4684 Aricinos·
633 4627 773 4682 loctunam
800 4629 983 4699 desordomot
1006 4627 1182 4684 Garoiooine
1208 4629 1240 4684 in
1271 4628 1327 4686 Cic.
1352 4629 1370 4685 1.
1395 4646 1417 4685 e.
1441 4636 1467 4687 et

139 4711 300 4770 Wundmts
318 4728 379 4768 oar.
400 4711 458 4767 lect.
479 4708 541 4765 latr.
561 4709 670 4782 olioreot
690 4709 776 4767 Cicer.
791 4729 823 4783 p.
845 4712 902 4768 XL
910 4711 1001 4767 VIII
1061 4717 1113 4790 ,ii
1135 4715 1165 4766 et
1189 4709 1272 4766 huius
1292 4709 1467 4768 (1111111111

132 4799 159 4850 et
186 4809 220 4848 ex
248 4793 274 4850 G
303 4791 529 4858 trudonenses,
558 4791 608 4860 sed
634 4795 782 4862 (superem.
812 4796 853 4864 at)
881 4793 964 4850 huius
995 4791 1024 4847 P
1130 4797 1165 4848 28
1190 4792 1320 4848 sauciata
1348 4809 1467 4866 corpora

132 4873 296 4932 Dietscdim
315 4873 385 4931 Sall.
403 4874 468 4930 list.
486 4874 589 4946 frnpm.
605 4891 636 4946 p.
657 4879 693 4930 54
767 4874 797 4931 in
816 4877 906 4932 ratem
928 4875 963 4931 ii
