3602 5482
639 276 688 334 Dll
709 277 1004 336 ORTHOGRAPEIA
1421 279 1488 348 279

149 395 172 434 p.
186 379 249 422 arao.
263 382 290 424 aa
303 378 331 428 r:

242 465 326 530 lietu
350 467 394 528 tui
418 474 449 528 et
472 475 534 530 tuo.

241 573 383 638 Materies
411 576 608 638 artillciorum
637 585 697 661 est,
726 579 850 639 materia
879 575 1084 638 consiliorum.
1128 575 1179 638 alii
1209 585 1315 640 contra
1347 579 1487 641 referunt

151 684 308 746 materiem
339 701 407 746 esse
438 685 544 766 enimi,
570 681 575 768 Ι
604 687 760 748 materiam
793 683 926 769 arboris,
963 686 1120 748 materiem
1151 685 1326 767 qualitatem
1363 689 1486 769 ingenii,

149 793 307 854 materiam
331 791 426 854 labris
449 801 557 875 aptam.
1441 795 1444 800 ’

120 915 134 956 a
240 900 353 964 blasio
372 903 539 984 positioru,
561 899 715 964 masculus
734 903 765 964 in
784 899 1000 984 diminutione,
1023 919 1085 964 uon
1100 900 1275 986 mascellus,
1297 911 1333 965 ut
1350 903 1482 984 quidam.

239 1007 377 1095 lluscus,
404 1008 498 1074 herba
527 1028 604 1091 quae
633 1011 665 1072 iu
688 1007 855 1092 parietibus
880 1009 925 1071 vel
954 1010 985 1071 iu
1010 1007 1176 1072 corticibus
1199 1008 1343 1073 arborum
1366 1009 1482 1094 haeret,

146 1116 343 1198 singulariter
375 1126 492 1181 tantum
520 1120 661 1203 eiiertur,
695 1119 840 1181 memoria
870 1116 982 1180 malitia
1012 1135 1152 1180 murmur
1181 1117 1329 1182 similiter.
1373 1121 1482 1202 minae,

145 1225 320 1308 manubiae,
350 1229 483 1312 moenia,
511 1226 651 1310 mapalia,
682 1245 759 1308 quae
788 1235 860 1290 sunt
895 1245 981 1288 casae
1009 1226 1164 1310 dirorum,
1197 1226 1323 1309 pluralia
1351 1245 1481 1309 semper.

145 1352 230 1397 mare
258 1334 406 1417 pluralem
434 1353 596 1399 numerum
620 1353 680 1398 uon
708 1333 801 1398 babet
828 1337 887 1397 nisi
915 1342 1033 1398 tantum
1061 1336 1164 1398 maria.
1202 1334 1261 1398 urei
1290 1341 1321 1398 et
1348 1335 1479 1398 mulsum

105 1458 130 1499 ao
145 1451 177 1506 et
202 1445 313 1526 muria,
336 1443 366 1505 id
387 1453 434 1508 est
457 1462 560 1527 garos,
584 1453 615 1506 et
633 1453 735 1507 cetera
754 1443 866 1525 liquida
885 1445 1018 1526 pretiosa
1039 1450 1155 1505 tantum
1174 1442 1351 1528 singularia,
1375 1462 1479 1526 qnam·

144 1552 191 1613 vis
215 1550 303 1614 mella
326 1559 357 1614 et
380 1553 447 1614 rina
471 1551 614 1634 legamus.

236 1660 353 1724 llature
368 1661 517 1724 malumus
532 1662 735 1726 maturissime
751 1659 922 1724 meandum.
941 1661 1112 1723 invenimus
1129 1667 1227 1723 tamen
1243 1661 1321 1743 apud
1337 1669 1477 1724 auctores

143 1769 236 1832 etiam
259 1770 436 1833 maturrime
459 1768 584 1833 dictum.
644 1809 647 1816 ·

235 1877 338 1941 Manio
361 1881 463 1941 munis
485 1881 656 1961 perlectum
681 1878 752 1941 iacit
775 1879 870 1940 munii
894 1888 925 1940 et
949 1879 1071 1940 munivi.

101 2001 127 2042 rs
234 1984 358 2049 llemini
376 1988 541 2050 meminlsti
560 1988 697 2050 meminit
717 1988 908 2050 meminimus
923 1988 1104 2049 meministis
1119 1987 1324 2048 meminerunt
1341 1995 1371 2048 et
1390 2003 1475 2067 prae·

142 2095 222 2158 senti
246 2103 383 2177 tempore
407 2103 438 2158 et
461 2097 625 2178 praeterito
648 2094 785 2177 perlecto
809 2113 872 2156 uuo
890 2093 1058 2175 eodemque
1079 2091 1167 2155 modo
1192 2091 1369 2156 declinatur.
1406 2092 1476 2156 ideo

141 2212 321 2286 corruptum
346 2204 409 2265 sive
432 2203 616 2266 defectivum
641 2213 773 2266 vocatur.
1292 2218 1296 2225 ·

232 2311 349 2376 Mulceo
373 2319 404 2374 et
427 2310 548 2393 mulgeo
571 2313 718 2372 inunum
741 2309 911 2391 perlectum
936 2311 1061 2373 veniunt
1086 2309 1184 2372 mulsi.

232 2419 371 2482 Maiestas
395 2437 465 2482 cum
488 2417 598 2482 scribis
623 2427 675 2480 aut
699 2417 789 2500 dicis,
813 2435 828 2478 s
852 2416 1003 2480 secundae
1022 2416 1152 2498 syllabae
1172 2417 1346 2500 complicari
1370 2417 1475 2501 debet,

99 2543 126 2584 eo
139 2531 184 2591 sic
208 2529 240 2592 iu
263 2527 421 2592 similibus.

230 2635 376 2700 lliramur
399 2654 506 2721 opera,
529 2635 715 2698 admiramur
738 2636 874 2698 ablutos.

230 2745 364 2810 llluores
388 2763 456 2809 esse
479 2763 531 2808 res
560 2744 675 2826 aliquas
699 2751 751 2807 aut
779 2742 917 2806 homines
946 2742 1089 2827 dicimus,
1112 2746 1239 2807 minoris
1262 2753 1397 2827 emptum
1421 2754 1473 2808 aut

138 2855 331 2918 aestimatum
355 2855 509 2938 quippiam
535 2861 618 2918 recte
642 2851 814 2916 scribimus.

230 2965 368 3034 ‘llemini
393 2989 441 3034 me
463 2966 582 3034 lacere'
606 2971 707 3034 dicere
727 2968 888 3054 debemus,
912 2988 972 3032 non
997 2963 1138 3050 ‘memini
1156 2987 1204 3033 me
1230 2965 1363 3036 iecisse’.
1402 2991 1473 3036 nam

97 3094 123 3136 aa
137 3081 263 3143 memini
282 3097 383 3142 sermo
402 3086 450 3142 est
469 3087 551 3142 totus
570 3081 728 3161 praeteriti
748 3080 903 3160 temporis,
917 3079 970 3160 qui
989 3086 1170 3142 anteactam
1190 3099 1256 3143 rem
1275 3083 1306 3143 in
1324 3099 1470 3163 praesens

135 3198 273 3272 revocat,
301 3199 333 3252 et
360 3190 387 3252 si
415 3171 528 3252 dixeris
552 3183 692 3251 ‘memini
720 3205 768 3250 me
798 3180 932 3269 lecisse',
959 3185 1020 3250 duo
1049 3191 1213 3270 praeterita
1236 3188 1326 3252 simul
1350 3191 1467 3272 iungis:

135 3295 286 3380 Vergilius
312 3316 372 3360 uno
396 3305 514 3360 tantum
537 3295 604 3358 loco
628 3287 749 3380 (georg.
775 3293 948 3376 1111125)

299 3441 454 3505 namque
477 3422 544 3487 sub
568 3421 741 3486 Oebaliae
764 3399 914 3485 memini
936 3441 990 3484 me
1014 3421 1182 3486 turribus
1206 3421 1291 3486 altis

301 3531 495 3614 Corycium
518 3532 654 3596 vidisse
679 3551 816 3614 senem,

93 3671 121 3714 ao
134 3656 216 3739 quod
241 3666 348 3740 poetae
372 3675 428 3738 pro
450 3660 630 3722 necessitate
653 3661 745 3722 matri
768 3674 916 3738 usurpare
938 3656 1033 3721 licuit.

227 3928 241 3977 1
262 3923 341 3978 melu
356 3923 395 3979 Μ
411 3922 489 3978 msto
504 3923 583 3982 sPL
637 3921 857 3980 acomiliarum
872 3921 901 3978 P
952 3925 981 3978 el
999 3922 1049 3978 alii
1070 3925 1169 3980 conire
1189 3924 1228 3980 Μ
1281 3931 1297 3981 ³
1318 3927 1467 3983 materiam

127 3999 196 4058 'esee
220 4000 309 4058 animi
332 4004 483 4060 materiam
506 4003 616 4062 arboria
641 4003 746 4076 (mbori
771 4003 823 4074 Μ)
848 4003 918 4058 ΡΜ
944 4003 1092 4060 materiam
1117 4020 1178 4062 essa
1202 4005 1290 4063 enimi
1318 4007 1465 4064 materiem

132 4079 244 4138 arboria
261 4081 289 4136 L
361 4082 513 4140 iiabricis
532 4085 559 4141 L
633 4083 699 4142 bin
716 4083 927 4158 praepositione
947 4084 976 4140 P
1048 4085 1184 4144 obseret
1201 4088 1231 4142 ei
1250 4087 1353 4160 singul.
1373 4087 1403 4142 P

133 4170 149 4221 7
172 4162 280 4221 militia
300 4163 329 4220 P
400 4165 533 4224 similiter
556 4166 630 4239 plur.
654 4183 766 4239 semper
789 4182 869 4224 mere
892 4165 966 4238 plur.
986 4184 1061 4223 num.
1081 4184 1139 4225 non
1163 4165 1251 4224 hebai
1274 4167 1330 4224 nisi
1352 4171 1466 4225 mntem

131 4243 225 4302 marin
242 4243 370 4317 mapella
388 4245 503 4304 moenie
520 4245 615 4302 minae
637 4245 790 4303 manubiae
813 4245 891 4318 quod
914 4249 981 4304 enni
1004 4264 1086 4304 casae
1110 4247 1234 4304 uirorum
1252 4248 1326 4322 plur.
1345 4265 1465 4319 semper.

131 4325 190 4384 tiu
211 4326 240 4382 P
323 4333 357 4383 10
380 4346 463 4402 garos
484 4328 514 4384 P
534 4343 620 4400 germ
639 4326 707 4382 ML
730 4323 820 4397 gripor
844 4345 900 4387 ecc.
921 4327 1003 4386 Obor.
1023 4347 1054 4401 p.
1074 4335 1139 4397 550,
1157 4333 1208 4396 31,
1230 4345 1331 4401 gerum
1356 4327 1464 4387 Oloris.

127 4425 158 4478 p.
178 4410 226 4476 34,
244 4412 282 4466 30
356 4417 390 4466 11
409 4409 532 4482 legimus
551 4407 581 4464 P
651 4412 684 4463 12
705 4408 856 4483 maturius]
876 4414 1005 4466 maturus
1026 4409 1054 4464 P
1125 4407 1277 4464 dicendum
1295 4425 1346 4466 om.
1367 4409 1396 4464 P

131 4493 230 4545 umen
249 4505 301 4548 om.
322 4489 362 4546 M
427 4490 504 4563 apud
524 4505 576 4545 orn.
595 4487 622 4543 L
698 4495 730 4546 18
750 4489 870 4565 dietum]
891 4490 1042 4548 dicendum
1064 4489 1093 4544 P
1164 4495 1199 4545 it
1217 4487 1397 4546 maumonii
1416 4491 1465 4551 sL

131 4570 204 4628 feeit
221 4571 302 4628 muni
320 4571 392 4628 ΡΜ
463 4577 497 4628 le
516 4569 696 4642 declinantur
714 4569 744 4626 P
814 4579 846 4628 17
866 4571 1072 4629 defecialiuum
1091 4569 1160 4624 PM
1239 4576 1272 4627 18
1292 4570 1413 4627 amiani
1430 4572 1469 4627 Μ

130 4651 304 4724 perueniunt
322 4651 378 4708 PL
457 4658 490 4709 tt
510 4651 684 4723 complicare
706 4651 734 4709 P
811 4660 846 4710 ii
865 4651 1016 4711 meandum
1035 4667 1092 4706 non
1110 4647 1213 4706 iecisse
1232 4650 1258 4704 L
1332 4657 1367 4708 ab
1385 4655 1464 4710 totns

131 4733 177 4789 est
195 4731 236 4788 Μ
307 4739 341 4790 it
361 4753 449 4792 unum
467 4735 580 4792 lantum
599 4732 628 4789 P
710 4742 745 4794 28
765 4737 817 4794 sub
836 4735 945 4794 aeoliae
964 4733 1012 4795 sL
1085 4737 1120 4788 aa
1140 4731 1298 4804 campolum
1318 4733 1358 4789 Μ
1378 4734 1465 4790 enrri-

132 4813 208 4870 oium
224 4813 254 4870 P
309 4821 344 4872 30
364 4817 453 4890 quod]
473 4817 522 4888 qul
542 4816 571 4872 P
627 4819 756 4890 usurpmi
776 4819 814 4874 Μ
