3616 5482
603 320 653 378 nu
675 319 973 380 ouunocnlrmn
1387 323 1455 414 too

42 441 45 446 ·
117 435 140 476 p.
154 425 210 468 2196
223 424 251 466 1².

118 499 200 592 ‹iuod
224 519 273 574 est
295 500 437 592 urgrmre.
475 529 586 592 urgere
610 511 691 573 enlm
715 510 859 592 dicimus,
881 527 943 572 non
965 527 1112 591 urguere:
1135 510 1285 594 Vergillus
1308 508 1457 594 ‘turgen-

119 627 177 694 tur
200 613 359 702 poenis'.
396 621 461 682 sine
485 639 507 685 u
530 623 663 703 positum
688 629 789 684 estet
812 619 900 704 illud,

282 763 421 828 ungere
445 742 647 810 tele'manu
670 747 884 831 ferrumque
908 763 1050 808 armare
1074 765 1222 810 veneno.

56 853 65 866 ’
118 891 189 934 nem
212 873 376 953 quominus
400 891 503 954 unguo
528 871 636 936 debeat
659 872 719 935 dici
743 871 900 936 evidenter
923 883 1061 958 apparet,
1086 874 1165 957 quod
1190 873 1307 938 nullum
1331 872 1457 937 verbum

90 988 166 1043 sest
193 999 234 1043 uo
265 983 459 1045 terminatum
487 983 550 1044 sive
578 983 705 1045 iunctim
729 983 792 1044 sive
817 979 928 1063 solute,
957 990 991 1046 ut
1020 1002 1081 1046 non
1105 982 1232 1046 eandem
1256 1003 1276 1046 u
1301 991 1402 1046 servet
1425 985 1457 1046 in

116 1091 299 1174 praeterito,
334 1098 369 1153 ut
397 1091 482 1153 volvo
511 1090 602 1174 volvi,
635 1107 711 1152 eruo
740 1091 815 1152 enti.
861 1109 943 1172 ungo
971 1110 1043 1154 reto
1071 1110 1133 1155 non
1161 1094 1269 1176 ungui,
1302 1092 1356 1155 sed
1384 1094 1458 1156 unxi

209 1336 224 1384 1
251 1329 329 1401 qnod
352 1330 397 1386 est
419 1345 540 1402 nrgnere
558 1327 587 1384 B
612 1327 687 1400 quod
712 1329 757 1384 est
779 1345 880 1400 urgere
898 1329 927 1386 A
946 1345 1021 1401 qnee
1041 1333 1084 1388 est
1102 1347 1223 1404 urguere
1243 1330 1268 1387 0
1342 1331 1457 1402 urgenti

120 1412 277 1484 poenioG.
302 1413 382 1486 Verp.
401 1413 473 1469 Aen.
498 1411 546 1467 VI
563 1415 618 1467 561
692 1409 998 1484 isineu]siceni1n
1017 1415 1045 1469 A
1119 1419 1262 1485 iungere
1280 1411 1332 1471 sA
1356 1429 1457 1484 urgere

114 1494 186 1553 Bo.
207 1495 288 1568 Verp.
303 1497 374 1554 Aen
395 1493 508 1550 VIIII
520 1498 576 1550 770
631 1489 772 1584 lungun]
792 1491 909 1564 ongoo
961 1492 1163 1564 quotinnllmn
1178 1495 1206 1552 A
1226 1491 1459 1565 quianullumO

10 1625 16 1636 .
116 1593 190 1647 qnos
216 1580 298 1648 (corr.
323 1575 402 1649 qnia)
426 1575 537 1632 nnllnm
560 1573 589 1629 B
681 1571 783 1628 tsine
806 1571 927 1629 iunctim
950 1573 1010 1631 sine
1034 1573 1126 1632 solute
1152 1561 1258 1631 Ocius
1280 1572 1371 1630 innoti
1395 1574 1456 1630 tine

116 1657 209 1714 solute
229 1659 257 1712 A
276 1657 337 1714 sine
355 1657 486 1713 iunctum
504 1655 565 1712 sine
585 1654 711 1712 solutum
726 1669 795 1710 sorr.
812 1653 873 1710 siue
887 1654 1007 1712 innotim
1023 1657 1084 1714 sine
1098 1656 1191 1713 solute
1204 1654 1233 1711 B
1253 1655 1314 1711 siue
1333 1654 1454 1711 iunctim

115 1736 176 1792 siue
195 1737 314 1794 tolutim
333 1753 351 1798 ς
369 1744 395 1794 ct
413 1737 499 1794 codex
517 1735 671 1792 Bermeost's
688 1739 777 1792 ets
839 1742 856 1793 u
879 1753 956 1808 nugo
982 1753 1048 1793 nero
1066 1737 1095 1793 B
1118 1753 1215 1810 unguo
1233 1752 1302 1792 nero
1320 1733 1390 1792 Ao,
1417 1736 1455 1804 es.

115 1817 256 1874 Μυσίαι.
280 1818 299 1874 ί.
320 1817 352 1873 X
371 1834 403 1889 p.
422 1821 489 1884 503,
507 1822 550 1874 16.
582 1835 650 1874 nem
673 1833 768 1889 unguo
793 1817 878 1873 Nisus
903 1817 1018 1888 quidem
1043 1823 1073 1876 st
1095 1819 1264 1892 Pnpiricnns
1287 1820 1318 1874 et
1345 1817 1455 1874 Probus

115 1903 176 1956 turn
194 1897 285 1970 ungui
308 1914 394 1969 qoem
412 1895 483 1953 nnxi
500 1896 601 1954 dicunt
622 1897 718 1956 fecem
736 1897 906 1970 praeterito,
926 1897 1070 1955 Charisius
1089 1915 1156 1956 vero
1175 1897 1244 1956 unxi
1267 1900 1381 1956 tentum

24 2133 243 2237 em
1029 2209 1035 2230 ,

83 2251 689 2466 ‘iiiuiuu'i
729 2338 793 2463 'sl
761 2285 1276 2466 vulturnu

487 2551 550 2620 Dii
573 2550 602 2618 Β
625 2551 754 2620 MVTA
776 2551 835 2621 ΕΤ
858 2552 890 2622 V
912 2551 1080 2623 VOOALI

209 2768 313 2830 Artem
335 2765 458 2850 quidem
481 2767 707 2848 grammaticam
726 2767 839 2830 nostris
859 2766 1035 2830 auctoribus
1053 2777 1137 2832 recte
1156 2768 1310 2834 scribendi
1328 2768 1453 2853 loquen-

115 2877 207 2960 dique
226 2877 323 2959 grotie
341 2877 439 2938 risum
459 2875 517 2938 luit
542 2875 685 2936 insistere
705 2882 736 2936 et
759 2873 972 2938 illustrissimis
991 2879 1055 2940 suls
1075 2890 1130 2940 nos
1149 2877 1311 2942 conlucere
1335 2879 1452 2944 sudori-

90 2984 188 3068 sbus,
212 2992 247 3047 ut
270 2984 429 3047 manifeste
452 2981 520 3046 luce
544 3001 599 3066 per
623 3001 729 3046 eorum
753 2981 874 3066 regulos
901 2983 1075 3066 gradientes
1103 2989 1168 3049 sine
1193 2986 1322 3068 quodam
1347 3007 1452 3052 errore

116 3096 199 3175 signo
222 3095 360 3175 rhrnque
385 3089 556 3155 litterarum
580 3109 752 3172 sequemur.
796 3091 940 3168 tentem
964 3093 1109 3180 litteren,
1142 3114 1232 3184 quom
1256 3099 1314 3179 ipsi
1338 3106 1458 3172 mutarn
1529 3119 1535 3131 ·

116 3205 270 3265 nominare
300 3200 486 3285 meluerunt,
513 3208 544 3263 et
573 3219 590 3260 v
615 3198 763 3281 vocalem,
791 3219 881 3283 quum
911 3203 983 3284 poni
1012 3221 1102 3286 saepe
1130 3222 1187 3286 pro
1211 3206 1277 3268 elus
1301 3213 1450 3288 potestate

116 3311 340 3394 cognoscimus,
360 3329 420 3374 nou
440 3309 616 3393 diligentius
636 3311 815 3372 exercitatas
836 3309 961 3392 dedere,
985 3329 1045 3392 quo
1066 3311 1154 3374 modo
1173 3315 1292 3376 cunctis
1312 3313 1450 3377 dictioni·

116 3417 170 3482 bus
193 3419 290 3481 inseri
313 3417 457 3502 debeant,
481 3419 584 3480 nescio
608 3435 667 3500 qun
691 3416 728 3480 de
753 3436 851 3481 cause.
890 3426 941 3480 eut
965 3420 1046 3480 enim
1070 3418 1197 3482 huiusce
1222 3422 1323 3503 operis
1347 3433 1449 3486 aucto-

81 3545 164 3592 rores
193 3525 295 3610 latuit,
323 3536 375 3590 eut
399 3545 449 3590 eas
473 3535 685 3608 contempsere
709 3527 795 3607 quasi
825 3524 905 3588 leues
929 3537 981 3588 eut
1005 3536 1039 3612 ut
1063 3535 1161 3588 certos
1192 3529 1266 3610 ipsis
1290 3530 1450 3612 neglexere

115 3638 250 3700 nimium.
280 3625 341 3700 ¹secl
360 3638 503 3718 quoniam
524 3653 580 3698 nec
605 3635 662 3698 tale
684 3633 817 3696 sutilium
837 3637 1016 3717 cuiusquam
1040 3635 1209 3716 inspexisse
1229 3643 1450 3724 cognoscimus,

116 3753 146 3807 et
168 3763 245 3825 quoe
266 3743 343 3826 apud
368 3742 435 3806 illos
458 3743 582 3806 humilis
603 3741 821 3824 manifesteque
845 3753 929 3826 sunt,
952 3743 1030 3826 apud
1056 3760 1112 3806 nos
1135 3761 1241 3826 magne
1266 3754 1297 3808 et
1320 3746 1449 3811 obscure

116 3855 300 3937 consistunt,
317 3851 418 3936 placet
436 3852 493 3914 hoc
513 3851 730 3916 commentario
749 3859 854 3912 nostro
874 3853 1006 3933 acceptis
1025 3850 1192 3915 seminibus
1217 3852 1253 3914 ab
1273 3854 1448 3920 Adamantio

114 3979 181 4024 meo
204 3969 306 4044 petre,
330 3963 382 4044 qui
406 3962 596 4026 sanctissimo
619 3958 858 4041 gravissimoque
886 3959 998 4021 iudicio
1022 3968 1127 4022 errotor
1156 3959 1324 4044 doctorque
1349 3963 1448 4028 elocu-

203 4197 239 4256 N
253 4199 338 4258 codex
355 4199 564 4271 Neapolitanus
584 4195 636 4252 IV
651 4195 680 4252 A
698 4202 733 4254 11
885 4285 887 4288 Ι

81 4341 87 4354 ,
205 4287 236 4344 Ρ
252 4289 337 4346 codem
357 4289 511 4357 Potitium,
529 4304 606 4345 ιιαισ
626 4289 807 4346 Memnoneis
827 4293 884 4345 766

207 4389 220 4436 t
250 4377 466 4436 ADAMANTII
494 4375 577 4434 stus
604 4377 791 4436 MARTYRli
817 4378 867 4436 Dii
892 4378 1011 4436 PRIMA
1039 4379 1196 4436 NOMINIS
1226 4379 1396 4439 SYLLABA
1425 4384 1453 4440 P

150 4461 306 4519 immenti
324 4461 358 4517 N
428 4465 445 4515 e
465 4458 581 4531 quidem
600 4457 629 4513 P
644 4458 814 4531 quibusdem
833 4459 868 4515 N
936 4463 1014 4518 recte
1032 4459 1229 4532 scribendique
1253 4462 1349 4533 gretie
1367 4481 1449 4521 snum

116 4544 169 4602 init
187 4544 239 4610 Ρ,
273 4540 435 4600 erlebeent
454 4540 483 4596 P
500 4539 605 4596 debent
623 4539 658 4596 N
715 4543 766 4597 ent
785 4540 861 4597 enim
879 4540 997 4598 huiusce
1017 4540 1108 4613 operis
1127 4544 1242 4599 sutores
1262 4541 1348 4600 lntuit
1367 4543 1396 4598 P
1413 4561 1449 4602 nn
1556 4540 1568 4564 ⁸

117 4627 190 4684 enim
203 4626 288 4685 huius
303 4623 396 4698 operio
410 4625 511 4680 enetos
526 4639 576 4679 nos
592 4621 678 4679 lntnit
694 4621 730 4677 N
782 4628 815 4678 11
836 4620 983 4679 cniusdam
1000 4621 1066 4677 NP
1118 4628 1152 4677 14
1170 4624 1254 4694 petre
1268 4623 1449 4682 sanctissimo

118 4707 164 4777 qni
186 4708 268 4780 gravi
294 4721 463 4777 summoque
486 4702 592 4761 indicio
616 4707 700 4760 sutor
722 4703 880 4776 ductorque
904 4702 1072 4760 elocutionis
1095 4701 1202 4760 letinae
1226 4703 1304 4761 visne
1326 4709 1370 4762 est
1392 4724 1449 4763 non

118 4787 219 4846 futtilis
232 4787 283 4860 qni
301 4785 451 4844 menndine
470 4784 572 4857 plenus
587 4784 660 4842 nulli
677 4801 768 4856 paene
782 4787 911 4844 veterum
926 4781 1093 4841 elocutionis
1108 4781 1214 4841 lntinne
1230 4783 1328 4857 pnite·
1341 4786 1449 4858 primns

119 4869 191 4926 vitus
210 4873 255 4927 est
273 4866 445 4926 concessisse
463 4867 605 4938 quentnm
623 4871 726 4927 nature
746 4867 775 4923 P
847 4863 1000 4925 elocutioni
1019 4864 1053 4922 N
