3616 5482
340 328 405 396 122
913 318 1102 391 senonen

224 439 226 446 ⁴
338 443 361 484 p.
375 433 429 476 tm
443 435 470 476 P.

429 519 641 604 Temperantia
666 527 713 583 εει
737 523 915 612 animorum,
940 523 1118 606 temperatio
1142 540 1255 607 rerum,
1279 525 1443 608 temperies
1466 540 1618 588 aurarum

427 627 544 691 Passim
568 627 680 710 aliquid
704 629 833 692 inveniri
856 629 893 694 de
917 649 951 694 re
976 629 1125 714 corporali
1154 640 1237 696 recte
1261 631 1403 717 dicimus,
1432 633 1544 696 allatim
1568 629 1604 693 de
1637 649 1671 693 re

339 737 530 821 incorporali.
567 735 642 800 illud
666 739 746 799 enim
770 736 808 800 de
832 739 963 821 incessu,
986 739 1043 802 boc
1067 738 1105 803 de
1129 741 1239 804 allectu
1263 739 1377 804 dictum
1401 749 1457 804 est.

428 845 529 929 Lepus
553 845 662 910 animal
685 853 740 929 est,
764 845 849 929 lepos
872 847 1043 912 iucunditas
1068 848 1238 933 voluptatis,
1262 847 1343 912 xinde
1367 857 1398 913 ει
1416 858 1536 932 gratum
1555 849 1669 932 aliquid

340 953 473 1036 lepidum
497 953 627 1018 dicimus
651 951 749 1037 [lepos
774 953 910 1036 eloquii].
1688 979 1702 1022 s

428 1062 602 1145 Recipimus
626 1062 737 1146 aliquid
761 1061 959 1126 deferendum
983 1067 1090 1148 rogati,
1112 1067 1296 1148 suscipimus
1320 1073 1425 1128 nostra
1447 1074 1564 1148 sponte.

428 1171 598 1253 Aspicimus
608 1189 741 1256 sursum,
754 1173 959 1254 conspicimus
967 1172 1072 1256 palam,
1088 1175 1269 1256 respicimus
1279 1181 1372 1255 retro,
1386 1175 1564 1257 inspicimus
1575 1177 1668 1238 intus.

399 1325 402 1332 ι
427 1281 589 1344 Praeterea
608 1283 754 1364 temporis
773 1282 939 1364 praeteriti,
959 1280 1119 1345 Sallustius
1134 1276 1345 1364 ‘numquam
1364 1280 1547 1365 llispanos
1566 1302 1671 1366 prae·
1765 1299 1770 1305 ·

338 1400 442 1454 terea
466 1390 541 1455 tale
566 1391 711 1454 lacinus
735 1390 870 1452 iecisse
896 1384 1055 1473 [audivi]’,
1079 1391 1226 1474 temporis
1250 1392 1346 1455 iuturi

500 1509 696 1582 praeterea
720 1507 780 1561 aut
804 1497 959 1580 supplex
983 1501 1059 1562 aris
1083 1503 1247 1580 imponet
1269 1502 1453 1562 bonorem.
1685 1527 1714 1566 ιο

429 1609 473 1671 Εο
502 1607 628 1672 verbum
657 1609 772 1690 primae
800 1625 947 1689 personae
977 1607 1049 1671 iacit
1072 1626 1108 1670 eo
1132 1611 1158 1670 is
1182 1611 1214 1672 it.
1258 1608 1316 1671 ebo
1340 1607 1517 1673 adverbium
1541 1611 1671 1672 intorro-

341 1719 438 1800 gantis
468 1725 529 1798 est,
556 1723 591 1779 ut
619 1711 701 1778 ‘ebo
730 1713 907 1778 Parmeno
936 1709 1062 1778 nosti'.
1109 1735 1145 1778 εο
1176 1718 1249 1778 item
1278 1715 1453 1781 adverbium
1481 1717 1554 1801 loci,
1582 1727 1617 1780 ut
1645 1721 1672 1780 si

338 1824 420 1888 dicas
444 1819 492 1886 ‘eo
517 1821 657 1887 redactus
681 1819 770 1886 sum'.
808 1822 867 1886 heu
891 1825 1063 1887 interiectio
1083 1823 1213 1887 dolentis
1232 1835 1288 1908 εει,
1311 1844 1350 1888 eu
1369 1825 1533 1890 laudantis:
1556 1825 1671 1889 Teren·

339 1937 400 1999 tius
429 1929 491 1997 ‘eu
519 1927 715 1996 Phormio'.
762 1931 838 1994 bens
867 1931 1043 1996 adverbium
1072 1935 1221 2018 vocantis,
1250 1934 1310 1997 beu
1345 1935 1565 2017 respondentis.
1612 1936 1671 1998 ebo

337 2053 385 2108 ast
414 2043 585 2106 interiectio
613 2040 746 2105 iubentis
775 2041 820 2104 rel
849 2041 1013 2105 hortantis:
1045 2041 1207 2107 Terentius
1236 2037 1321 2106 ‘ebo
1352 2062 1458 2127 puer,
1488 2063 1597 2108 curre
1628 2045 1670 2106 ad
1688 2071 1717 2111 ιε

286 2173 290 2180 ·
336 2143 580 2215 Bacchidem'.

429 2259 535 2322 Limen
560 2257 679 2322 aedium
702 2257 764 2343 est,
787 2259 874 2322 limes
898 2262 1065 2342 regionum.

429 2367 553 2431 Arunda
568 2375 663 2430 canna
678 2375 726 2431 est
739 2367 776 2430 ab
791 2366 929 2432 ariditate
951 2368 1040 2453 dicta,
1063 2369 1201 2434 berundo
1226 2373 1288 2434 avis
1312 2388 1388 2454 quae
1408 2372 1500 2452 tignis
1519 2371 1670 2434 adhaeret.

429 2476 551 2559 spirare
577 2477 676 2538 virere
700 2485 756 2560 εει,
780 2479 933 2560 exspirare
958 2481 1043 2541 morl.

428 2585 598 2648 Pertinacia
623 2584 717 2648 malae
741 2588 786 2648 rei
810 2590 1033 2668 perseverantia
1057 2588 1183 2673 dicitnr,
1208 2591 1375 2653 constantia
1399 2588 1505 2652 bonae.
1684 2616 1718 2657 so

429 2694 652 2776 Consequimur
680 2691 823 2778 pedibus,
846 2691 1043 2776 adsequimur
1066 2697 1179 2780 studio,
1208 2697 1406 2779 obsequimur
1429 2697 1538 2773 olilcio,
1562 2716 1665 2779 perse·

339 2806 461 2887 quimur
484 2805 603 2886 iniuria,
627 2801 843 2886 subsequimur
866 2803 982 2887 ordine,
1006 2808 1220 2888 prosequimur
1244 2815 1322 2867 voto.

427 2911 507 2974 Nibil
541 2910 714 2975 adverbium
748 2919 808 2995 est,
847 2911 932 2975 nihili
965 2931 1084 2976 nomen.
1136 2914 1225 2977 bomo
1264 2915 1345 2976 enim
1380 2913 1494 2977 nullius
1526 2919 1671 2978 momenti

338 3021 424 3086 nibili
447 3021 567 3084 dicitur.

429 3128 532 3193 Genus
555 3127 693 3206 familiae,
717 3138 838 3212 gentem
862 3131 995 3210 regionis
1019 3137 1103 3192 recte
1127 3128 1264 3194 dicimus.
1685 3161 1718 3202 as

431 3339 445 3390 1
466 3330 682 3405 Temperantia]
706 3331 739 3388 in
761 3333 877 3402 reliquis
901 3332 1028 3389 lectiones
1050 3331 1154 3388 rodina
1173 3331 1208 3401 G,
1231 3333 1312 3390 auitas
1334 3335 1476 3406 scripturo
1498 3336 1531 3392 in
1549 3340 1672 3392 εειεεεια

334 3417 448 3489 popina
464 3416 572 3487 purtim
586 3415 675 3470 deleta
688 3419 811 3482 eat,·non
825 3414 984 3484 adscriptae
996 3419 1063 3470 aunt
1137 3414 1295 3472 animorum
1310 3417 1354 3473 εει
1366 3415 1395 3471 Β
1469 3422 1485 3473 t
1504 3415 1628 3473 inueniri
1641 3416 1671 3471 Β

337 3497 465 3556 inuenire
485 3497 524 3552 M
594 3511 625 3550 ra
639 3497 793 3565 posteriore
811 3496 869 3551 loeo
887 3511 939 3551 cn.
952 3495 987 3558 ,Β
1060 3499 1076 3549 3
1096 3495 1150 3550 hoc
1169 3494 1204 3552 de
1223 3496 1328 3554 affecta
1348 3498 1458 3554 dicium
1477 3501 1539 3568 (ons.
1559 3497 1614 3568 εει)
1634 3498 1674 3552 M

337 3581 391 3637 hoe
409 3579 445 3636 de
464 3577 569 3634 affectu
588 3575 696 3632 dictum
716 3580 760 3632 εει
779 3576 825 3633 εει
844 3574 879 3632 de
897 3575 960 3632 fatu
978 3576 1007 3630 Β
1025 3576 1079 3631 hoc
1098 3575 1134 3631 da
1153 3575 1242 3633 affatu
1262 3577 1371 3636 dictum
1390 3595 1407 3638 ς
1457 3599 1461 3604 ·
1480 3584 1496 3634 5
1515 3578 1597 3650 lepos
1610 3578 1671 3635 elo-

338 3661 400 3732 quii
417 3657 669 3728 on.1s,aaa.M
742 3664 758 3714 t
781 3657 958 3730 suscepimus
976 3657 1005 3714 Β
1080 3657 1238 3730 laureum]
1265 3659 1434 3731 suspicimus
1451 3658 1481 3715 Β
1554 3665 1671 3716 8num·
1696 3713 1699 3716 .

339 3741 410 3812 quid
428 3740 565 3813 hispanos
580 3739 618 3795 M
630 3757 786 3810 numquam
800 3741 910 3812 hispan*
924 3740 965 3798 B:
986 3741 1101 3798 Sallust.
1118 3741 1200 3798 Outai.
1215 3745 1262 3809 19,
1277 3746 1294 3798 5
1368 3747 1384 3796 9
1403 3740 1505 3798 iecisse
1520 3739 1618 3797 audiui
1634 3741 1673 3796 Μ

336 3823 439 3880 iecisse
458 3820 579 3893 cognoui
597 3819 626 3875 Β
701 3826 734 3877 10
753 3822 913 3895 praeterea]
939 3821 1019 3894 Verp.
1039 3824 1108 3879 Aen.
1130 3823 1204 3878 149
1277 3822 1346 3895 aris]
1366 3821 1422 3879 sris
1439 3821 1468 3878 Β
1541 3820 1672 3895 imponat

337 3907 474 3962 honorem
492 3919 543 3958 orn.
565 3899 649 3970 ΜΒ,
669 3901 773 3957 icauna
791 3904 823 3958 in
844 3905 882 3959 M
898 3905 1003 3960 relicta.
1032 3905 1163 3961 uidentur
1177 3909 1269 3960 autem
1283 3909 1430 3975 praetereo
1448 3905 1582 3960 εεειιιιεεε
1600 3922 1672 3976 quac

336 3989 416 4061 aperi
435 3984 589 4057 Verpsliune
606 3983 772 4038 annmdnnt
790 3987 820 4040 ει
839 3985 992 4057 quisquam
1007 4002 1116 4058 pumen
1134 3985 1248 4041 lunonis
1268 3985 1370 4042 adorem
1442 3991 1475 4041 11
1497 3985 1551 4042 aho
1569 3984 1672 4042 aduer-

337 4070 417 4127 bium
439 4097 476 4110 -
492 4063 575 4121 nosti
594 4069 659 4135 post
675 4069 707 4120 13
727 4065 859 4122 redactus
885 4085 946 4123 snm
970 4073 996 4124 et
1018 4068 1075 4124 hau
1098 4064 1259 4122 interiectio
1279 4097 1315 4108 —
1338 4065 1535 4140 respondentis
1555 4071 1620 4137 post
1637 4073 1671 4123 16

336 4147 508 4206 Bacchidem
527 4146 703 4217 transposuit
722 4145 871 4203 Patrobios
954 4155 988 4204 12
1008 4149 1041 4204 ni
1059 4153 1123 4203 ante
1142 4147 1196 4203 eho
1215 4163 1265 4203 orn.
1284 4146 1327 4203 B:
1349 4147 1457 4203 Terent.
1477 4145 1608 4204 Eunncli.
1628 4147 1674 4202 H

337 4239 364 4303 3,
384 4238 422 4290 60
495 4227 627 4302 parmino
647 4227 675 4282 B
738 4230 772 4284 nt
790 4234 855 4285 αειιε
874 4229 899 4286 si
918 4245 969 4286 om.
988 4228 1017 4284 Β
1093 4235 1125 4284 13
1145 4228 1301 4302 laudantis]
1320 4228 1468 4285 laiidantia
1486 4227 1515 4283 Β
1582 4233 1616 4284 14
1634 4243 1672 4284 eu

337 4313 475 4372 formius
499 4329 535 4368 au
557 4325 694 4382 parmeno
715 4310 753 4364 M
774 4327 810 4365 en
829 4307 951 4367 iarmino
969 4312 997 4367 Β
1022 4328 1058 4368 eu
1075 4310 1220 4368 Phormio.
1248 4310 1339 4367 idam:
1360 4327 1396 4366 eu
1413 4311 1510 4365 noster
1530 4308 1617 4367 laudo
1634 4327 1667 4380 p:

340 4397 448 4452 Terent.
469 4394 581 4449 Phoron.
602 4391 667 4446 ΙΙΙ
683 4396 765 4459 1,14
844 4395 883 4448 eu'
897 4392 1096 4463 respondentia
1114 4392 1143 4447 Β
1223 4407 1256 4448 eo
1276 4393 1320 4448 εει
1337 4389 1498 4448 interiectio
1520 4391 1557 4446 M
1573 4406 1607 4446 ao
1627 4395 1673 4448 εει

338 4479 368 4532 ει
386 4473 545 4532 interiectio
564 4474 593 4529 Β
677 4481 709 4530 ιι
730 4491 764 4531 εο
783 4489 853 4546 puar
873 4473 912 4529 Μ
916 4473 957 4528 B:
980 4473 1086 4530 Terent.
1107 4474 1209 4546 Hecyr.
1230 4473 1316 4529 IIII
1332 4477 1359 4540 4,
1377 4477 1416 4529 97
1502 4477 1534 4528 18
1554 4471 1671 4528 mdo

338 4575 430 4614 canna
449 4559 493 4614 εει
515 4555 552 4611 ab
570 4555 707 4613 ariditate
725 4556 803 4611 dicta
826 4552 967 4626 (harundo
991 4554 1080 4611 telum
1102 4573 1117 4612 ε
1137 4571 1228 4611 muna
1247 4555 1311 4610 add.
1331 4557 1375 4625 pi.
1400 4553 1522 4610 hirundo
1546 4550 1608 4607 suia
1627 4557 1672 4609 esi

338 4654 412 4710 quaa
431 4636 519 4710 tignis
538 4635 684 4693 adhaeret.
712 4635 814 4692 hirudo
833 4635 1009 4706 sanguisuga
1028 4635 1134 4692 dicitnr
1153 4653 1193 4706 sp
1303 4633 1431 4691 harundo
1454 4631 1516 4690 anie
1540 4650 1613 4704 quae
1634 4635 1675 4690 M

336 4717 460 4775 hirundo
483 4717 546 4774 anis
570 4722 614 4774 εει
637 4733 710 4788 quaa
734 4717 762 4773 Β
852 4723 886 4773 19
910 4716 1041 4787 expirare
1064 4717 1137 4772 mori
1160 4731 1177 4776 ς
1200 4714 1344 4787 exspirare
1367 4715 1457 4771 emori
1481 4715 1520 4770 M
1541 4715 1672 4786 expirare

338 4797 428 4856 emori
446 4798 474 4854 Β
538 4803 574 4852 20
592 4797 755 4855 Pertinacia
773 4799 850 4855 mala
867 4799 910 4855 rei
928 4796 1004 4854 actio
1019 4796 1236 4853 Peraeuerantia
1253 4794 1358 4852 dicitur
1371 4795 1534 4853 constantia
1551 4794 1629 4852 bona
1642 4795 1672 4852 Β

340 4888 374 4939 ‘21
394 4879 579 4952 obsequimur
599 4909 633 4920 -
651 4881 719 4936 roto
738 4897 790 4939 on.
808 4878 838 4935 Β
911 4885 945 4936 22
964 4879 1175 4954 prosequimur]
1196 4877 1378 4951 adsequimur
1397 4879 1436 4934 M
