<?xml version="1.0" encoding="UTF-8"?>
<!DOCTYPE html PUBLIC "-//W3C//DTD XHTML 1.0 Transitional//EN"
    "http://www.w3.org/TR/xhtml1/DTD/xhtml1-transitional.dtd">
<html xmlns="http://www.w3.org/1999/xhtml" xml:lang="en" lang="en">
 <head>
  <title>
</title>
<meta http-equiv="Content-Type" content="text/html;charset=utf-8" />
  <meta name='ocr-system' content='tesseract 3.04.00' />
  <meta name='ocr-capabilities' content='ocr_page ocr_carea ocr_par ocr_line ocrx_word'/>
</head>
<body>
  <div class='ocr_page' id='page_1' title='image "./grammaticilatin00unkngoog/grammaticilatin00unkngoog_0035.png"; bbox 0 0 3610 5482; ppageno 0'>
   <div class='ocr_carea' id='block_1_1' title="bbox 257 321 1183 524">
    <p class='ocr_par' dir='ltr' id='par_1_1' title="bbox 257 321 1183 524">
     <span class='ocr_line' id='line_1_1' title="bbox 257 321 1183 438; baseline -0.002 -10"><span class='ocrx_word' id='word_1_1' title='bbox 257 331 260 338; x_wconf 70' lang='grc'><strong><em>’</em></strong></span> <span class='ocrx_word' id='word_1_2' title='bbox 349 369 393 438; x_wconf 80' lang='lat'>20</span> <span class='ocrx_word' id='word_1_3' title='bbox 517 321 563 396; x_wconf 42' lang='lat'>¹·</span> <span class='ocrx_word' id='word_1_4' title='bbox 850 369 1029 428; x_wconf 83' lang='lat' dir='ltr'>runnurn</span> <span class='ocrx_word' id='word_1_5' title='bbox 1049 369 1183 432; x_wconf 76' lang='lat' dir='ltr'>scanni</span> 
     </span>
     <span class='ocr_line' id='line_1_2' title="bbox 349 473 480 524; baseline -0.015 -8"><span class='ocrx_word' id='word_1_6' title='bbox 349 485 371 524; x_wconf 73' lang='lat' dir='ltr'>p.</span> <span class='ocrx_word' id='word_1_7' title='bbox 386 473 441 516; x_wconf 71' lang='lat' dir='ltr'>titt</span> <span class='ocrx_word' id='word_1_8' title='bbox 455 473 480 514; x_wconf 82' lang='lat' dir='ltr'>P.</span> 
     </span>
    </p>
   </div>
   <div class='ocr_carea' id='block_1_2' title="bbox 348 553 1801 968">
    <p class='ocr_par' dir='ltr' id='par_1_2' title="bbox 348 553 1801 968">
     <span class='ocr_line' id='line_1_3' title="bbox 349 553 1684 642; baseline -0.002 -20"><span class='ocrx_word' id='word_1_9' title='bbox 349 558 537 622; x_wconf 87' lang='lat' dir='ltr'>adiciendam</span> <span class='ocrx_word' id='word_1_10' title='bbox 556 553 580 640; x_wconf 94' lang='lat'>†</span> <span class='ocrx_word' id='word_1_11' title='bbox 600 557 742 638; x_wconf 84' lang='lat' dir='ltr'>qrroniam</span> <span class='ocrx_word' id='word_1_12' title='bbox 762 559 772 619; x_wconf 96' lang='lat' dir='ltr'>i</span> <span class='ocrx_word' id='word_1_13' title='bbox 791 575 851 620; x_wconf 92' lang='lat' dir='ltr'>non</span> <span class='ocrx_word' id='word_1_14' title='bbox 871 557 951 621; x_wconf 93' lang='lat' dir='ltr'>allud</span> <span class='ocrx_word' id='word_1_15' title='bbox 972 566 1079 642; x_wconf 90' lang='lat' dir='ltr'>putant</span> <span class='ocrx_word' id='word_1_16' title='bbox 1098 575 1165 622; x_wconf 90' lang='lat' dir='ltr'>esse</span> <span class='ocrx_word' id='word_1_17' title='bbox 1185 576 1274 640; x_wconf 89' lang='lat' dir='ltr'>quam</span> <span class='ocrx_word' id='word_1_18' title='bbox 1293 557 1418 620; x_wconf 88' lang='lat' dir='ltr'>alterius</span> <span class='ocrx_word' id='word_1_19' title='bbox 1439 559 1513 622; x_wconf 90' lang='lat' dir='ltr'>ierrl</span> <span class='ocrx_word' id='word_1_20' title='bbox 1532 575 1601 622; x_wconf 86' lang='lat' dir='ltr'>cum</span> <span class='ocrx_word' id='word_1_21' title='bbox 1624 557 1684 620; x_wconf 90' lang='lat' dir='ltr'>hoc</span> 
     </span>
     <span class='ocr_line' id='line_1_4' title="bbox 348 664 1801 750; baseline 0.001 -23"><span class='ocrx_word' id='word_1_22' title='bbox 348 665 441 730; x_wconf 84' lang='lat' dir='ltr'>verbo</span> <span class='ocrx_word' id='word_1_23' title='bbox 471 669 537 730; x_wconf 89' lang='lat' dir='ltr'>sine</span> <span class='ocrx_word' id='word_1_24' title='bbox 566 665 753 730; x_wconf 78' lang='lat' dir='ltr'><strong>dubitatione</strong></span> <span class='ocrx_word' id='word_1_25' title='bbox 782 669 942 748; x_wconf 88' lang='lat' dir='ltr'>aspiretur.</span> <span class='ocrx_word' id='word_1_26' title='bbox 989 677 1079 749; x_wconf 91' lang='lat' dir='ltr'>negat</span> <span class='ocrx_word' id='word_1_27' title='bbox 1102 665 1196 730; x_wconf 87' lang='lat' dir='ltr'>Varro</span> <span class='ocrx_word' id='word_1_28' title='bbox 1226 667 1316 729; x_wconf 90' lang='lat' dir='ltr'>etiam</span> <span class='ocrx_word' id='word_1_29' title='bbox 1340 664 1454 750; x_wconf 73' lang='lat' dir='ltr'>Grgrco</span> <span class='ocrx_word' id='word_1_30' title='bbox 1478 666 1686 750; x_wconf 80' lang='lat' dir='ltr'>aspirandum,</span> <span class='ocrx_word' id='word_1_31' title='bbox 1797 699 1801 750; x_wconf 45' lang='grc' dir='ltr'><strong>χ</strong></span> 
     </span>
     <span class='ocr_line' id='line_1_5' title="bbox 349 773 1686 858; baseline -0.001 -19"><span class='ocrx_word' id='word_1_32' title='bbox 349 778 522 858; x_wconf 81' lang='lat' dir='ltr'>quoniame</span> <span class='ocrx_word' id='word_1_33' title='bbox 541 773 676 858; x_wconf 86' lang='lat' dir='ltr'>gerendo</span> <span class='ocrx_word' id='word_1_34' title='bbox 690 777 730 838; x_wconf 86' lang='lat' dir='ltr'>sit</span> <span class='ocrx_word' id='word_1_35' title='bbox 749 777 992 855; x_wconf 87' lang='lat' dir='ltr'>cognominatus:</span> <span class='ocrx_word' id='word_1_36' title='bbox 1012 785 1138 839; x_wconf 90' lang='lat' dir='ltr'>matrem</span> <span class='ocrx_word' id='word_1_37' title='bbox 1158 777 1239 838; x_wconf 90' lang='lat' dir='ltr'>enim</span> <span class='ocrx_word' id='word_1_38' title='bbox 1258 777 1325 838; x_wconf 86' lang='lat' dir='ltr'>eius</span> <span class='ocrx_word' id='word_1_39' title='bbox 1342 777 1394 857; x_wconf 83' lang='lat' dir='ltr'>qni</span> <span class='ocrx_word' id='word_1_40' title='bbox 1417 779 1533 858; x_wconf 89' lang='lat' dir='ltr'>primns</span> <span class='ocrx_word' id='word_1_41' title='bbox 1548 776 1686 840; x_wconf 83' lang='lat' dir='ltr'>Graccus</span> 
     </span>
     <span class='ocr_line' id='line_1_6' title="bbox 350 880 1733 968; baseline 0 -20"><span class='ocrx_word' id='word_1_42' title='bbox 350 887 390 949; x_wconf 88' lang='lat' dir='ltr'>sit</span> <span class='ocrx_word' id='word_1_43' title='bbox 414 884 514 948; x_wconf 89' lang='lat' dir='ltr'>dictus</span> <span class='ocrx_word' id='word_1_44' title='bbox 542 881 704 945; x_wconf 80' lang='lat' dir='ltr'>duodecim</span> <span class='ocrx_word' id='word_1_45' title='bbox 735 880 889 946; x_wconf 90' lang='lat' dir='ltr'>mensibus</span> <span class='ocrx_word' id='word_1_46' title='bbox 919 893 1007 946; x_wconf 89' lang='lat' dir='ltr'>utero</span> <span class='ocrx_word' id='word_1_47' title='bbox 1031 902 1100 948; x_wconf 88' lang='lat' dir='ltr'>eum</span> <span class='ocrx_word' id='word_1_48' title='bbox 1126 885 1268 966; x_wconf 73' lang='lat' dir='ltr'>gessisse.</span> <span class='ocrx_word' id='word_1_49' title='bbox 1315 893 1345 948; x_wconf 87' lang='lat' dir='ltr'>et</span> <span class='ocrx_word' id='word_1_50' title='bbox 1368 884 1523 968; x_wconf 87' lang='lat' dir='ltr'>pulcrum,</span> <span class='ocrx_word' id='word_1_51' title='bbox 1547 888 1686 967; x_wconf 82' lang='lat' dir='ltr'>quamvis</span> <span class='ocrx_word' id='word_1_52' title='bbox 1727 911 1733 918; x_wconf 92' lang='lat'><strong>·</strong></span> 
     </span>
    </p>
   </div>
   <div class='ocr_carea' id='block_1_3' title="bbox 349 987 1801 1072">
    <p class='ocr_par' dir='ltr' id='par_1_3' title="bbox 349 987 1801 1072">
     <span class='ocr_line' id='line_1_7' title="bbox 349 987 1801 1072; baseline -0.003 -18"><span class='ocrx_word' id='word_1_53' title='bbox 349 993 381 1054; x_wconf 94' lang='lat' dir='ltr'>in</span> <span class='ocrx_word' id='word_1_54' title='bbox 405 991 626 1055; x_wconf 90' lang='lat' dir='ltr'>consuetudine</span> <span class='ocrx_word' id='word_1_55' title='bbox 651 992 817 1072; x_wconf 70' lang='lat' dir='ltr'>inspiretur,</span> <span class='ocrx_word' id='word_1_56' title='bbox 847 989 940 1052; x_wconf 83' lang='lat' dir='ltr'><strong>nihilo</strong></span> <span class='ocrx_word' id='word_1_57' title='bbox 965 993 1064 1054; x_wconf 91' lang='lat' dir='ltr'>minus</span> <span class='ocrx_word' id='word_1_58' title='bbox 1089 1001 1189 1054; x_wconf 89' lang='lat' dir='ltr'>tamen</span> <span class='ocrx_word' id='word_1_59' title='bbox 1218 993 1296 1054; x_wconf 87' lang='lat' dir='ltr'>ratio</span> <span class='ocrx_word' id='word_1_60' title='bbox 1326 990 1446 1055; x_wconf 81' lang='lat' dir='ltr'>exiliter</span> <span class='ocrx_word' id='word_1_61' title='bbox 1470 987 1500 1054; x_wconf 87' lang='lat' dir='ltr'>et</span> <span class='ocrx_word' id='word_1_62' title='bbox 1523 995 1716 1055; x_wconf 78' lang='lat' dir='ltr'>enuntians</span> <span class='ocrx_word' id='word_1_63' title='bbox 1800 989 1801 994; x_wconf 76' lang='grc'>’</span> 
     </span>
    </p>
   </div>
   <div class='ocr_carea' id='block_1_4' title="bbox 251 1090 1690 1183">
    <p class='ocr_par' dir='ltr' id='par_1_4' title="bbox 251 1090 1690 1183">
     <span class='ocr_line' id='line_1_8' title="bbox 251 1090 1690 1183; baseline -0.002 -18"><span class='ocrx_word' id='word_1_64' title='bbox 251 1121 253 1126; x_wconf 95' lang='grc'><strong><em>·</em></strong></span> <span class='ocrx_word' id='word_1_65' title='bbox 350 1101 423 1164; x_wconf 89' lang='lat' dir='ltr'>dum</span> <span class='ocrx_word' id='word_1_66' title='bbox 448 1109 479 1164; x_wconf 90' lang='lat' dir='ltr'>et</span> <span class='ocrx_word' id='word_1_67' title='bbox 502 1098 697 1163; x_wconf 86' lang='lat' dir='ltr'>scribendum</span> <span class='ocrx_word' id='word_1_68' title='bbox 723 1116 790 1161; x_wconf 89' lang='lat' dir='ltr'>esse</span> <span class='ocrx_word' id='word_1_69' title='bbox 813 1099 1060 1183; x_wconf 88' lang='lat' dir='ltr'>persuadet‚·ne</span> <span class='ocrx_word' id='word_1_70' title='bbox 1084 1118 1143 1162; x_wconf 87' lang='lat' dir='ltr'>una</span> <span class='ocrx_word' id='word_1_71' title='bbox 1168 1103 1291 1163; x_wconf 90' lang='lat' dir='ltr'>omnino</span> <span class='ocrx_word' id='word_1_72' title='bbox 1315 1099 1407 1163; x_wconf 88' lang='lat' dir='ltr'>dictio</span> <span class='ocrx_word' id='word_1_73' title='bbox 1432 1099 1576 1163; x_wconf 80' lang='lat' dir='ltr'>adversus</span> <span class='ocrx_word' id='word_1_74' title='bbox 1599 1090 1690 1180; x_wconf 81' lang='lat' dir='ltr'>latini</span> 
     </span>
    </p>
   </div>
   <div class='ocr_carea' id='block_1_5' title="bbox 285 1197 1737 2376">
    <p class='ocr_par' dir='ltr' id='par_1_5' title="bbox 293 1197 1685 1402">
     <span class='ocr_line' id='line_1_9' title="bbox 293 1197 1685 1293; baseline -0.001 -21"><span class='ocrx_word' id='word_1_75' title='bbox 293 1207 296 1218; x_wconf 89' lang='lat'>&#39;</span> <span class='ocrx_word' id='word_1_76' title='bbox 339 1197 500 1273; x_wconf 74' lang='lat' dir='ltr'>&#39;sermonis</span> <span class='ocrx_word' id='word_1_77' title='bbox 529 1217 669 1272; x_wconf 86' lang='lat' dir='ltr'>naturam</span> <span class='ocrx_word' id='word_1_78' title='bbox 698 1206 795 1270; x_wconf 89' lang='lat' dir='ltr'>media</span> <span class='ocrx_word' id='word_1_79' title='bbox 825 1201 985 1290; x_wconf 84' lang='lat' dir='ltr'>aspiretnr.</span> <span class='ocrx_word' id='word_1_80' title='bbox 1028 1209 1165 1288; x_wconf 83' lang='lat' dir='ltr'>quamvis</span> <span class='ocrx_word' id='word_1_81' title='bbox 1186 1207 1294 1273; x_wconf 79' lang='lat' dir='ltr'>Santra</span> <span class='ocrx_word' id='word_1_82' title='bbox 1317 1227 1334 1271; x_wconf 86' lang='lat' dir='ltr'>a</span> <span class='ocrx_word' id='word_1_83' title='bbox 1358 1209 1482 1273; x_wconf 88' lang='lat' dir='ltr'>Graecis</span> <span class='ocrx_word' id='word_1_84' title='bbox 1505 1217 1592 1293; x_wconf 86' lang='lat' dir='ltr'>putet</span> <span class='ocrx_word' id='word_1_85' title='bbox 1616 1227 1685 1272; x_wconf 88' lang='lat' dir='ltr'>esse</span> 
     </span>
     <span class='ocr_line' id='line_1_10' title="bbox 351 1315 1500 1402; baseline -0.009 -20"><span class='ocrx_word' id='word_1_86' title='bbox 351 1317 545 1400; x_wconf 87' lang='lat' dir='ltr'>translatum,</span> <span class='ocrx_word' id='word_1_87' title='bbox 569 1318 655 1400; x_wconf 84' lang='lat' dir='ltr'>qrrasi</span> <span class='ocrx_word' id='word_1_88' title='bbox 677 1315 858 1399; x_wconf 86' lang='lat' dir='ltr'>polichrum.</span> <span class='ocrx_word' id='word_1_89' title='bbox 1498 1397 1500 1402; x_wconf 23' lang='grc' dir='ltr'>Ι</span> 
     </span>
    </p>

    <p class='ocr_par' dir='ltr' id='par_1_6' title="bbox 285 1405 1737 2376">
     <span class='ocr_line' id='line_1_11' title="bbox 443 1405 1686 1508; baseline -0.002 -19"><span class='ocrx_word' id='word_1_90' title='bbox 443 1425 477 1490; x_wconf 94' lang='lat' dir='ltr'>ln</span> <span class='ocrx_word' id='word_1_91' title='bbox 501 1424 693 1491; x_wconf 90' lang='lat' dir='ltr'>mensoribus</span> <span class='ocrx_word' id='word_1_92' title='bbox 718 1425 850 1489; x_wconf 78' lang='lat' dir='ltr'>litteram</span> <span class='ocrx_word' id='word_1_93' title='bbox 869 1443 898 1501; x_wconf 92' lang='lat' dir='ltr'>n,</span> <span class='ocrx_word' id='word_1_94' title='bbox 923 1427 1059 1506; x_wconf 82' lang='lat' dir='ltr'>quamvis</span> <span class='ocrx_word' id='word_1_95' title='bbox 1079 1405 1201 1490; x_wconf 82' lang='lat' dir='ltr'>recuset</span> <span class='ocrx_word' id='word_1_96' title='bbox 1220 1427 1307 1508; x_wconf 87' lang='lat' dir='ltr'>ratio,</span> <span class='ocrx_word' id='word_1_97' title='bbox 1331 1427 1400 1507; x_wconf 90' lang='lat' dir='ltr'>quia</span> <span class='ocrx_word' id='word_1_98' title='bbox 1423 1429 1532 1506; x_wconf 88' lang='lat' dir='ltr'>metior</span> <span class='ocrx_word' id='word_1_99' title='bbox 1550 1429 1615 1489; x_wconf 89' lang='lat' dir='ltr'>sine</span> <span class='ocrx_word' id='word_1_100' title='bbox 1635 1425 1686 1488; x_wconf 85' lang='lat' dir='ltr'>ills</span> 
     </span>
     <span class='ocr_line' id='line_1_12' title="bbox 352 1533 1737 1621; baseline -0.001 -23"><span class='ocrx_word' id='word_1_101' title='bbox 352 1535 486 1621; x_wconf 86' lang='lat' dir='ltr'>dicatur,</span> <span class='ocrx_word' id='word_1_102' title='bbox 510 1535 641 1598; x_wconf 83' lang='lat' dir='ltr'>vindicat</span> <span class='ocrx_word' id='word_1_103' title='bbox 666 1543 766 1598; x_wconf 87' lang='lat' dir='ltr'>tamen</span> <span class='ocrx_word' id='word_1_104' title='bbox 791 1534 994 1618; x_wconf 72' lang='lat' dir='ltr'>consuetudo,&#39;</span> <span class='ocrx_word' id='word_1_105' title='bbox 1021 1533 1101 1616; x_wconf 89' lang='lat' dir='ltr'>quod</span> <span class='ocrx_word' id='word_1_106' title='bbox 1125 1553 1182 1598; x_wconf 82' lang='lat' dir='ltr'>vox</span> <span class='ocrx_word' id='word_1_107' title='bbox 1205 1534 1325 1618; x_wconf 83' lang='lat' dir='ltr'>plenius</span> <span class='ocrx_word' id='word_1_108' title='bbox 1348 1544 1445 1597; x_wconf 84' lang='lat' dir='ltr'>sonet</span> <span class='ocrx_word' id='word_1_109' title='bbox 1491 1537 1524 1597; x_wconf 94' lang='lat' dir='ltr'>in</span> <span class='ocrx_word' id='word_1_110' title='bbox 1548 1537 1687 1616; x_wconf 89' lang='lat' dir='ltr'>coniugis</span> <span class='ocrx_word' id='word_1_111' title='bbox 1707 1549 1737 1589; x_wconf 82' lang='grc' dir='ltr'>ιο</span> 
     </span>
     <span class='ocr_line' id='line_1_13' title="bbox 354 1641 1687 1725; baseline -0.003 -17"><span class='ocrx_word' id='word_1_112' title='bbox 354 1654 455 1708; x_wconf 89' lang='lat' dir='ltr'>tamen</span> <span class='ocrx_word' id='word_1_113' title='bbox 475 1645 658 1707; x_wconf 80' lang='lat' dir='ltr'>nominativo</span> <span class='ocrx_word' id='word_1_114' title='bbox 677 1651 838 1725; x_wconf 89' lang='lat' dir='ltr'>utramque</span> <span class='ocrx_word' id='word_1_115' title='bbox 857 1649 975 1724; x_wconf 90' lang='lat' dir='ltr'>partem</span> <span class='ocrx_word' id='word_1_116' title='bbox 995 1645 1072 1704; x_wconf 70' lang='lat' dir='ltr'>ratio</span> <span class='ocrx_word' id='word_1_117' title='bbox 1091 1641 1234 1706; x_wconf 81' lang='lat' dir='ltr'>defendit.</span> <span class='ocrx_word' id='word_1_118' title='bbox 1274 1661 1342 1706; x_wconf 83' lang='lat' dir='ltr'>nans</span> <span class='ocrx_word' id='word_1_119' title='bbox 1362 1641 1422 1724; x_wconf 86' lang='lat' dir='ltr'>[et]</span> <span class='ocrx_word' id='word_1_120' title='bbox 1443 1645 1505 1706; x_wconf 84' lang='lat' dir='ltr'>sire</span> <span class='ocrx_word' id='word_1_121' title='bbox 1525 1642 1687 1705; x_wconf 87' lang='lat' dir='ltr'>detrahen-</span> 
     </span>
     <span class='ocr_line' id='line_1_14' title="bbox 353 1749 1687 1834; baseline -0.001 -18"><span class='ocrx_word' id='word_1_122' title='bbox 353 1753 426 1823; x_wconf 89' lang='lat' dir='ltr'>dum</span> <span class='ocrx_word' id='word_1_123' title='bbox 450 1772 471 1816; x_wconf 86' lang='lat' dir='ltr'>n</span> <span class='ocrx_word' id='word_1_124' title='bbox 494 1754 673 1814; x_wconf 78' lang='lat' dir='ltr'>novissimae</span> <span class='ocrx_word' id='word_1_125' title='bbox 699 1752 778 1832; x_wconf 88' lang='lat' dir='ltr'>parti</span> <span class='ocrx_word' id='word_1_126' title='bbox 801 1751 1018 1832; x_wconf 78' lang='lat' dir='ltr'>potaverimus,</span> <span class='ocrx_word' id='word_1_127' title='bbox 1042 1749 1153 1812; x_wconf 84' lang='lat' dir='ltr'>auxilio</span> <span class='ocrx_word' id='word_1_128' title='bbox 1177 1754 1244 1834; x_wconf 88' lang='lat' dir='ltr'>erit,</span> <span class='ocrx_word' id='word_1_129' title='bbox 1268 1751 1349 1833; x_wconf 88' lang='lat' dir='ltr'>quod</span> <span class='ocrx_word' id='word_1_130' title='bbox 1373 1755 1512 1834; x_wconf 82' lang='lat' dir='ltr'>genetivo</span> <span class='ocrx_word' id='word_1_131' title='bbox 1534 1770 1595 1815; x_wconf 94' lang='lat' dir='ltr'>non</span> <span class='ocrx_word' id='word_1_132' title='bbox 1615 1769 1687 1814; x_wconf 92' lang='lat' dir='ltr'>con·</span> 
     </span>
     <span class='ocr_line' id='line_1_15' title="bbox 353 1855 1688 1942; baseline -0.004 -18"><span class='ocrx_word' id='word_1_133' title='bbox 353 1863 457 1942; x_wconf 89' lang='lat' dir='ltr'>iungis</span> <span class='ocrx_word' id='word_1_134' title='bbox 473 1859 526 1922; x_wconf 90' lang='lat' dir='ltr'>sed</span> <span class='ocrx_word' id='word_1_135' title='bbox 547 1860 684 1938; x_wconf 87' lang='lat' dir='ltr'>coniugis</span> <span class='ocrx_word' id='word_1_136' title='bbox 704 1857 853 1939; x_wconf 61' lang='lat' dir='ltr'>dicimusp</span> <span class='ocrx_word' id='word_1_137' title='bbox 870 1858 932 1918; x_wconf 83' lang='lat' dir='ltr'>slve</span> <span class='ocrx_word' id='word_1_138' title='bbox 952 1855 1152 1940; x_wconf 89' lang='lat' dir='ltr'>adiciendum,</span> <span class='ocrx_word' id='word_1_139' title='bbox 1176 1857 1256 1940; x_wconf 84' lang='lat' dir='ltr'>quod</span> <span class='ocrx_word' id='word_1_140' title='bbox 1277 1879 1293 1921; x_wconf 89' lang='lat' dir='ltr'>a</span> <span class='ocrx_word' id='word_1_141' title='bbox 1311 1859 1405 1922; x_wconf 90' lang='lat' dir='ltr'>rerbo</span> <span class='ocrx_word' id='word_1_142' title='bbox 1424 1860 1504 1942; x_wconf 87' lang='lat' dir='ltr'>quod</span> <span class='ocrx_word' id='word_1_143' title='bbox 1525 1866 1572 1922; x_wconf 86' lang='lat' dir='ltr'>est</span> <span class='ocrx_word' id='word_1_144' title='bbox 1591 1862 1688 1941; x_wconf 84' lang='lat' dir='ltr'>luogo</span> 
     </span>
     <span class='ocr_line' id='line_1_16' title="bbox 285 1959 1686 2054; baseline -0.003 -22"><span class='ocrx_word' id='word_1_145' title='bbox 285 1959 288 1966; x_wconf 75' lang='grc'>’</span> <span class='ocrx_word' id='word_1_146' title='bbox 353 1969 411 2032; x_wconf 87' lang='lat' dir='ltr'>hoc</span> <span class='ocrx_word' id='word_1_147' title='bbox 435 1986 546 2030; x_wconf 92' lang='lat' dir='ltr'>nomen</span> <span class='ocrx_word' id='word_1_148' title='bbox 569 1965 752 2029; x_wconf 87' lang='lat' dir='ltr'>declinatum</span> <span class='ocrx_word' id='word_1_149' title='bbox 772 1966 820 2028; x_wconf 84' lang='lat' dir='ltr'>sit</span> <span class='ocrx_word' id='word_1_150' title='bbox 858 1963 911 2027; x_wconf 91' lang='lat' dir='ltr'>sed</span> <span class='ocrx_word' id='word_1_151' title='bbox 936 1964 1044 2028; x_wconf 91' lang='lat' dir='ltr'>melius</span> <span class='ocrx_word' id='word_1_152' title='bbox 1068 1967 1312 2054; x_wconf 85' lang='lat' dir='ltr'>tamenvidetur</span> <span class='ocrx_word' id='word_1_153' title='bbox 1336 1971 1441 2030; x_wconf 88' lang='lat' dir='ltr'>sinen</span> <span class='ocrx_word' id='word_1_154' title='bbox 1463 1967 1686 2032; x_wconf 87' lang='lat' dir='ltr'>litteradicere</span> 
     </span>
     <span class='ocr_line' id='line_1_17' title="bbox 344 2070 1737 2168; baseline -0.006 -28"><span class='ocrx_word' id='word_1_155' title='bbox 344 2086 385 2168; x_wconf 16' lang='lat' dir='ltr'>‘et</span> <span class='ocrx_word' id='word_1_156' title='bbox 407 2074 552 2140; x_wconf 87' lang='lat' dir='ltr'>scribere.</span> <span class='ocrx_word' id='word_1_157' title='bbox 589 2092 695 2138; x_wconf 87' lang='lat' dir='ltr'>rerum</span> <span class='ocrx_word' id='word_1_158' title='bbox 719 2077 784 2142; x_wconf 90' lang='lat' dir='ltr'>sine</span> <span class='ocrx_word' id='word_1_159' title='bbox 809 2070 901 2136; x_wconf 91' lang='lat' dir='ltr'>dubio</span> <span class='ocrx_word' id='word_1_160' title='bbox 925 2081 1053 2155; x_wconf 87' lang='lat' dir='ltr'>peccant</span> <span class='ocrx_word' id='word_1_161' title='bbox 1077 2077 1130 2155; x_wconf 85' lang='lat' dir='ltr'>qni</span> <span class='ocrx_word' id='word_1_162' title='bbox 1149 2075 1271 2157; x_wconf 86' lang='lat' dir='ltr'>paulum</span> <span class='ocrx_word' id='word_1_163' title='bbox 1291 2085 1322 2140; x_wconf 87' lang='lat' dir='ltr'>et</span> <span class='ocrx_word' id='word_1_164' title='bbox 1340 2077 1495 2159; x_wconf 89' lang='lat' dir='ltr'>paululum</span> <span class='ocrx_word' id='word_1_165' title='bbox 1516 2096 1571 2161; x_wconf 90' lang='lat' dir='ltr'>per</span> <span class='ocrx_word' id='word_1_166' title='bbox 1590 2095 1688 2140; x_wconf 84' lang='lat' dir='ltr'>unum</span> <span class='ocrx_word' id='word_1_167' title='bbox 1707 2092 1737 2132; x_wconf 85' lang='lat'>15</span> 
     </span>
     <span class='ocr_line' id='line_1_18' title="bbox 354 2181 1689 2267; baseline -0.004 -16"><span class='ocrx_word' id='word_1_168' title='bbox 354 2187 365 2250; x_wconf 99' lang='lat' dir='ltr'>l</span> <span class='ocrx_word' id='word_1_169' title='bbox 387 2185 540 2267; x_wconf 87' lang='lat' dir='ltr'>scribunt,</span> <span class='ocrx_word' id='word_1_170' title='bbox 569 2202 639 2248; x_wconf 86' lang='lat' dir='ltr'>cum</span> <span class='ocrx_word' id='word_1_171' title='bbox 667 2183 779 2265; x_wconf 84' lang='lat' dir='ltr'>alioqui</span> <span class='ocrx_word' id='word_1_172' title='bbox 807 2184 905 2264; x_wconf 91' lang='lat' dir='ltr'>prima</span> <span class='ocrx_word' id='word_1_173' title='bbox 933 2183 1044 2263; x_wconf 90' lang='lat' dir='ltr'>positio</span> <span class='ocrx_word' id='word_1_174' title='bbox 1069 2185 1134 2245; x_wconf 88' lang='lat' dir='ltr'>eius</span> <span class='ocrx_word' id='word_1_175' title='bbox 1159 2181 1272 2265; x_wconf 84' lang='lat' dir='ltr'>duplici</span> <span class='ocrx_word' id='word_1_176' title='bbox 1295 2185 1351 2248; x_wconf 86' lang='lat' dir='ltr'>hac</span> <span class='ocrx_word' id='word_1_177' title='bbox 1374 2185 1475 2249; x_wconf 91' lang='lat' dir='ltr'>littera</span> <span class='ocrx_word' id='word_1_178' title='bbox 1499 2187 1689 2265; x_wconf 87' lang='lat' dir='ltr'>enuntietur,</span> 
     </span>
     <span class='ocr_line' id='line_1_19' title="bbox 353 2291 1631 2376; baseline -0.01 -18"><span class='ocrx_word' id='word_1_179' title='bbox 353 2303 388 2358; x_wconf 89' lang='lat' dir='ltr'>ut</span> <span class='ocrx_word' id='word_1_180' title='bbox 411 2293 528 2376; x_wconf 91' lang='lat' dir='ltr'>pullum</span> <span class='ocrx_word' id='word_1_181' title='bbox 555 2301 586 2355; x_wconf 85' lang='lat' dir='ltr'>et</span> <span class='ocrx_word' id='word_1_182' title='bbox 601 2291 761 2374; x_wconf 90' lang='lat' dir='ltr'>pusillum.</span> <span class='ocrx_word' id='word_1_183' title='bbox 1626 2302 1631 2312; x_wconf 92' lang='lat'>·</span> 
     </span>
    </p>
   </div>
   <div class='ocr_carea' id='block_1_6' title="bbox 353 2487 1757 2808">
    <p class='ocr_par' dir='ltr' id='par_1_7' title="bbox 353 2487 1757 2808">
     <span class='ocr_line' id='line_1_20' title="bbox 354 2487 1757 2567; baseline -0.001 -16"><span class='ocrx_word' id='word_1_184' title='bbox 354 2511 439 2567; x_wconf 88' lang='lat' dir='ltr'>qusm</span> <span class='ocrx_word' id='word_1_185' title='bbox 455 2494 543 2550; x_wconf 88' lang='lat' dir='ltr'>sltins</span> <span class='ocrx_word' id='word_1_186' title='bbox 557 2495 684 2550; x_wconf 86' lang='lat' dir='ltr'>mentem</span> <span class='ocrx_word' id='word_1_187' title='bbox 699 2492 778 2562; x_wconf 76' lang='lat' dir='ltr'>uehi,</span> <span class='ocrx_word' id='word_1_188' title='bbox 793 2493 882 2549; x_wconf 83' lang='lat' dir='ltr'>idest</span> <span class='ocrx_word' id='word_1_189' title='bbox 897 2491 977 2562; x_wconf 76' lang='lat' dir='ltr'>terri,</span> <span class='ocrx_word' id='word_1_190' title='bbox 998 2509 1062 2547; x_wconf 90' lang='lat' dir='ltr'>cum</span> <span class='ocrx_word' id='word_1_191' title='bbox 1076 2490 1143 2548; x_wconf 90' lang='lat' dir='ltr'>hnic</span> <span class='ocrx_word' id='word_1_192' title='bbox 1156 2493 1244 2550; x_wconf 89' lang='lat' dir='ltr'>uerbo</span> <span class='ocrx_word' id='word_1_193' title='bbox 1259 2493 1319 2550; x_wconf 88' lang='lat' dir='ltr'>sius</span> <span class='ocrx_word' id='word_1_194' title='bbox 1333 2494 1512 2552; x_wconf 79' lang='lat' dir='ltr'>dubitetione</span> <span class='ocrx_word' id='word_1_195' title='bbox 1526 2495 1691 2566; x_wconf 87' lang='lat' dir='ltr'>sdspireiur</span> <span class='ocrx_word' id='word_1_196' title='bbox 1751 2487 1757 2497; x_wconf 69' lang='grc'><strong>“</strong></span> 
     </span>
     <span class='ocr_line' id='line_1_21' title="bbox 359 2571 1692 2646; baseline -0.002 -16"><span class='ocrx_word' id='word_1_197' title='bbox 359 2575 565 2631; x_wconf 77' lang='lat' dir='ltr'>Wslnrunnsius</span> <span class='ocrx_word' id='word_1_198' title='bbox 588 2573 622 2630; x_wconf 80' lang='lat' dir='ltr'>dc</span> <span class='ocrx_word' id='word_1_199' title='bbox 646 2571 729 2630; x_wconf 84' lang='lat' dir='ltr'>Vorr.</span> <span class='ocrx_word' id='word_1_200' title='bbox 754 2573 816 2629; x_wconf 75' lang='lat' dir='ltr'>libr.</span> <span class='ocrx_word' id='word_1_201' title='bbox 841 2587 956 2643; x_wconf 59' lang='lat' dir='ltr'>mamm.</span> <span class='ocrx_word' id='word_1_202' title='bbox 976 2577 1091 2642; x_wconf 81' lang='lat' dir='ltr'>p.183.</span> <span class='ocrx_word' id='word_1_203' title='bbox 1126 2574 1419 2645; x_wconf 78' lang='lat' dir='ltr'>molim&#39;qnsmqusm</span> <span class='ocrx_word' id='word_1_204' title='bbox 1442 2575 1559 2646; x_wconf 86' lang='lat' dir='ltr'>quidam</span> <span class='ocrx_word' id='word_1_205' title='bbox 1583 2577 1692 2646; x_wconf 82' lang='lat' dir='ltr'>putent</span> 
     </span>
     <span class='ocr_line' id='line_1_22' title="bbox 353 2652 1691 2726; baseline -0.001 -14"><span class='ocrx_word' id='word_1_206' title='bbox 353 2655 548 2723; x_wconf 67' lang='lat' dir='ltr'>adiciendum,</span> <span class='ocrx_word' id='word_1_207' title='bbox 568 2652 705 2726; x_wconf 82' lang='lat' dir='ltr'>quonism</span> <span class='ocrx_word' id='word_1_208' title='bbox 728 2671 786 2711; x_wconf 86' lang='lat' dir='ltr'>non</span> <span class='ocrx_word' id='word_1_209' title='bbox 809 2652 887 2710; x_wconf 82' lang='lat' dir='ltr'>alind</span> <span class='ocrx_word' id='word_1_210' title='bbox 910 2654 1014 2724; x_wconf 80' lang='lat' dir='ltr'>putent</span> <span class='ocrx_word' id='word_1_211' title='bbox 1037 2670 1098 2710; x_wconf 88' lang='lat' dir='ltr'>esse</span> <span class='ocrx_word' id='word_1_212' title='bbox 1122 2672 1209 2725; x_wconf 79' lang='lat' dir='ltr'>quern</span> <span class='ocrx_word' id='word_1_213' title='bbox 1232 2654 1319 2710; x_wconf 89' lang='lat' dir='ltr'>sltius</span> <span class='ocrx_word' id='word_1_214' title='bbox 1344 2656 1467 2713; x_wconf 85' lang='lat' dir='ltr'>evehens</span> <span class='ocrx_word' id='word_1_215' title='bbox 1492 2656 1545 2726; x_wconf 86' lang='lat' dir='ltr'>(ocl</span> <span class='ocrx_word' id='word_1_216' title='bbox 1568 2654 1691 2712; x_wconf 87' lang='lat' dir='ltr'>ulterius</span> 
     </span>
     <span class='ocr_line' id='line_1_23' title="bbox 356 2733 1225 2808; baseline -0.005 -14"><span class='ocrx_word' id='word_1_217' title='bbox 356 2737 488 2808; x_wconf 76' lang='lat' dir='ltr'>vehens),</span> <span class='ocrx_word' id='word_1_218' title='bbox 508 2753 573 2792; x_wconf 88' lang='lat' dir='ltr'>cnm</span> <span class='ocrx_word' id='word_1_219' title='bbox 591 2735 658 2790; x_wconf 92' lang='lat' dir='ltr'>huic</span> <span class='ocrx_word' id='word_1_220' title='bbox 676 2734 764 2791; x_wconf 82' lang='lat' dir='ltr'>verbo</span> <span class='ocrx_word' id='word_1_221' title='bbox 784 2735 845 2791; x_wconf 89' lang='lat' dir='ltr'>sine</span> <span class='ocrx_word' id='word_1_222' title='bbox 865 2733 1044 2790; x_wconf 78' lang='lat' dir='ltr'>dubitatione</span> <span class='ocrx_word' id='word_1_223' title='bbox 1063 2733 1225 2805; x_wconf 85' lang='lat' dir='ltr'>sdspiretnr</span> 
     </span>
    </p>
   </div>
   <div class='ocr_carea' id='block_1_7' title="bbox 354 2811 1692 3026">
    <p class='ocr_par' dir='ltr' id='par_1_8' title="bbox 354 2811 1692 3026">
     <span class='ocr_line' id='line_1_24' title="bbox 435 2811 1692 2891; baseline -0.001 -18"><span class='ocrx_word' id='word_1_224' title='bbox 435 2825 462 2873; x_wconf 92' lang='lat'>-1</span> <span class='ocrx_word' id='word_1_225' title='bbox 483 2815 682 2874; x_wconf 84' lang='lat' dir='ltr'>addiciendem</span> <span class='ocrx_word' id='word_1_226' title='bbox 703 2811 732 2871; x_wconf 85' lang='grc' dir='ltr'><strong><em>Ρ</em></strong></span> <span class='ocrx_word' id='word_1_227' title='bbox 840 2815 976 2888; x_wconf 80' lang='lat' dir='ltr'>quonium</span> <span class='ocrx_word' id='word_1_228' title='bbox 996 2815 1022 2872; x_wconf 92' lang='lat' dir='ltr'>.i.</span> <span class='ocrx_word' id='word_1_229' title='bbox 1041 2833 1098 2872; x_wconf 90' lang='lat' dir='ltr'>non</span> <span class='ocrx_word' id='word_1_230' title='bbox 1117 2815 1146 2870; x_wconf 93' lang='grc' dir='ltr'><strong><em>Β</em></strong></span> <span class='ocrx_word' id='word_1_231' title='bbox 1172 2817 1308 2888; x_wconf 86' lang='lat' dir='ltr'>quonism</span> <span class='ocrx_word' id='word_1_232' title='bbox 1331 2819 1373 2876; x_wconf 93' lang='lat' dir='ltr'>hii</span> <span class='ocrx_word' id='word_1_233' title='bbox 1392 2837 1450 2878; x_wconf 88' lang='lat' dir='ltr'>non</span> <span class='ocrx_word' id='word_1_234' title='bbox 1469 2819 1499 2876; x_wconf 92' lang='lat' dir='ltr'><strong><em>P</em></strong></span> <span class='ocrx_word' id='word_1_235' title='bbox 1515 2817 1651 2891; x_wconf 86' lang='lat' dir='ltr'>quonism</span> <span class='ocrx_word' id='word_1_236' title='bbox 1670 2817 1692 2872; x_wconf 94' lang='lat' dir='ltr'>h</span> 
     </span>
     <span class='ocr_line' id='line_1_25' title="bbox 354 2897 1692 3026; baseline -0.004 -15"><span class='ocrx_word' id='word_1_237' title='bbox 354 2971 411 3011; x_wconf 90' lang='lat' dir='ltr'>uon</span> <span class='ocrx_word' id='word_1_238' title='bbox 432 2973 454 3009; x_wconf 78' lang='lat' dir='ltr'>u</span> <span class='ocrx_word' id='word_1_239' title='bbox 554 2953 657 3023; x_wconf 84' lang='lat' dir='ltr'>putent</span> <span class='ocrx_word' id='word_1_240' title='bbox 675 2971 698 3006; x_wconf 85' lang='lat' dir='ltr'>co</span> <span class='ocrx_word' id='word_1_241' title='bbox 797 2897 999 3006; x_wconf 51' lang='lat' dir='ltr'>alterinirbium</span> <span class='ocrx_word' id='word_1_242' title='bbox 1018 2949 1046 3004; x_wconf 89' lang='grc' dir='ltr'><strong><em>Β</em></strong></span> <span class='ocrx_word' id='word_1_243' title='bbox 1065 2937 1184 3006; x_wconf 81' lang='lat' dir='ltr'>alterius</span> <span class='ocrx_word' id='word_1_244' title='bbox 1204 2951 1350 3010; x_wconf 82' lang='lat' dir='ltr'>hericum</span> <span class='ocrx_word' id='word_1_245' title='bbox 1370 2955 1424 3012; x_wconf 85' lang='lat' dir='ltr'>Por</span> <span class='ocrx_word' id='word_1_246' title='bbox 1522 2911 1643 3026; x_wconf 60' lang='lat' dir='ltr'>agr⁸e⁰co</span> <span class='ocrx_word' id='word_1_247' title='bbox 1662 2953 1692 3006; x_wconf 88' lang='grc' dir='ltr'><strong><em>Β</em></strong></span> 
     </span>
    </p>
   </div>
   <div class='ocr_carea' id='block_1_8' title="bbox 319 3031 1695 4246">
    <p class='ocr_par' dir='ltr' id='par_1_9' title="bbox 319 3031 1695 4246">
     <span class='ocr_line' id='line_1_26' title="bbox 355 3031 1617 3110; baseline -0.002 -18"><span class='ocrx_word' id='word_1_248' title='bbox 355 3035 462 3108; x_wconf 87' lang='lat' dir='ltr'>grscho</span> <span class='ocrx_word' id='word_1_249' title='bbox 483 3033 512 3088; x_wconf 91' lang='lat' dir='ltr'><strong><em>P</em></strong></span> <span class='ocrx_word' id='word_1_250' title='bbox 528 3031 657 3106; x_wconf 81' lang='lat' dir='ltr'>Grachus</span> <span class='ocrx_word' id='word_1_251' title='bbox 676 3051 698 3087; x_wconf 84' lang='grc' dir='ltr'><strong><em>ω</em></strong></span> <span class='ocrx_word' id='word_1_252' title='bbox 772 3039 789 3088; x_wconf 81' lang='grc'>3</span> <span class='ocrx_word' id='word_1_253' title='bbox 808 3032 882 3106; x_wconf 89' lang='lat' dir='ltr'>eius]</span> <span class='ocrx_word' id='word_1_254' title='bbox 903 3037 932 3089; x_wconf 73' lang='lat' dir='ltr'>tt</span> <span class='ocrx_word' id='word_1_255' title='bbox 950 3031 978 3086; x_wconf 93' lang='grc' dir='ltr'><strong><em>Β</em></strong></span> <span class='ocrx_word' id='word_1_256' title='bbox 1056 3047 1175 3110; x_wconf 83' lang='lat' dir='ltr'>graccm</span> <span class='ocrx_word' id='word_1_257' title='bbox 1194 3031 1222 3086; x_wconf 90' lang='grc' dir='ltr'><strong><em>Β</em></strong></span> <span class='ocrx_word' id='word_1_258' title='bbox 1241 3035 1380 3105; x_wconf 73' lang='lat' dir='ltr'>graeciam</span> <span class='ocrx_word' id='word_1_259' title='bbox 1401 3035 1430 3091; x_wconf 93' lang='lat' dir='ltr'><em>P</em></span> <span class='ocrx_word' id='word_1_260' title='bbox 1447 3035 1575 3092; x_wconf 83' lang='lat' dir='ltr'>Greohu&#39;s</span> <span class='ocrx_word' id='word_1_261' title='bbox 1594 3055 1617 3090; x_wconf 83' lang='lat' dir='ltr'>o</span> 
     </span>
     <span class='ocr_line' id='line_1_27' title="bbox 355 3112 1692 3190; baseline -0.002 -17"><span class='ocrx_word' id='word_1_262' title='bbox 355 3125 372 3174; x_wconf 83' lang='lat' dir='ltr'>t</span> <span class='ocrx_word' id='word_1_263' title='bbox 391 3113 542 3173; x_wconf 86' lang='lat' dir='ltr'>duodecim</span> <span class='ocrx_word' id='word_1_264' title='bbox 565 3113 711 3172; x_wconf 83' lang='lat' dir='ltr'>mensibus</span> <span class='ocrx_word' id='word_1_265' title='bbox 734 3116 817 3170; x_wconf 87' lang='lat' dir='ltr'>utero</span> <span class='ocrx_word' id='word_1_266' title='bbox 839 3113 975 3186; x_wconf 71' lang='lat' dir='ltr'>gessisset</span> <span class='ocrx_word' id='word_1_267' title='bbox 992 3112 1020 3167; x_wconf 98' lang='grc' dir='ltr'><strong><em>Β</em></strong></span> <span class='ocrx_word' id='word_1_268' title='bbox 1044 3112 1195 3169; x_wconf 89' lang='lat' dir='ltr'>duodecim</span> <span class='ocrx_word' id='word_1_269' title='bbox 1213 3131 1324 3172; x_wconf 86' lang='lat' dir='ltr'>menses</span> <span class='ocrx_word' id='word_1_270' title='bbox 1343 3121 1456 3174; x_wconf 85' lang='lat' dir='ltr'>uterum</span> <span class='ocrx_word' id='word_1_271' title='bbox 1480 3117 1604 3190; x_wconf 73' lang='lat' dir='ltr'>gessisse</span> <span class='ocrx_word' id='word_1_272' title='bbox 1624 3116 1692 3182; x_wconf 78' lang='lat' dir='ltr'>Pe,</span> 
     </span>
     <span class='ocr_line' id='line_1_28' title="bbox 355 3193 1691 3270; baseline -0.002 -16"><span class='ocrx_word' id='word_1_273' title='bbox 355 3197 505 3254; x_wconf 89' lang='lat' dir='ltr'>duodecim</span> <span class='ocrx_word' id='word_1_274' title='bbox 538 3199 651 3254; x_wconf 84' lang='lat' dir='ltr'>menses</span> <span class='ocrx_word' id='word_1_275' title='bbox 674 3197 756 3252; x_wconf 86' lang='lat' dir='ltr'>utero</span> <span class='ocrx_word' id='word_1_276' title='bbox 783 3211 849 3251; x_wconf 88' lang='lat' dir='ltr'>eum</span> <span class='ocrx_word' id='word_1_277' title='bbox 873 3193 1000 3266; x_wconf 86' lang='lat' dir='ltr'>‚gessisse</span> <span class='ocrx_word' id='word_1_278' title='bbox 1027 3193 1197 3250; x_wconf 76' lang='lat' dir='ltr'>Ritscisclius</span> <span class='ocrx_word' id='word_1_279' title='bbox 1224 3203 1327 3266; x_wconf 74' lang='lat' dir='ltr'>quaest</span> <span class='ocrx_word' id='word_1_280' title='bbox 1360 3197 1479 3254; x_wconf 82' lang='lat' dir='ltr'>Varron.</span> <span class='ocrx_word' id='word_1_281' title='bbox 1505 3217 1534 3270; x_wconf 89' lang='lat' dir='ltr'>p.</span> <span class='ocrx_word' id='word_1_282' title='bbox 1559 3203 1601 3254; x_wconf 80' lang='lat'>28</span> <span class='ocrx_word' id='word_1_283' title='bbox 1629 3199 1691 3253; x_wconf 85' lang='lat' dir='ltr'>coll.</span> 
     </span>
     <span class='ocr_line' id='line_1_29' title="bbox 319 3273 1619 3352; baseline -0.002 -16"><span class='ocrx_word' id='word_1_284' title='bbox 319 3318 325 3324; x_wconf 89' lang='lat'><em>-</em></span> <span class='ocrx_word' id='word_1_285' title='bbox 355 3277 513 3350; x_wconf 56' lang='lat' dir='ltr'>otiam.</span> <span class='ocrx_word' id='word_1_286' title='bbox 533 3283 582 3348; x_wconf 76' lang='lat'>82,</span> <span class='ocrx_word' id='word_1_287' title='bbox 602 3276 717 3348; x_wconf 81' lang='lat' dir='ltr'>equod</span> <span class='ocrx_word' id='word_1_288' title='bbox 740 3279 832 3332; x_wconf 83' lang='lat' dir='ltr'>mater</span> <span class='ocrx_word' id='word_1_289' title='bbox 855 3275 915 3332; x_wconf 89' lang='lat' dir='ltr'>sins</span> <span class='ocrx_word' id='word_1_290' title='bbox 939 3273 1089 3331; x_wconf 85' lang='lat' dir='ltr'>duodecim</span> <span class='ocrx_word' id='word_1_291' title='bbox 1113 3273 1256 3330; x_wconf 87' lang='lat' dir='ltr'>mensibus</span> <span class='ocrx_word' id='word_1_292' title='bbox 1276 3280 1358 3335; x_wconf 88' lang='lat' dir='ltr'>utero</span> <span class='ocrx_word' id='word_1_293' title='bbox 1377 3296 1442 3335; x_wconf 89' lang='lat' dir='ltr'>eum</span> <span class='ocrx_word' id='word_1_294' title='bbox 1461 3277 1619 3352; x_wconf 71' lang='lat' dir='ltr'>gestaverit</span> 
     </span>
     <span class='ocr_line' id='line_1_30' title="bbox 355 3353 1693 3432; baseline 0.001 -16"><span class='ocrx_word' id='word_1_295' title='bbox 355 3367 373 3416; x_wconf 79' lang='lat'>4</span> <span class='ocrx_word' id='word_1_296' title='bbox 393 3364 423 3418; x_wconf 90' lang='lat' dir='ltr'>st</span> <span class='ocrx_word' id='word_1_297' title='bbox 440 3360 590 3432; x_wconf 85' lang='lat' dir='ltr'>pulchrum</span> <span class='ocrx_word' id='word_1_298' title='bbox 610 3358 710 3414; x_wconf 81' lang='lat' dir='ltr'>BPu.</span> <span class='ocrx_word' id='word_1_299' title='bbox 729 3356 880 3429; x_wconf 87' lang='lat' dir='ltr'>pulchrum</span> <span class='ocrx_word' id='word_1_300' title='bbox 899 3355 990 3411; x_wconf 86' lang='lat' dir='ltr'>Varro</span> <span class='ocrx_word' id='word_1_301' title='bbox 1009 3353 1150 3426; x_wconf 85' lang='lat' dir='ltr'>adspirari</span> <span class='ocrx_word' id='word_1_302' title='bbox 1169 3355 1272 3413; x_wconf 85' lang='lat' dir='ltr'>debere</span> <span class='ocrx_word' id='word_1_303' title='bbox 1291 3362 1390 3430; x_wconf 78' lang='lat' dir='ltr'>neget,</span> <span class='ocrx_word' id='word_1_304' title='bbox 1409 3377 1445 3416; x_wconf 90' lang='lat' dir='ltr'>ne</span> <span class='ocrx_word' id='word_1_305' title='bbox 1465 3359 1574 3417; x_wconf 84' lang='lat' dir='ltr'>duabus</span> <span class='ocrx_word' id='word_1_306' title='bbox 1592 3377 1693 3417; x_wconf 90' lang='lat' dir='ltr'>conso-</span> 
     </span>
     <span class='ocr_line' id='line_1_31' title="bbox 332 3436 1693 3513; baseline -0.001 -15"><span class='ocrx_word' id='word_1_307' title='bbox 332 3441 490 3506; x_wconf 76' lang='lat' dir='ltr'>,nsntibus</span> <span class='ocrx_word' id='word_1_308' title='bbox 514 3440 610 3499; x_wconf 78' lang='lat' dir='ltr'>medis</span> <span class='ocrx_word' id='word_1_309' title='bbox 634 3437 793 3496; x_wconf 79' lang='lat' dir='ltr'>intercedat</span> <span class='ocrx_word' id='word_1_310' title='bbox 816 3436 985 3508; x_wconf 78' lang='lat' dir='ltr'>adspiratio,</span> <span class='ocrx_word' id='word_1_311' title='bbox 1009 3437 1086 3507; x_wconf 90' lang='lat' dir='ltr'>quod</span> <span class='ocrx_word' id='word_1_312' title='bbox 1110 3436 1228 3492; x_wconf 85' lang='lat' dir='ltr'>minime</span> <span class='ocrx_word' id='word_1_313' title='bbox 1251 3440 1362 3495; x_wconf 90' lang='lat' dir='ltr'>rectum</span> <span class='ocrx_word' id='word_1_314' title='bbox 1385 3441 1510 3513; x_wconf 83' lang='lat' dir='ltr'>antiquis</span> <span class='ocrx_word' id='word_1_315' title='bbox 1538 3440 1693 3497; x_wconf 85' lang='lat' dir='ltr'>videhstur</span> 
     </span>
     <span class='ocr_line' id='line_1_32' title="bbox 357 3515 1695 3594; baseline -0.004 -14"><span class='ocrx_word' id='word_1_316' title='bbox 357 3523 505 3580; x_wconf 71' lang='lat' dir='ltr'>Chorotus</span> <span class='ocrx_word' id='word_1_317' title='bbox 519 3527 654 3594; x_wconf 83' lang='lat' dir='ltr'>p.73,17</span> <span class='ocrx_word' id='word_1_318' title='bbox 719 3520 784 3576; x_wconf 81' lang='lat' dir='ltr'>tin</span> <span class='ocrx_word' id='word_1_319' title='bbox 800 3517 1003 3576; x_wconf 72' lang='lat' dir='ltr'>consuetudini</span> <span class='ocrx_word' id='word_1_320' title='bbox 1023 3516 1113 3572; x_wconf 83' lang='lat' dir='ltr'>BPu</span> <span class='ocrx_word' id='word_1_321' title='bbox 1169 3515 1374 3576; x_wconf 86' lang='lat' dir='ltr'>nihilhominus</span> <span class='ocrx_word' id='word_1_322' title='bbox 1393 3521 1422 3580; x_wconf 88' lang='grc' dir='ltr'><strong><em>Β</em></strong></span> <span class='ocrx_word' id='word_1_323' title='bbox 1441 3522 1642 3580; x_wconf 81' lang='lat' dir='ltr'>nichilominus</span> <span class='ocrx_word' id='word_1_324' title='bbox 1664 3521 1695 3574; x_wconf 95' lang='lat' dir='ltr'><strong><em>P</em></strong></span> 
     </span>
     <span class='ocr_line' id='line_1_33' title="bbox 412 3596 1693 3675; baseline -0.002 -15"><span class='ocrx_word' id='word_1_325' title='bbox 412 3620 447 3660; x_wconf 89' lang='lat' dir='ltr'>ex</span> <span class='ocrx_word' id='word_1_326' title='bbox 465 3604 496 3659; x_wconf 93' lang='lat' dir='ltr'>hi</span> <span class='ocrx_word' id='word_1_327' title='bbox 515 3608 560 3675; x_wconf 83' lang='lat' dir='ltr'>(ex</span> <span class='ocrx_word' id='word_1_328' title='bbox 574 3602 586 3658; x_wconf 93' lang='lat' dir='ltr'>i</span> <span class='ocrx_word' id='word_1_329' title='bbox 601 3602 641 3672; x_wconf 89' lang='lat' dir='ltr'>P)</span> <span class='ocrx_word' id='word_1_330' title='bbox 659 3601 756 3658; x_wconf 87' lang='lat' dir='ltr'>littere</span> <span class='ocrx_word' id='word_1_331' title='bbox 770 3599 989 3658; x_wconf 87' lang='lat' dir='ltr'>tennutisndum</span> <span class='ocrx_word' id='word_1_332' title='bbox 1003 3596 1067 3651; x_wconf 90' lang='lat' dir='ltr'>BP</span> <span class='ocrx_word' id='word_1_333' title='bbox 1085 3596 1198 3654; x_wconf 83' lang='lat' dir='ltr'>exiliter</span> <span class='ocrx_word' id='word_1_334' title='bbox 1212 3615 1228 3654; x_wconf 93' lang='lat' dir='ltr'>c</span> <span class='ocrx_word' id='word_1_335' title='bbox 1242 3602 1448 3660; x_wconf 87' lang='lat' dir='ltr'>enuntiandum</span> <span class='ocrx_word' id='word_1_336' title='bbox 1463 3625 1485 3660; x_wconf 83' lang='lat' dir='ltr'>os</span> <span class='ocrx_word' id='word_1_337' title='bbox 1506 3604 1574 3660; x_wconf 84' lang='lat' dir='ltr'>exili</span> <span class='ocrx_word' id='word_1_338' title='bbox 1592 3603 1693 3660; x_wconf 84' lang='lat' dir='ltr'>littera</span> 
     </span>
     <span class='ocr_line' id='line_1_34' title="bbox 358 3680 1692 3750; baseline -0.004 -8"><span class='ocrx_word' id='word_1_339' title='bbox 358 3703 373 3742; x_wconf 94' lang='lat' dir='ltr'>c</span> <span class='ocrx_word' id='word_1_340' title='bbox 392 3684 598 3742; x_wconf 86' lang='lat' dir='ltr'>enuntiandum</span> <span class='ocrx_word' id='word_1_341' title='bbox 618 3684 824 3739; x_wconf 80' lang='lat' dir='ltr'>Wslrnannsius</span> <span class='ocrx_word' id='word_1_342' title='bbox 841 3684 874 3739; x_wconf 83' lang='lat' dir='ltr'>dc</span> <span class='ocrx_word' id='word_1_343' title='bbox 894 3681 976 3738; x_wconf 69' lang='lat' dir='ltr'>Van.</span> <span class='ocrx_word' id='word_1_344' title='bbox 997 3680 1059 3735; x_wconf 82' lang='lat' dir='ltr'>libr.</span> <span class='ocrx_word' id='word_1_345' title='bbox 1078 3696 1193 3749; x_wconf 76' lang='lat' dir='ltr'>gromen.</span> <span class='ocrx_word' id='word_1_346' title='bbox 1209 3697 1240 3750; x_wconf 81' lang='lat' dir='ltr'>p.</span> <span class='ocrx_word' id='word_1_347' title='bbox 1260 3686 1316 3737; x_wconf 67' lang='grc'>184</span> <span class='ocrx_word' id='word_1_348' title='bbox 1391 3689 1406 3738; x_wconf 83' lang='lat' dir='ltr'>i</span> <span class='ocrx_word' id='word_1_349' title='bbox 1425 3689 1529 3742; x_wconf 86' lang='lat' dir='ltr'>ustura</span> <span class='ocrx_word' id='word_1_350' title='bbox 1547 3684 1643 3740; x_wconf 85' lang='lat' dir='ltr'>medis</span> <span class='ocrx_word' id='word_1_351' title='bbox 1661 3683 1692 3737; x_wconf 91' lang='grc' dir='ltr'><strong><em>Β</em></strong></span> 
     </span>
     <span class='ocr_line' id='line_1_35' title="bbox 356 3759 1692 3832; baseline -0.004 -10"><span class='ocrx_word' id='word_1_352' title='bbox 356 3767 489 3822; x_wconf 80' lang='lat' dir='ltr'>nstnrsm</span> <span class='ocrx_word' id='word_1_353' title='bbox 507 3764 632 3822; x_wconf 85' lang='lat' dir='ltr'>mediam</span> <span class='ocrx_word' id='word_1_354' title='bbox 654 3763 707 3819; x_wconf 83' lang='lat' dir='ltr'>Pu</span> <span class='ocrx_word' id='word_1_355' title='bbox 728 3767 858 3820; x_wconf 74' lang='lat' dir='ltr'>noima</span> <span class='ocrx_word' id='word_1_356' title='bbox 876 3761 906 3818; x_wconf 91' lang='lat' dir='ltr'>in</span> <span class='ocrx_word' id='word_1_357' title='bbox 925 3760 1020 3818; x_wconf 85' lang='lat' dir='ltr'>medio</span> <span class='ocrx_word' id='word_1_358' title='bbox 1037 3759 1187 3816; x_wconf 82' lang='lat' dir='ltr'>Putscbius</span> <span class='ocrx_word' id='word_1_359' title='bbox 1260 3763 1392 3832; x_wconf 86' lang='lat' dir='ltr'>quamuis</span> <span class='ocrx_word' id='word_1_360' title='bbox 1411 3764 1515 3821; x_wconf 85' lang='lat' dir='ltr'>Santra</span> <span class='ocrx_word' id='word_1_361' title='bbox 1531 3764 1692 3830; x_wconf 82' lang='lat' dir='ltr'>Pntscisine,</span> 
     </span>
     <span class='ocr_line' id='line_1_36' title="bbox 358 3840 1692 3919; baseline -0.003 -16"><span class='ocrx_word' id='word_1_362' title='bbox 358 3848 475 3919; x_wconf 82' lang='lat' dir='ltr'>qnsimui</span> <span class='ocrx_word' id='word_1_363' title='bbox 494 3848 592 3902; x_wconf 77' lang='lat' dir='ltr'>santra</span> <span class='ocrx_word' id='word_1_364' title='bbox 604 3845 633 3900; x_wconf 95' lang='grc' dir='ltr'><strong><em>Β</em></strong></span> <span class='ocrx_word' id='word_1_365' title='bbox 653 3845 784 3917; x_wconf 81' lang='lat' dir='ltr'>quemuis</span> <span class='ocrx_word' id='word_1_366' title='bbox 799 3848 887 3901; x_wconf 84' lang='lat' dir='ltr'>anien</span> <span class='ocrx_word' id='word_1_367' title='bbox 904 3843 957 3899; x_wconf 79' lang='lat' dir='ltr'>Pu</span> <span class='ocrx_word' id='word_1_368' title='bbox 1031 3840 1227 3912; x_wconf 66' lang='lat' dir='ltr'>spoliaturum</span> <span class='ocrx_word' id='word_1_369' title='bbox 1246 3841 1276 3898; x_wconf 88' lang='lat' dir='ltr'>in</span> <span class='ocrx_word' id='word_1_370' title='bbox 1290 3845 1461 3902; x_wconf 82' lang='lat' dir='ltr'>messoribus</span> <span class='ocrx_word' id='word_1_371' title='bbox 1480 3850 1577 3902; x_wconf 80' lang='lat' dir='ltr'>tumen</span> <span class='ocrx_word' id='word_1_372' title='bbox 1593 3861 1692 3915; x_wconf 84' lang='lat' dir='ltr'>qnem-</span> 
     </span>
     <span class='ocr_line' id='line_1_37' title="bbox 357 3917 1695 3997; baseline -0.003 -13"><span class='ocrx_word' id='word_1_373' title='bbox 357 3927 402 3984; x_wconf 92' lang='lat' dir='ltr'>nis</span> <span class='ocrx_word' id='word_1_374' title='bbox 428 3927 474 3984; x_wconf 85' lang='lat' dir='ltr'>liti</span> <span class='ocrx_word' id='word_1_375' title='bbox 499 3931 611 3983; x_wconf 88' lang='lat' dir='ltr'>recuset</span> <span class='ocrx_word' id='word_1_376' title='bbox 635 3927 710 3982; x_wconf 82' lang='lat' dir='ltr'>rstio</span> <span class='ocrx_word' id='word_1_377' title='bbox 735 3926 763 3981; x_wconf 94' lang='grc' dir='ltr'><strong><em>Β</em></strong></span> <span class='ocrx_word' id='word_1_378' title='bbox 788 3924 980 3996; x_wconf 78' lang='lat' dir='ltr'>polichronim</span> <span class='ocrx_word' id='word_1_379' title='bbox 1006 3917 1184 3979; x_wconf 71' lang='lat' dir='ltr'>mentoribns</span> <span class='ocrx_word' id='word_1_380' title='bbox 1207 3926 1305 3980; x_wconf 87' lang='lat' dir='ltr'>tamen</span> <span class='ocrx_word' id='word_1_381' title='bbox 1329 3928 1460 3997; x_wconf 85' lang='lat' dir='ltr'>quamuis</span> <span class='ocrx_word' id='word_1_382' title='bbox 1487 3927 1587 3984; x_wconf 83' lang='lat' dir='ltr'>literae</span> <span class='ocrx_word' id='word_1_383' title='bbox 1612 3929 1695 3983; x_wconf 85' lang='lat' dir='ltr'>cuset</span> 
     </span>
     <span class='ocr_line' id='line_1_38' title="bbox 357 4001 1695 4081; baseline -0.007 -12"><span class='ocrx_word' id='word_1_384' title='bbox 357 4003 433 4069; x_wconf 73' lang='lat' dir='ltr'>rstio&#39;</span> <span class='ocrx_word' id='word_1_385' title='bbox 449 4011 478 4066; x_wconf 92' lang='lat' dir='ltr'><em>P</em></span> <span class='ocrx_word' id='word_1_386' title='bbox 489 4005 651 4080; x_wconf 67' lang='lat' dir='ltr'>noidgpouv</span> <span class='ocrx_word' id='word_1_387' title='bbox 670 4008 710 4078; x_wconf 91' lang='lat' dir='ltr'>(in</span> <span class='ocrx_word' id='word_1_388' title='bbox 725 4009 790 4063; x_wconf 84' lang='lat' dir='ltr'>add.</span> <span class='ocrx_word' id='word_1_389' title='bbox 808 4007 979 4076; x_wconf 77' lang='lat' dir='ltr'>Puisclrius).</span> <span class='ocrx_word' id='word_1_390' title='bbox 1005 4001 1182 4061; x_wconf 86' lang='lat' dir='ltr'>Mensoribns</span> <span class='ocrx_word' id='word_1_391' title='bbox 1197 4009 1294 4064; x_wconf 88' lang='lat' dir='ltr'>tamen</span> <span class='ocrx_word' id='word_1_392' title='bbox 1312 4011 1443 4081; x_wconf 85' lang='lat' dir='ltr'>quamuis</span> <span class='ocrx_word' id='word_1_393' title='bbox 1456 4009 1558 4067; x_wconf 78' lang='lat' dir='ltr'>literae</span> <span class='ocrx_word' id='word_1_394' title='bbox 1577 4009 1695 4065; x_wconf 88' lang='lat' dir='ltr'>accuset</span> 
     </span>
     <span class='ocr_line' id='line_1_39' title="bbox 358 4087 1689 4165; baseline -0.006 -17"><span class='ocrx_word' id='word_1_395' title='bbox 358 4091 416 4165; x_wconf 89' lang='lat' dir='ltr'>(liti</span> <span class='ocrx_word' id='word_1_396' title='bbox 433 4093 546 4148; x_wconf 87' lang='lat' dir='ltr'>recuset</span> <span class='ocrx_word' id='word_1_397' title='bbox 566 4089 727 4160; x_wconf 74' lang='lat' dir='ltr'>Potentius)</span> <span class='ocrx_word' id='word_1_398' title='bbox 746 4087 820 4144; x_wconf 88' lang='lat' dir='ltr'>rstio</span> <span class='ocrx_word' id='word_1_399' title='bbox 840 4109 862 4144; x_wconf 83' lang='grc' dir='ltr'><strong><em>ω</em></strong></span> <span class='ocrx_word' id='word_1_400' title='bbox 881 4095 907 4144; x_wconf 83' lang='lat' dir='ltr'>et</span> <span class='ocrx_word' id='word_1_401' title='bbox 922 4088 1074 4144; x_wconf 79' lang='lat' dir='ltr'>Putaclsius</span> <span class='ocrx_word' id='word_1_402' title='bbox 1146 4093 1162 4141; x_wconf 83' lang='lat'>9</span> <span class='ocrx_word' id='word_1_403' title='bbox 1183 4088 1286 4144; x_wconf 87' lang='lat' dir='ltr'>metior</span> <span class='ocrx_word' id='word_1_404' title='bbox 1304 4091 1488 4149; x_wconf 73' lang='lat' dir='ltr'>Seleuciderus</span> <span class='ocrx_word' id='word_1_405' title='bbox 1505 4107 1620 4162; x_wconf 66' lang='lat' dir='ltr'>mamm.</span> <span class='ocrx_word' id='word_1_406' title='bbox 1640 4089 1689 4142; x_wconf 84' lang='lat' dir='ltr'>lot.</span> 
     </span>
     <span class='ocr_line' id='line_1_40' title="bbox 361 4168 1631 4246; baseline -0.005 -17"><span class='ocrx_word' id='word_1_407' title='bbox 361 4175 382 4228; x_wconf 88' lang='lat' dir='ltr'><em>I</em></span> <span class='ocrx_word' id='word_1_408' title='bbox 396 4191 426 4246; x_wconf 87' lang='lat' dir='ltr'>p.</span> <span class='ocrx_word' id='word_1_409' title='bbox 446 4177 510 4240; x_wconf 71' lang='lat'><strong><em>457,</em></strong></span> <span class='ocrx_word' id='word_1_410' title='bbox 529 4171 632 4228; x_wconf 84' lang='lat' dir='ltr'>metiar</span> <span class='ocrx_word' id='word_1_411' title='bbox 650 4169 742 4225; x_wconf 85' lang='lat' dir='ltr'>BPn</span> <span class='ocrx_word' id='word_1_412' title='bbox 816 4176 850 4226; x_wconf 87' lang='lat'>10</span> <span class='ocrx_word' id='word_1_413' title='bbox 869 4172 967 4238; x_wconf 80' lang='lat' dir='ltr'>temen</span> <span class='ocrx_word' id='word_1_414' title='bbox 985 4185 1050 4226; x_wconf 82' lang='lat' dir='ltr'>esna</span> <span class='ocrx_word' id='word_1_415' title='bbox 1069 4168 1244 4225; x_wconf 86' lang='lat' dir='ltr'>consuetudo</span> <span class='ocrx_word' id='word_1_416' title='bbox 1266 4169 1320 4228; x_wconf 83' lang='lat' dir='ltr'>Pu</span> <span class='ocrx_word' id='word_1_417' title='bbox 1394 4174 1424 4228; x_wconf 92' lang='lat' dir='ltr'>in</span> <span class='ocrx_word' id='word_1_418' title='bbox 1443 4169 1583 4242; x_wconf 87' lang='lat' dir='ltr'>coniugiis</span> <span class='ocrx_word' id='word_1_419' title='bbox 1601 4169 1631 4223; x_wconf 91' lang='lat' dir='ltr'><strong><em>B</em></strong></span> 
     </span>
    </p>
   </div>
   <div class='ocr_carea' id='block_1_9' title="bbox 227 4248 1695 4323">
    <p class='ocr_par' dir='ltr' id='par_1_10' title="bbox 227 4248 1695 4323">
     <span class='ocr_line' id='line_1_41' title="bbox 227 4248 1695 4323; baseline -0.004 -13"><span class='ocrx_word' id='word_1_420' title='bbox 227 4267 241 4278; x_wconf 82' lang='grc'><em>“</em></span> <span class='ocrx_word' id='word_1_421' title='bbox 359 4260 393 4310; x_wconf 75' lang='lat' dir='ltr'>ti</span> <span class='ocrx_word' id='word_1_422' title='bbox 413 4273 432 4309; x_wconf 89' lang='lat' dir='ltr'>n</span> <span class='ocrx_word' id='word_1_423' title='bbox 452 4271 503 4310; x_wconf 89' lang='lat' dir='ltr'>om.</span> <span class='ocrx_word' id='word_1_424' title='bbox 523 4252 613 4308; x_wconf 78' lang='lat' dir='ltr'>BPos</span> <span class='ocrx_word' id='word_1_425' title='bbox 686 4249 853 4323; x_wconf 89' lang='lat' dir='ltr'>genetinum</span> <span class='ocrx_word' id='word_1_426' title='bbox 873 4267 931 4307; x_wconf 86' lang='lat' dir='ltr'>non</span> <span class='ocrx_word' id='word_1_427' title='bbox 950 4249 1171 4322; x_wconf 88' lang='lat' dir='ltr'>coniungis....</span> <span class='ocrx_word' id='word_1_428' title='bbox 1191 4251 1220 4318; x_wconf 89' lang='lat' dir='ltr'>(s</span> <span class='ocrx_word' id='word_1_429' title='bbox 1239 4267 1294 4308; x_wconf 82' lang='lat' dir='ltr'>ros.</span> <span class='ocrx_word' id='word_1_430' title='bbox 1314 4253 1347 4308; x_wconf 82' lang='lat' dir='ltr'>in</span> <span class='ocrx_word' id='word_1_431' title='bbox 1366 4253 1470 4308; x_wconf 81' lang='lat' dir='ltr'>lacuna</span> <span class='ocrx_word' id='word_1_432' title='bbox 1492 4250 1614 4322; x_wconf 74' lang='lat' dir='ltr'>quinque</span> <span class='ocrx_word' id='word_1_433' title='bbox 1635 4248 1695 4316; x_wconf 75' lang='lat' dir='ltr'>fere</span> 
     </span>
    </p>
   </div>
   <div class='ocr_carea' id='block_1_10' title="bbox 309 4329 1799 4974">
    <p class='ocr_par' dir='ltr' id='par_1_11' title="bbox 309 4329 1799 4974">
     <span class='ocr_line' id='line_1_42' title="bbox 309 4329 1695 4405; baseline -0.006 -14"><span class='ocrx_word' id='word_1_434' title='bbox 309 4343 315 4350; x_wconf 82' lang='grc'>’</span> <span class='ocrx_word' id='word_1_435' title='bbox 360 4337 525 4405; x_wconf 70' lang='lat' dir='ltr'>litterarum)</span> <span class='ocrx_word' id='word_1_436' title='bbox 546 4333 597 4391; x_wconf 90' lang='lat' dir='ltr'>sed</span> <span class='ocrx_word' id='word_1_437' title='bbox 615 4331 643 4387; x_wconf 93' lang='grc' dir='ltr'><strong><em>Β</em></strong></span> <span class='ocrx_word' id='word_1_438' title='bbox 662 4333 797 4404; x_wconf 87' lang='lat' dir='ltr'>genetiuo</span> <span class='ocrx_word' id='word_1_439' title='bbox 816 4349 872 4388; x_wconf 92' lang='lat' dir='ltr'>non</span> <span class='ocrx_word' id='word_1_440' title='bbox 892 4331 1026 4404; x_wconf 89' lang='lat' dir='ltr'>coniungi</span> <span class='ocrx_word' id='word_1_441' title='bbox 1044 4331 1094 4388; x_wconf 87' lang='lat' dir='ltr'>sed</span> <span class='ocrx_word' id='word_1_442' title='bbox 1115 4331 1143 4386; x_wconf 94' lang='lat' dir='ltr'><strong><em>P</em></strong></span> <span class='ocrx_word' id='word_1_443' title='bbox 1254 4339 1285 4388; x_wconf 82' lang='lat'>1³</span> <span class='ocrx_word' id='word_1_444' title='bbox 1306 4333 1366 4389; x_wconf 85' lang='lat' dir='ltr'>sive</span> <span class='ocrx_word' id='word_1_445' title='bbox 1384 4329 1564 4388; x_wconf 72' lang='lat' dir='ltr'>adiciendum</span> <span class='ocrx_word' id='word_1_446' title='bbox 1583 4345 1634 4385; x_wconf 78' lang='lat' dir='ltr'>oen.</span> <span class='ocrx_word' id='word_1_447' title='bbox 1656 4329 1695 4396; x_wconf 91' lang='lat' dir='ltr'>P,</span> 
     </span>
     <span class='ocr_line' id='line_1_43' title="bbox 360 4410 1696 4485; baseline -0.006 -13"><span class='ocrx_word' id='word_1_448' title='bbox 360 4417 425 4473; x_wconf 83' lang='lat' dir='ltr'>odd.</span> <span class='ocrx_word' id='word_1_449' title='bbox 445 4415 501 4471; x_wconf 86' lang='grc' dir='ltr'>Βω</span> <span class='ocrx_word' id='word_1_450' title='bbox 577 4418 611 4468; x_wconf 82' lang='lat' dir='ltr'>tt</span> <span class='ocrx_word' id='word_1_451' title='bbox 630 4429 650 4467; x_wconf 91' lang='lat' dir='ltr'>u</span> <span class='ocrx_word' id='word_1_452' title='bbox 667 4411 776 4485; x_wconf 78' lang='lat' dir='ltr'>litters]</span> <span class='ocrx_word' id='word_1_453' title='bbox 797 4431 823 4470; x_wconf 91' lang='lat' dir='ltr'>n.</span> <span class='ocrx_word' id='word_1_454' title='bbox 843 4411 862 4467; x_wconf 83' lang='lat' dir='ltr'>i</span> <span class='ocrx_word' id='word_1_455' title='bbox 882 4412 911 4467; x_wconf 93' lang='grc' dir='ltr'><strong><em>Β</em></strong></span> <span class='ocrx_word' id='word_1_456' title='bbox 999 4418 1032 4468; x_wconf 78' lang='lat'>15</span> <span class='ocrx_word' id='word_1_457' title='bbox 1051 4413 1169 4483; x_wconf 87' lang='lat' dir='ltr'>psulnm</span> <span class='ocrx_word' id='word_1_458' title='bbox 1189 4415 1219 4468; x_wconf 87' lang='lat' dir='ltr'>et</span> <span class='ocrx_word' id='word_1_459' title='bbox 1236 4412 1384 4484; x_wconf 87' lang='lat' dir='ltr'>paululum</span> <span class='ocrx_word' id='word_1_460' title='bbox 1404 4433 1425 4468; x_wconf 85' lang='grc' dir='ltr'><strong><em>ω</em></strong></span> <span class='ocrx_word' id='word_1_461' title='bbox 1444 4413 1575 4484; x_wconf 81' lang='lat' dir='ltr'>paullum</span> <span class='ocrx_word' id='word_1_462' title='bbox 1594 4410 1696 4480; x_wconf 82' lang='lat' dir='ltr'>(deleta</span> 
     </span>
     <span class='ocr_line' id='line_1_44' title="bbox 356 4491 1696 4567; baseline -0.004 -15"><span class='ocrx_word' id='word_1_463' title='bbox 356 4497 454 4567; x_wconf 84' lang='lat' dir='ltr'>priore</span> <span class='ocrx_word' id='word_1_464' title='bbox 471 4496 493 4566; x_wconf 91' lang='grc'>1)</span> <span class='ocrx_word' id='word_1_465' title='bbox 513 4497 542 4552; x_wconf 90' lang='lat' dir='ltr'>et</span> <span class='ocrx_word' id='word_1_466' title='bbox 560 4493 708 4566; x_wconf 85' lang='lat' dir='ltr'>paulinum</span> <span class='ocrx_word' id='word_1_467' title='bbox 727 4493 755 4548; x_wconf 91' lang='grc' dir='ltr'><strong><em>Β</em></strong></span> <span class='ocrx_word' id='word_1_468' title='bbox 774 4493 902 4565; x_wconf 76' lang='lat' dir='ltr'>paullum</span> <span class='ocrx_word' id='word_1_469' title='bbox 922 4497 953 4550; x_wconf 86' lang='lat' dir='ltr'>et</span> <span class='ocrx_word' id='word_1_470' title='bbox 970 4494 1129 4566; x_wconf 85' lang='lat' dir='ltr'>paullinum</span> <span class='ocrx_word' id='word_1_471' title='bbox 1151 4493 1180 4548; x_wconf 96' lang='lat' dir='ltr'><strong><em>P</em></strong></span> <span class='ocrx_word' id='word_1_472' title='bbox 1288 4500 1321 4548; x_wconf 80' lang='lat' dir='ltr'>lu</span> <span class='ocrx_word' id='word_1_473' title='bbox 1340 4493 1395 4549; x_wconf 82' lang='lat' dir='ltr'>hec</span> <span class='ocrx_word' id='word_1_474' title='bbox 1414 4491 1511 4548; x_wconf 85' lang='lat' dir='ltr'>litters</span> <span class='ocrx_word' id='word_1_475' title='bbox 1529 4491 1696 4548; x_wconf 85' lang='lat' dir='ltr'>enuntietur</span> 
     </span>
     <span class='ocr_line' id='line_1_45' title="bbox 360 4571 1694 4647; baseline -0.001 -15"><span class='ocrx_word' id='word_1_476' title='bbox 360 4577 416 4633; x_wconf 85' lang='grc' dir='ltr'>Βω</span> <span class='ocrx_word' id='word_1_477' title='bbox 440 4577 493 4634; x_wconf 90' lang='lat' dir='ltr'>hee</span> <span class='ocrx_word' id='word_1_478' title='bbox 516 4576 613 4633; x_wconf 87' lang='lat' dir='ltr'>litters</span> <span class='ocrx_word' id='word_1_479' title='bbox 637 4575 787 4632; x_wconf 84' lang='lat' dir='ltr'>nuncietur</span> <span class='ocrx_word' id='word_1_480' title='bbox 811 4576 840 4631; x_wconf 94' lang='lat' dir='ltr'><strong><em>P</em></strong></span> <span class='ocrx_word' id='word_1_481' title='bbox 917 4581 920 4588; x_wconf 83' lang='lat'>&#39;</span> <span class='ocrx_word' id='word_1_482' title='bbox 949 4582 981 4632; x_wconf 83' lang='lat' dir='ltr'>ta</span> <span class='ocrx_word' id='word_1_483' title='bbox 1008 4580 1041 4633; x_wconf 88' lang='lat' dir='ltr'>nt</span> <span class='ocrx_word' id='word_1_484' title='bbox 1064 4576 1174 4647; x_wconf 88' lang='lat' dir='ltr'>pollnm</span> <span class='ocrx_word' id='word_1_485' title='bbox 1193 4577 1223 4630; x_wconf 87' lang='lat' dir='ltr'>et</span> <span class='ocrx_word' id='word_1_486' title='bbox 1240 4573 1377 4646; x_wconf 89' lang='lat' dir='ltr'>pusillum</span> <span class='ocrx_word' id='word_1_487' title='bbox 1397 4573 1426 4628; x_wconf 98' lang='lat' dir='ltr'><strong><em>P</em></strong></span> <span class='ocrx_word' id='word_1_488' title='bbox 1442 4575 1475 4628; x_wconf 91' lang='lat' dir='ltr'>ut</span> <span class='ocrx_word' id='word_1_489' title='bbox 1493 4571 1590 4644; x_wconf 85' lang='lat' dir='ltr'>polum</span> <span class='ocrx_word' id='word_1_490' title='bbox 1611 4573 1694 4642; x_wconf 79' lang='lat' dir='ltr'>(corr.</span> 
     </span>
     <span class='ocr_line' id='line_1_46' title="bbox 360 4651 1694 4730; baseline -0.001 -17"><span class='ocrx_word' id='word_1_491' title='bbox 360 4657 469 4730; x_wconf 84' lang='lat' dir='ltr'>polium</span> <span class='ocrx_word' id='word_1_492' title='bbox 486 4658 513 4727; x_wconf 89' lang='lat' dir='ltr'>b)</span> <span class='ocrx_word' id='word_1_493' title='bbox 534 4660 563 4712; x_wconf 92' lang='lat' dir='ltr'>et</span> <span class='ocrx_word' id='word_1_494' title='bbox 576 4657 693 4729; x_wconf 85' lang='lat' dir='ltr'>psillnm</span> <span class='ocrx_word' id='word_1_495' title='bbox 708 4656 736 4711; x_wconf 91' lang='grc' dir='ltr'><strong><em>Β</em></strong></span> <span class='ocrx_word' id='word_1_496' title='bbox 755 4657 788 4713; x_wconf 91' lang='lat' dir='ltr'>nt</span> <span class='ocrx_word' id='word_1_497' title='bbox 801 4657 912 4728; x_wconf 88' lang='lat' dir='ltr'>polium</span> <span class='ocrx_word' id='word_1_498' title='bbox 926 4661 956 4715; x_wconf 88' lang='lat' dir='ltr'>et</span> <span class='ocrx_word' id='word_1_499' title='bbox 969 4657 1096 4730; x_wconf 85' lang='lat' dir='ltr'>pisillum</span> <span class='ocrx_word' id='word_1_500' title='bbox 1112 4679 1133 4713; x_wconf 85' lang='grc' dir='ltr'><strong><em>ω</em></strong></span> <span class='ocrx_word' id='word_1_501' title='bbox 1152 4660 1185 4714; x_wconf 90' lang='lat' dir='ltr'>ut</span> <span class='ocrx_word' id='word_1_502' title='bbox 1202 4657 1312 4728; x_wconf 84' lang='lat' dir='ltr'>pollam</span> <span class='ocrx_word' id='word_1_503' title='bbox 1327 4658 1358 4712; x_wconf 88' lang='lat' dir='ltr'>et</span> <span class='ocrx_word' id='word_1_504' title='bbox 1375 4655 1517 4726; x_wconf 89' lang='lat' dir='ltr'>pollulum</span> <span class='ocrx_word' id='word_1_505' title='bbox 1533 4651 1694 4711; x_wconf 77' lang='lat' dir='ltr'>Potentius.</span> 
     </span>
     <span class='ocr_line' id='line_1_47' title="bbox 361 4733 1799 4811; baseline -0.003 -17"><span class='ocrx_word' id='word_1_506' title='bbox 361 4739 473 4811; x_wconf 86' lang='lat' dir='ltr'>pallum</span> <span class='ocrx_word' id='word_1_507' title='bbox 492 4755 526 4794; x_wconf 75' lang='lat' dir='ltr'>ee</span> <span class='ocrx_word' id='word_1_508' title='bbox 550 4737 627 4794; x_wconf 83' lang='lat' dir='ltr'>Velio</span> <span class='ocrx_word' id='word_1_509' title='bbox 645 4739 743 4810; x_wconf 74' lang='lat' dir='ltr'>leupo</span> <span class='ocrx_word' id='word_1_510' title='bbox 758 4757 789 4810; x_wconf 83' lang='lat' dir='ltr'>p.</span> <span class='ocrx_word' id='word_1_511' title='bbox 809 4743 891 4796; x_wconf 76' lang='lat'><strong><em>2238</em></strong></span> <span class='ocrx_word' id='word_1_512' title='bbox 909 4755 1004 4794; x_wconf 87' lang='lat' dir='ltr'>rursus</span> <span class='ocrx_word' id='word_1_513' title='bbox 1024 4737 1092 4808; x_wconf 82' lang='lat' dir='ltr'>quia.</span> <span class='ocrx_word' id='word_1_514' title='bbox 1111 4737 1223 4810; x_wconf 88' lang='lat' dir='ltr'>pullum</span> <span class='ocrx_word' id='word_1_515' title='bbox 1241 4753 1293 4808; x_wconf 90' lang='lat' dir='ltr'>per</span> <span class='ocrx_word' id='word_1_516' title='bbox 1312 4735 1368 4792; x_wconf 89' lang='lat' dir='ltr'>duo</span> <span class='ocrx_word' id='word_1_517' title='bbox 1387 4735 1397 4789; x_wconf 95' lang='lat' dir='ltr'>l</span> <span class='ocrx_word' id='word_1_518' title='bbox 1417 4733 1579 4804; x_wconf 85' lang='lat' dir='ltr'>scribimus,</span> <span class='ocrx_word' id='word_1_519' title='bbox 1598 4735 1695 4790; x_wconf 88' lang='lat' dir='ltr'>obser·</span> <span class='ocrx_word' id='word_1_520' title='bbox 1796 4767 1799 4772; x_wconf 89' lang='lat'>·</span> 
     </span>
     <span class='ocr_line' id='line_1_48' title="bbox 363 4817 1696 4891; baseline 0 -17"><span class='ocrx_word' id='word_1_521' title='bbox 363 4822 503 4876; x_wconf 72' lang='lat' dir='ltr'>reumont</span> <span class='ocrx_word' id='word_1_522' title='bbox 521 4819 638 4890; x_wconf 86' lang='lat' dir='ltr'>quidem</span> <span class='ocrx_word' id='word_1_523' title='bbox 657 4824 691 4877; x_wconf 88' lang='lat' dir='ltr'>ut</span> <span class='ocrx_word' id='word_1_524' title='bbox 709 4821 838 4891; x_wconf 87' lang='lat' dir='ltr'>paullum</span> <span class='ocrx_word' id='word_1_525' title='bbox 856 4819 978 4891; x_wconf 86' lang='lat' dir='ltr'>repetito</span> <span class='ocrx_word' id='word_1_526' title='bbox 998 4818 1098 4875; x_wconf 86' lang='lat' dir='ltr'>eodem</span> <span class='ocrx_word' id='word_1_527' title='bbox 1119 4818 1260 4875; x_wconf 85' lang='lat' dir='ltr'>elemento</span> <span class='ocrx_word' id='word_1_528' title='bbox 1280 4817 1436 4876; x_wconf 83' lang='lat' dir='ltr'>scriberent</span> <span class='ocrx_word' id='word_1_529' title='bbox 1458 4819 1556 4886; x_wconf 83' lang='lat' dir='ltr'>recepi.</span> <span class='ocrx_word' id='word_1_530' title='bbox 1583 4817 1696 4888; x_wconf 88' lang='lat' dir='ltr'>polium</span> 
     </span>
     <span class='ocr_line' id='line_1_49' title="bbox 361 4900 1295 4974; baseline -0.002 -18"><span class='ocrx_word' id='word_1_531' title='bbox 361 4907 387 4956; x_wconf 83' lang='lat' dir='ltr'>et</span> <span class='ocrx_word' id='word_1_532' title='bbox 405 4900 545 4974; x_wconf 85' lang='lat' dir='ltr'>pollulum</span> <span class='ocrx_word' id='word_1_533' title='bbox 563 4901 687 4970; x_wconf 70' lang='lat' dir='ltr'>deferuuit</span> <span class='ocrx_word' id='word_1_534' title='bbox 705 4901 889 4959; x_wconf 78' lang='lat' dir='ltr'>Schneiderus</span> <span class='ocrx_word' id='word_1_535' title='bbox 906 4918 1021 4973; x_wconf 63' lang='lat' dir='ltr'>marom.</span> <span class='ocrx_word' id='word_1_536' title='bbox 1040 4901 1089 4956; x_wconf 86' lang='lat' dir='ltr'>lot.</span> <span class='ocrx_word' id='word_1_537' title='bbox 1109 4917 1133 4957; x_wconf 87' lang='lat' dir='ltr'>o.</span> <span class='ocrx_word' id='word_1_538' title='bbox 1155 4901 1176 4955; x_wconf 90' lang='lat' dir='ltr'><strong><em>I</em></strong></span> <span class='ocrx_word' id='word_1_539' title='bbox 1190 4917 1220 4971; x_wconf 83' lang='lat' dir='ltr'>p.</span> <span class='ocrx_word' id='word_1_540' title='bbox 1239 4905 1295 4955; x_wconf 66' lang='lat'>412</span> 
     </span>
    </p>
   </div>
   <div class='ocr_carea' id='block_1_11' title="bbox 0 0 1823 5482">
    <p class='ocr_par' dir='ltr' id='par_1_12' title="bbox 0 0 1823 5482">
     <span class='ocr_line' id='line_1_50' title="bbox 0 0 1823 5482; baseline 0 0"><span class='ocrx_word' id='word_1_541' title='bbox 0 0 1823 5482; x_wconf 95' lang='lat' dir='ltr'> </span> 
     </span>
    </p>
   </div>
  </div>
 </body>
</html>
