3604 5486
631 313 680 372 nit
709 311 971 372 nmrnnnumm
1408 308 1472 377 521

141 428 163 468 p.
179 417 242 460 rrae.
256 417 311 458 eras
324 415 350 456 a.

233 502 340 566 Frater
357 511 388 564 et
411 521 583 584 germanus.
632 504 725 567 irater
745 515 796 567 aut
815 523 852 568 er
872 502 928 566 alia
948 511 1044 564 matre
1064 511 1116 564 aut
1135 521 1171 564 ex
1191 501 1249 564 alio
1267 512 1354 584 patre
1373 510 1476 582 potest

141 631 225 698 esse,
247 630 411 696 germanus
434 631 471 674 ex
495 611 591 674 isdem
615 611 793 694 parentibus
817 615 857 674 sit
881 629 1006 674 necesse
1031 618 1085 672 est.

235 720 341 784 Sermo
365 728 397 784 et
419 719 558 802 loquella.
600 740 701 784 sermo
735 723 869 785 omnium
902 722 1039 802 gentium
1071 729 1131 803 est,
1164 718 1292 801 loquella
1325 721 1475 800 cuiusque

140 831 242 912 gentis
264 832 387 912 propria
411 823 590 915 dialectosl
645 871 648 875 -

94 957 110 998 s
233 937 342 1001 Comes
365 946 397 1002 et
424 936 566 1001 adsecula
594 947 625 1001 et
653 937 765 1001 sodalis
793 945 825 1000 et
852 936 957 1000 cliens.
1003 953 1106 999 comes
1134 939 1193 999 iter
1221 937 1307 1020 lacit,
1335 935 1474 1000 adsecula

140 1049 283 1128 sequitur
305 1050 522 1130 potentiorem,
546 1045 658 1110 sodalis
682 1047 903 1110 adulescentiae
929 1063 1039 1108 nomen
1064 1056 1124 1127 est,
1148 1045 1243 1109 cliens
1265 1066 1285 1105 s
1308 1049 1349 1110 its
1372 1063 1476 1110 comes
1504 1042 1509 1055 '

140 1165 242 1238 tutus,
265 1154 404 1220 adsecula
429 1157 597 1239 oiiiciosns,
621 1154 732 1218 sodalis
755 1159 883 1239 amicus,
907 1155 1002 1218 cliens
1026 1156 1215 1216 summissus.
1479 1158 1483 1164 '

233 1264 330 1328 Causa
353 1274 384 1328 et
406 1269 492 1329 ratio.
539 1283 629 1329 causa
654 1264 743 1329 docet
767 1267 858 1348 iacta,
884 1266 960 1327 ratio
984 1261 1073 1326 solvit
1096 1262 1234 1326 obscura.

233 1373 350 1437 Nomen
373 1385 404 1437 et
428 1372 615 1436 vocabulum.
658 1392 768 1436 nomen
793 1375 950 1456 proprium
975 1371 1101 1454 indicat,
1129 1371 1309 1436 vocabulum
1333 1372 1475 1436 diffundit

95 1504 125 1544 ro
140 1483 401 1564 significationem.

232 1590 346 1654 llorret
368 1601 400 1654 et
423 1591 561 1675 trepidat
609 1591 715 1654 horret
737 1608 864 1674 corpus,
888 1590 1019 1672 trepidat
1043 1599 1142 1654 motus
1167 1593 1266 1655 animi.

235 1699 389 1773 Quaerere
413 1711 444 1764 et
467 1703 622 1783 inquirere
643 1709 674 1762 et
693 1699 875 1762 desiderare.
923 1699 1098 1780 quaerimus
1122 1699 1325 1784 disciplinam,
1347 1702 1474 1783 inquiri·

142 1827 212 1872 mus
231 1810 268 1871 de
288 1826 349 1891 quo
369 1809 556 1893 dubitamus,
580 1807 786 1873 desideramus
807 1808 853 1870 vei
873 1808 953 1890 quod
973 1807 1125 1888 diligimus
1146 1807 1191 1870 vei
1211 1809 1292 1890 quod
1312 1811 1475 1871 amisimus.

233 1916 428 1982 Temerarius
460 1929 491 1982 et
525 1918 631 1982 audax.
683 1920 863 1981 temerarius
900 1919 966 1980 sine
1000 1925 1143 1998 respectu
1178 1917 1284 1981 salutis
1316 1916 1409 1980 obicit
1442 1935 1475 1980 se

94 2045 128 2088 rs
141 2025 300 2110 periculis,
333 2027 429 2091 audax
462 2030 527 2090 siue
561 2029 677 2090 ratione
706 2031 853 2110 impetum
881 2027 961 2090 laeit.
1008 2045 1081 2108 ergo
1110 2025 1206 2089 audax
1237 2044 1298 2088 non
1327 2025 1475 2109 providet,

142 2137 324 2198 temerarius
347 2153 409 2198 non
433 2137 528 2200 timet.

236 2241 373 2326 Longum
397 2253 428 2307 et
451 2245 635 2326 longincum.
683 2244 804 2328 longum
830 2242 1041 2326 praeverbium
1070 2253 1130 2325 est,
1158 2247 1259 2328 itaque
1283 2243 1410 2306 verbum
1434 2243 1476 2306 illi

142 2353 321 2434 opponitur:
345 2351 520 2434 longincum
542 2355 662 2416 itineris
687 2361 742 2416 est

234 2459 317 2522 l'elin
336 2471 368 2524 et
387 2462 568 2526 fortunatus.
611 2461 680 2524 ielis
701 2464 742 2525 ita
764 2471 931 2544 natusest,
955 2462 1127 2525 fortunatus
1147 2479 1217 2524 cum
1237 2459 1345 2543 opibus
1365 2477 1476 2524 nomen

97 2570 268 2650 reaccipit:
292 2571 334 2632 ita
358 2570 426 2632 ielir
453 2579 578 2633 naturae
603 2569 682 2633 bono
707 2571 834 2652 fruitur,
858 2571 1029 2632 icrtunatus
1054 2568 1211 2632 commodo
1235 2571 1390 2651 temporis.

234 2679 341 2741 Aestas
356 2687 386 2742 et
400 2687 511 2742 aestus.
549 2689 647 2742 aestas
672 2689 718 2741 est
737 2698 807 2762 pars
827 2681 910 2762 anui,
930 2688 1035 2740 aestus
1055 2677 1137 2740 calor
1156 2675 1340 2758 [temporis]
1373 2687 1477 2741 aestus

142 2804 159 2848 a
184 2787 277 2848 nimio
301 2785 400 2850 calore
425 2806 534 2851 nomen
559 2790 682 2872 accipit3
711 2798 809 2850 aestas
838 2806 948 2851 nomen
974 2805 1032 2849 nou
1057 2788 1188 2868 aruittet,
1218 2789 1335 2848 etiamsi
1363 2776 1491 2869 tempe?

143 2904 209 2958 rata
232 2904 288 2957 est.

236 3003 334 3066 Citius
363 3013 393 3067 et
426 3005 567 3070 celerius.
614 3008 704 3069 citius
737 3005 948 3088 praeverbium
982 3005 1133 3087 qualitatis
1165 3005 1345 3089 praelativae
1379 3004 1476 3068 simile

98 3133 129 3175 ss
146 3114 334 3194 cognominis
358 3110 382 3194 †
405 3133 462 3196 pro
487 3126 603 3179 matura
628 3127 674 3178 est
698 3117 788 3178 ctiam
812 3116 1042 3195 significantiam
1067 3113 1196 3199 habens,
1220 3112 1301 3178 velut
1321 3117 1384 3178 iam
1405 3115 1476 3178 lessi

142 3231 213 3284 ante
234 3231 406 3304 tempnere
427 3223 503 3286 iacta
524 3223 718 3305 utloquatur
742 3243 803 3286 non
827 3224 961 3287 ostendit
985 3222 1151 3307 qualitatis,
1175 3223 1228 3285 sed
1253 3226 1406 3306 temporis.
1446 3233 1477 3285 at

143 3329 283 3392 celeritas
307 3333 356 3394 sui
380 3335 526 3414 temporis
550 3341 597 3394 est
621 3333 765 3414 perlecta.

236 3438 332 3502 Simul
356 3449 388 3503 et
412 3459 479 3504 una.
527 3442 616 3505 simul
641 3442 740 3505 looum
765 3442 967 3524 demonstrat,
991 3459 1051 3504 una
1075 3444 1349 3522 congregationem.

234 3547 409 3612 comminus
438 3561 468 3612 et
497 3552 623 3614 eminus.
667 3554 836 3614 comminus
857 3552 1185 3629 praeceperamus,
1219 3553 1338 3613 eminus
1361 3549 1476 3633 iaculis,

100 3677 129 3719 so
144 3659 215 3739 quie
238 3657 312 3720 illud
335 3676 352 3720 a
376 3658 516 3723 manibus
539 3679 600 3723 non
624 3661 754 3744 recedit,
777 3660 835 3722 hoc
860 3678 877 3721 e
902 3657 1041 3721 manibus
1064 3661 1238 3758 emittitur..

235 3815 349 3870 blnter
367 3815 405 3871 cd
424 3817 538 3873 saecule
562 3817 592 3886 (l.
613 3817 787 3887 adseculcm)
812 3820 841 3874 ei
864 3815 998 3872 comitem
1023 3817 1052 3872 ei
1075 3815 1234 3872 clientem.
1254 3814 1408 3871 messenia
1433 3819 1477 3872 est

144 3895 262 3952 humilis
280 3911 464 3968 perseverans
483 3897 666 3969 adaequando
681 3897 710 3969 (l.
725 3915 744 3953 a
758 3897 912 3969 sequendo)
929 3914 1033 3954 nomen
1046 3898 1176 3968 trahem,
1196 3915 1291 3954 comes
1305 3897 1351 3954 rel
1366 3897 1476 3954 itineris

142 3977 314 4116 glastoniam
328 3978 511 4116 gelentiorir,
527 3977 614 4035 cliens
630 3979 793 4051 utimmqus
809 3982 838 4049 (l.
854 3981 1017 4050 utromque)
1032 3981 1090 4036 cod.
1102 3979 1192 4035 Morti.
1267 3984 1302 4034 29
1313 3977 1476 4036 Comminus

242 4065 328 4127 267,1

143 4161 362 4174 «1-

236 4211 307 4261 aex
324 4204 437 4261 hisdem
456 4204 491 4260 N
561 4207 731 4263 tadsecule
744 4197 779 4262 N
794 4205 1130 4266 ascensoriorum
1204 4203 1347 4261 daedalea
1362 4204 1475 4260 edules-

143 4294 255 4353 cenia‘as
274 4300 313 4351 n‘n
332 4301 348 4351 ὃ
367 4295 455 4352 'c'liens
475 4298 518 4352 ila
537 4314 631 4354 comer
646 4298 680 4352 N
689 4297 796 4354 sodalis
815 4294 1024 4355 adolescentiae
1039 4313 1141 4352 nomen
1156 4298 1200 4352 est
1215 4337 1222 4350 .
1238 4295 1325 4351 cliens
1340 4295 1477 4367 implorat

143 4395 229 4450 opem
248 4377 381 4434 attidem
400 4421 406 4436 .
426 4376 469 4434 iis
487 4393 582 4434 comcs
602 4395 619 4437 s
684 4379 806 4435 edocet
823 4377 968 4436 factumst
1035 4383 1068 4432 14
1088 4377 1255 4434 temerarius
1274 4377 1324 4448 qui
1342 4377 1402 4434 sins
1422 4393 1439 4436 ς

144 4465 178 4514 lt
201 4459 384 4530 lonquincam
403 4457 436 4514 N
452 4457 677 4529 longinqunms
761 4465 794 4515 18
815 4461 969 4532 opponitur
991 4460 1176 4531 lonquincum
1202 4457 1318 4515 iteneris
1337 4459 1371 4513 N
1387 4475 1474 4530 appo·

144 4541 225 4596 nitur
243 4540 431 4613 longinquam
450 4537 561 4596 itineris
579 4555 597 4598 s
669 4547 703 4596 21
724 4543 822 4597 serim
840 4557 859 4598 a
876 4541 965 4598 nimio
984 4541 1078 4597 calore
1098 4556 1202 4596 nomen
1218 4539 1361 4611 accepite
1380 4541 1476 4596 aestus

142 4620 233 4678 animi
250 4638 269 4679 a
288 4622 381 4680 colore
400 4627 439 4679 n‘n
457 4621 564 4694 occipit
581 4621 616 4676 N
696 4627 732 4676 at
755 4621 932 4694 praelusisse
956 4639 973 4682 s
991 4645 1028 4674 ττ
1046 4622 1136 4678 iatine
1163 4621 1275 4677 duodus
1302 4622 1415 4690 iitten's,
1443 4628 1476 4679 vt

142 4703 300 4771 ridebatur,
313 4702 449 4760 deleticN
497 4708 531 4758 tt
539 4719 592 4773 pro
599 4705 741 4758 maturum
750 4705 794 4760 est
803 4720 821 4763 ς
831 4747 838 4760 .
849 4711 1008 4776 corruptum
1016 4709 1176 4760 ermenoara
1190 4703 1293 4759 codicis
1305 4704 1475 4774 scripturam

143 4783 258 4840 ratmot
330 4785 423 4858 velut]
443 4785 507 4843 uls
580 4789 615 4840 26
635 4801 665 4840 re
684 4783 774 4857 facta]
794 4786 888 4843 refuta
906 4788 990 4844 editio
1009 4787 1184 4842 Asceusr'orvc
1258 4783 1475 4841 aesomnium

143 4867 175 4920 et
193 4865 303 4923 eminus
322 4866 423 4924 iaculis
446 4871 478 4922 ut
496 4865 607 4921 videtur
629 4865 663 4922 N
679 4864 812 4924 Cominus
831 4890 838 4924 ι
858 4868 958 4925 iaculis
978 4883 995 4928 ς
1014 4909 1021 4924 .
1040 4867 1229 4938 sopptaneara
1243 4866 1376 4936 prcebos't
1394 4866 1475 4922 Beda

199 4975 357 5008 ommim
372 4977 459 5008 nanu
481 4977 525 5008 var.
1221 4963 1257 5012 34
