3564 5482
536 297 1005 384 amurnannocvrrouvu
1370 322 1436 388 451

118 461 123 470 .
138 431 187 472 21⁰.
202 431 244 471 stt
259 428 285 470 11.

196 515 314 577 Abutor
337 513 388 578 llla
412 533 460 598 re,
483 514 544 577 Cic.
569 517 600 578 iu
625 513 709 578 Catil.
733 514 746 576 l
770 516 848 592 (l,!)
872 511 1039 596 abutere,
1063 513 1233 596 Catilina,
1257 513 1438 595 patientia

104 635 233 689 nostra
253 673 260 685 .
280 622 389 686 abutor
409 620 489 686 illam
508 641 588 706 rem,
612 623 671 688 Sal.
692 623 747 686 bel.
768 623 852 686 catil
872 621 973 700 (13,2)
994 621 1128 704 quibus
1152 620 1240 685 mihi
1265 620 1436 684 ridentur

104 732 276 796 ludibrio
301 733 419 796 luisse
443 732 608 814 divitiae,
641 735 778 816 quippe
812 751 901 814 quas
933 729 1067 794 habere
1102 730 1259 794 honeste
1289 728 1440 812 licebat,

34 907 37 912 ,
104 842 209 905 abuti
233 861 300 925 per
323 841 597 923 turpitudinem
620 839 885 932 properabant,
908 839 977 901 l'er.
997 839 1108 902 Andria
1128 844 1220 920 (prol.
1240 841 1275 914 5)

77 968 90 1008 s
303 968 383 1015 natu
406 953 443 1012 in
466 949 631 1032 prologis
655 949 866 1024 scribendis
890 966 1039 1031 operam
1062 947 1239 1012 abutitur.
1266 940 1269 1002 l

197 1060 325 1124 ,lbdicat
349 1078 381 1122 se
405 1059 455 1121 illa
479 1076 527 1142 re,
550 1057 610 1120 Cio.
635 1059 667 1119 in
690 1056 774 1121 Catil.
798 1057 865 1120 libr.
891 1056 932 1118 lll
956 1057 1062 1133 (6.14)
1085 1054 1263 1121 Lentulus
1292 1075 1370 1119 cum
1403 1075 1439 1117 se

106 1179 286 1251 praetura
310 1167 523 1232 abdicasset
538 1216 545 1229 .
560 1165 718 1230 abdicatur
741 1165 790 1228 illa
814 1185 879 1248 res,
905 1165 961 1228 Sat
978 1164 1056 1228 bello
1071 1165 1155 1228 Catil.
1171 1167 1280 1243 (47,3)
1294 1173 1440 1228 senatus

105 1277 284 1341 decernit
307 1279 362 1341 uti
386 1277 555 1340 abdicato
579 1278 799 1356 magistratu
824 1275 1005 1338 Lentulus
1029 1297 1046 1334 s
1070 1323 1077 1338 .

201 1387 336 1469 ‚implius
367 1385 416 1448 illa
449 1404 497 1469 re,
530 1384 590 1448 Cio.
624 1385 820 1448 frumentaria
854 1387 901 1459 (ln
939 1385 1024 1447 Verr.
1060 1385 1116 1447 III
1145 1383 1257 1460 tono)
1290 1383 1376 1466 qnid
1410 1385 1441 1446 si

69 1495 252 1560 roduabus
284 1493 454 1579 partibus
487 1493 600 1556 doceo
633 1502 667 1556 te
701 1495 857 1577 amplius
890 1495 1067 1556 lrtnueuti
1100 1492 1303 1558 abstulisse
1336 1510 1440 1574 apuam

107 1604 244 1688 populo
277 1605 435 1668 Romano
470 1605 630 1685 misisse,
664 1601 722 1666 Sal.
752 1602 831 1666 bello
860 1603 945 1667 Catil.
974 1602 1080 1682 (563)
1109 1602 1266 1685 amplius
1299 1599 1442 1665 dnobus

108 1710 269 1774 milibus.
315 1710 444 1793 amplius
472 1712 552 1774 illam
581 1729 660 1794 rem,
692 1711 774 1774 idem
802 1713 834 1774 in
863 1710 968 1774 eodem
1000 1710 1106 1790 (59,6)
1140 1711 1295 1794 amplius
1327 1729 1442 1772 aranos

78 1863 81 1871 ι
109 1823 267 1901 triginta
290 1839 370 1883 cnm
394 1839 519 1903 magna
542 1821 661 1902 gloria
685 1821 808 1884 luerat
832 1869 839 1883 .

201 1927 353 1991 Adversus
378 1928 471 2005 illius,
496 1930 555 1993 Sal.
573 1928 636 2010 lug.
661 1931 765 2006 (43))
789 1931 866 1993 acri
889 1932 967 1992 viro
992 1939 1027 1992 et
1050 1948 1265 2012 ‹puramqnam
1289 1929 1441 1991 adverso

70 2059 94 2099 n
109 2037 238 2120 populi
261 2059 279 2096 s
302 2037 331 2100 id
357 2049 405 2100 est
427 2038 571 2102 adversus
595 2039 637 2102 illi
662 2038 836 2102 nobilitatis.

201 2145 368 2209 Adversum
394 2155 422 2209 te
447 2165 502 2229 pro
527 2147 604 2229 apud
630 2158 673 2230 te,
698 2147 766 2211 Ter.
790 2148 900 2210 ¹ludria
926 2149 962 2223 (1
981 2149 1066 2224 tlt)

273 2263 310 2317 et
334 2253 368 2317 id
392 2267 534 2337 gratum
559 2257 676 2319 inisse
701 2256 894 2318 adversum
920 2267 953 2321 te
978 2257 1093 2320 babeo
1116 2261 1278 2340 gratiani.

202 2363 245 2426 sd
269 2372 301 2427 et
324 2363 402 2446 apud
427 2365 552 2426 conluse
577 2373 746 2446 ponuntur,
771 2363 857 2447 Verg.
881 2367 955 2428 den.
979 2366 991 2429 l
1015 2367 1089 2442 (24)

270 2475 384 2555 prima
408 2473 502 2555 quod
526 2473 568 2536 ad
592 2472 736 2536 Troiam
761 2493 826 2557 pro
850 2477 949 2538 carie
972 2485 1140 2558 gesserat
1164 2477 1285 2558 Argis,
1377 2510 1386 2530 ·

69 2601 95 2642 aa
110 2582 190 2645 idem
215 2583 288 2644 ben.
312 2579 352 2643 xi
376 2581 470 2656 (288)
624 2575 628 2586 ”

257 2690 434 2773 qniequid
458 2691 550 2772 apud
575 2691 675 2754 dirae
700 2702 886 2755 cessatum
911 2704 967 2756 est
990 2695 1132 2756 moenia
1157 2691 1303 2775 Troiae,

110 2801 181 2864 Ter.
207 2799 289 2862 Adel.
312 2800 384 2872 (III
404 2800 472 2876 5,2)
497 2819 563 2880 ego
587 2800 797 2886 blioionem,
830 2803 860 2864 si
885 2801 926 2863 ad
961 2801 1080 2865 lorum
1114 2812 1184 2884 est,
1217 2804 1445 2878 conveniam,

110 2909 191 2972 idem
217 2909 327 2971 Andria
357 2910 412 2982 (II
435 2909 501 2990 1,2)
535 2907 627 2991 apud
663 2909 780 2971 lorum
811 2910 915 2972 modo
949 2929 966 2972 e
999 2910 1093 2972 llavo
1126 2909 1266 2994 erudiri,
1299 2911 1359 2973 Cic.
1388 2931 1443 2993 pro

111 3019 223 3080 lloscio
248 3021 290 3097 (p.
315 3017 406 3080 Rosc.
432 3019 533 3080 Amer.
557 3018 670 3100 15,rd)
695 3036 733 3080 ac
759 3027 902 3082 tantum
927 3019 1029 3082 modo
1053 3018 1219 3083 aleretur
1244 3020 1283 3082 ad
1309 3019 1444 3103 villam,

71 3127 181 3191 ssl'er.
210 3126 291 3190 Adel.
326 3126 393 3202 (IV
417 3127 480 3203 Ῑ,1)
513 3125 607 3209 apud
641 3125 761 3188 villam
794 3138 864 3208 est,
896 3126 954 3189 Sal.
988 3125 1051 3208 lug.
1085 3128 1211 3205 (lotii)
1246 3127 1297 3191 ibi
1330 3127 1443 3192 latine

110 3271 155 3282 -
181 3253 259 3299 nam
283 3234 324 3298 ad
348 3233 577 3297 Numantiam
606 3233 708 3316 loqui
736 3233 989 3297 didicerat-
1014 3237 1192 3299 exclamat
1221 3286 1228 3299 .
1257 3237 1293 3300 ad
1322 3236 1443 3319 quidam

111 3364 167 3429 pro
197 3348 280 3408 itrxta
311 3344 356 3406 rel
384 3346 465 3407 eirca
492 3345 565 3426 poni
593 3342 699 3405 dicunt
729 3342 895 3406 Siciliensis
924 3344 1062 3427 enernplo
1092 3349 1138 3420 (in
1176 3347 1261 3408 l'err.
1292 3348 1330 3409 II
1353 3347 1443 3422 6,)7)

187 3556 280 3613 donea
300 3555 453 3614 Parrhasii
491 3554 670 3611 iabdioatur
688 3553 740 3610 illa
759 3554 815 3628 res]
835 3554 952 3611 abdicat
965 3554 1017 3611 illa
1031 3573 1062 3612 rs
1135 3556 1225 3614 ocio.
1241 3556 1444 3614 frumentarias

151 3645 184 3694 12
204 3637 328 3710 amplias
347 3636 484 3694 odiliam
503 3652 563 3692 rem
637 3635 739 3707 annos]
759 3636 795 3691 ad
815 3653 866 3692 uos
942 3643 976 3693 14
995 3639 1024 3694 et
1043 3638 1228 3710 quamquam]
1249 3656 1372 3710 aequum

113 3727 147 3777 19
168 3719 261 3792 primo
344 3724 380 3774 20
399 3720 468 3775 Aen.
489 3716 541 3772 XII
625 3723 659 3772 21
680 3716 772 3790 dirae]
792 3717 883 3774 boias
902 3718 994 3790 dirae,
1012 3720 1059 3776 sed
1077 3718 1168 3776 troiae
1187 3720 1324 3778 ntbdnma
1343 3721 1445 3777 lineola

111 3807 240 3858 notatum
312 3805 347 3856 22
366 3799 515 3856 minonem
588 3803 623 3853 25
643 3798 749 3855 latinae

113 3923 330 3934 ...ρο-μη.-

206 3989 223 4040 3
242 3983 361 4039 honeste
380 3980 485 4037 habere
504 3979 659 4036 Sallustius
733 3986 748 4036 t
768 3980 904 4038 abdicata
918 3982 970 4040 illa
983 3999 1021 4052 re,
1043 3983 1112 4040 ‘nisi
1130 3983 1211 4039 malis
1222 3981 1346 4048 ¹abdicat
1364 3983 1444 4040 illam

112 4065 184 4124 rem’
208 4065 309 4121 Maius
327 4064 360 4120 in
374 4063 493 4118 editione
507 4060 714 4117 Mediolanensi
796 4068 911 4121 senatus
925 4063 1054 4122 decernit
1067 4063 1109 4120 nti
1123 4062 1258 4120 abdicato
1272 4063 1444 4136 magistratu
1571 4090 1573 4096 ·

111 4146 398 4215 Lentulnsitemqac
418 4143 553 4200 cetariis
577 4144 675 4201 liberis
698 4143 835 4201 custodiis
853 4133 1021 4202 ¹hebetaretur
1040 4145 1194 4202 Sallentina
1268 4153 1300 4202 12
1320 4146 1443 4218 emplius

111 4247 202 4288 annos
222 4227 343 4301 triginta
361 4225 492 4284 tribunus
512 4229 562 4281 ant
580 4225 739 4297 praefectus
760 4228 810 4282 ant
828 4224 940 4299 legatus
956 4229 1007 4284 ant
1024 4229 1218 4298 praetoremn
1234 4243 1340 4298 magna
1353 4227 1446 4298 gloria
1527 4230 1536 4246 ‘

110 4314 140 4369 in
170 4311 296 4369 exercitu
324 4308 419 4366 inerat
446 4307 602 4364 Sallustium
695 4312 728 4362 14
756 4306 815 4364 acri
847 4308 908 4364 viro
937 4311 967 4364 et
992 4325 1165 4379 quamquam
1193 4307 1312 4364 adrem
1345 4309 1446 4380 populi

111 4393 253 4466 partium,
277 4391 355 4448 fama
377 4395 475 4447 manen
494 4387 638 4461 aequabili
658 4392 687 4444 et
705 4388 846 4447 inviolata
864 4392 1017 4448 Sallustios
1037 4434 1043 4446 .
1063 4390 1141 4460 apud
1159 4390 1337 4447 Anneianum
1354 4409 1444 4462 sepne-

112 4477 198 4534 batur
217 4475 333 4532 elocutio
353 4472 488 4530 adversus
506 4470 551 4528 illi
570 4489 633 4527 cnm
650 4487 701 4528 sno
719 4474 854 4544 exemplo,
881 4489 951 4544 qnae
979 4473 1012 4528 in
1034 4473 1126 4528 codice
1148 4473 1191 4528 ita
1213 4479 1347 4544 συναφέα
1369 4480 1445 4548 sunt,

112 4564 144 4614 ut
172 4557 285 4614 restitui
311 4560 450 4628 nequeam
469 4595 475 4608 .
495 4557 634 4626 inteprnm
660 4572 769 4612 versum
797 4555 930 4611 eccidisse
962 4554 1078 4610 coniecit
1105 4553 1320 4611 Lindentannus
1345 4555 1446 4611 addito

113 4643 274 4698 coniectura
303 4638 374 4694 ‘nisi
400 4639 472 4707 sorte
499 4637 589 4694 lactem
616 4639 657 4694 sic
685 4637 906 4693 cmnntaendnm
933 4641 1027 4706 putes,
1054 4635 1174 4694 adverso
1202 4636 1328 4709 populi.
1354 4635 1444 4692 idem:

114 4723 249 4778 adserens
268 4718 509 4788 blanchiniano,
529 4725 561 4774 at
580 4721 754 4790 intellipatur
773 4719 854 4774 alind
873 4721 1026 4790 exemplant
1044 4738 1062 4774 a
1081 4719 1208 4775 Salnstio
1226 4719 1400 4775 mutnetnm’

113 4811 147 4860 21
168 4805 257 4860 durae
284 4803 389 4860 codices
423 4801 542 4872 Vergilii
619 4808 654 4858 22
674 4801 700 4857 si
718 4800 794 4872 apud
813 4799 907 4856 iorum
927 4805 969 4858 est
987 4802 1091 4858 codices
1112 4800 1236 4857 Terentii
1314 4807 1348 4858 ac
1367 4801 1445 4872 apud

115 4883 301 4941 Numantiam
321 4885 426 4940 codices
444 4883 576 4940 Saunntt
