3616 5482
326 349 390 416 132
768 341 769 346 ¹
872 351 1106 411 caselouoen

320 537 493 622 disputans,
518 534 567 602 ‘ln
597 539 675 604 libro
705 535 866 604 Francisci'
887 540 1033 624 Martini,
1057 545 1155 604 omnis
1186 544 1372 625 antiquitatis
1396 553 1427 606 et
1460 542 1657 606 immanitatis

320 649 446 711 scientia
471 647 555 710 raldo
579 651 692 732 ornati,
716 652 803 714 errius
828 653 988 714 immatura
1011 661 1107 714 morte
1132 649 1250 736 abrepti
1275 653 1465 736 memoriam,
1488 669 1544 734 pro
1565 669 1601 714 eo
1620 669 1656 714 ac

318 754 427 839 debeo,
456 767 559 821 sancte
584 776 712 821 ueneror
735 767 765 820 et
794 758 875 844 colo,
903 761 1050 842 scriptum
1079 771 1144 824 erat
1169 763 1290 824 ambulo
1314 759 1431 842 adaque
1455 759 1538 823 valde
1571 777 1655 823 men·

318 863 407 950 dose,
430 885 508 948 quae
528 885 564 930 ex
590 867 758 948 fragmento
782 865 851 929 libri
870 867 1096 932 Gemblaceusis
1119 871 1150 932 in
1175 871 1279 954 paucis
1303 867 1428 952 pagellis
1452 868 1569 952 reliquo
1589 869 1655 952 alia,

317 975 347 1036 in
377 973 472 1038 lrusta
502 977 625 1038 minima
653 975 816 1057 distracto,
845 978 899 1058 ita,
927 985 962 1040 ut
990 975 1106 1040 edenda
1132 995 1221 1060 curo,
1250 975 1374 1058 legenda
1399 972 1516 1040 didici'.
1555 995 1655 1058 neque
1695 993 1697 995 ·

317 1091 418 1144 tamen
439 1081 623 1146 Cassiodorii
647 1081 719 1146 illud
746 1083 947 1166 fragmentum
972 1085 1045 1169 luit,
1069 1084 1121 1148 sed
1146 1083 1295 1167 biartpril,
1319 1105 1355 1148 ex
1375 1083 1518 1148 Bobiensi
1540 1086 1656 1169 codice,

318 1189 356 1252 de
375 1207 435 1272 quo
460 1200 564 1274 postea
588 1190 721 1276 dicetur,
744 1191 939 1278 descriptum.
979 1211 1046 1257 num
1066 1193 1145 1276 apud
1163 1192 1255 1257 'illum
1279 1193 1353 1256 haec
1375 1213 1452 1276 quae
1473 1193 1577 1258 Carrio
1601 1195 1655 1256 illo

317 1298 383 1361 loco
407 1299 495 1362 allert
513 1294 670 1384 leguntur,
694 1318 754 1363 noo
774 1301 804 1363 io
826 1304 976 1384 excerptis
996 1300 1187 1364 Cassiodorii.
1225 1301 1434 1385 supplementa
1454 1312 1554 1364 autem
1575 1321 1653 1384 quae

317 1425 353 1469 ex
382 1426 418 1470 eo
449 1407 562 1472 Carrio
581 1408 718 1472 ediderat
745 1418 776 1472 et
808 1411 872 1492 ipse
905 1411 937 1472 in
967 1428 1052 1473 suam
1081 1409 1245 1482 aditionem
1274 1412 1389 1492 recepit
1421 1419 1452 1473 et
1486 1419 1554 1473 aute
1586 1429 1654 1473 eam

320 1526 475 1598 receperat
499 1516 656 1581 Parisinus
680 1516 787 1582 editor.
826 1517 879 1581 sed
903 1520 967 1601 ipsa
992 1516 1084 1583 editio
1108 1537 1168 1582 uon
1193 1538 1230 1582 ex
1254 1517 1318 1581 solo
1342 1517 1515 1580 Coloniensi
1539 1517 1655 1602 codice,

320 1633 355 1686 ut
389 1625 445 1708 ait,
476 1625 553 1689 lacta
584 1635 644 1690 est:
674 1645 774 1708 neque
803 1629 884 1690 euim
917 1627 1010 1691 codex
1036 1629 1210 1710 gravissime
1242 1636 1406 1709 corruptus
1436 1625 1472 1689 ad
1497 1645 1563 1689 eam
1587 1645 1654 1689 rem

316 1731 501 1816 suldciehat,
530 1743 561 1795 et
587 1733 759 1797 Parisinum
789 1735 973 1819 exemplum,
1002 1735 1083 1818 quod
1114 1737 1218 1817 paucis
1247 1731 1403 1797 mensibus
1434 1745 1504 1797 ante
1537 1732 1653 1798 editum

317 1848 396 1923 erat,
415 1843 445 1902 in
467 1859 542 1904 nora
561 1840 694 1906 editione
714 1841 882 1932 adhibitum
902 1863 969 1906 esse
989 1847 1081 1907 certis
1099 1841 1219 1906 indiciis
1239 1852 1371 1926 apparet.
1405 1844 1435 1905 in
1455 1861 1531 1905 nova
1550 1853 1652 1906 autern

317 1949 464 2034 editione,
488 1969 577 2032 quam
598 1949 807 2014 Coloniensem
828 1949 963 2015 codicem
989 1961 1113 2016 secutus
1133 1950 1238 2013 Carrio
1261 1954 1390 2035 pararit,
1413 1951 1506 2014 multa
1529 1951 1653 2033 quidem

315 2060 428 2140 prioris
455 2057 596 2123 editionis
624 2063 694 2124 vitia
723 2071 860 2124 correcte
889 2071 975 2145 sunt,
1002 2059 1055 2124 sed
1085 2059 1188 2123 miritis
1214 2061 1304 2123 etlam
1334 2059 1409 2122 locis
1438 2062 1549 2142 partim
1578 2061 1653 2124 laisa

317 2167 431 2232 codicis
460 2173 612 2252 scriptura
642 2169 805 2234 substituta
834 2173 944 2254 partim
977 2172 1144 2233 temerariis
1172 2167 1298 2232 editoris
1326 2171 1511 2232 coniecturis
1544 2166 1652 2232 melior

317 2275 425 2361 lectio,
448 2296 526 2359 quae
550 2288 637 2341 antea
662 2278 740 2341 edita
764 2287 842 2362 erat,
866 2288 1008 2360 corrupta
1028 2287 1083 2341 est.
1121 2276 1274 2340 Carrionis
1293 2276 1384 2340 editio
1405 2295 1463 2339 una
1483 2295 1553 2340 cum
1567 2275 1652 2340 Velio

316 2382 420 2467 Longo
450 2385 487 2448 ab
519 2385 740 2468 Hieronymo
769 2386 991 2450 Commeiine
1025 2389 1151 2470 repetita
1182 2395 1229 2448 est
1257 2384 1473 2468 Heidelbergae
1507 2403 1532 2448 a.
1564 2383 1651 2450 1589

314 2493 424 2558 additis
453 2498 485 2559 in
515 2497 572 2558 llne
601 2499 706 2579 paucis
730 2495 974 2560 adnotationibus
999 2497 1133 2560 editoris.
1172 2495 1228 2558 hac
1251 2494 1383 2558 editione
1411 2497 1442 2558 in
1470 2497 1533 2557 suis
1557 2494 1650 2557 adno-

314 2603 478 2668 tationibus
509 2603 545 2666 ad
582 2613 745 2685 utrumque
781 2607 1010 2685 grammaticum
1046 2603 1232 2666 Semlerus
1263 2621 1338 2666 usrrs
1369 2613 1424 2666 est.
1453 2583 1527 2666 'sed
1560 2605 1586 2666 is
1617 2605 1650 2666 io

314 2711 508 2776 Cassiodorio
528 2713 622 2776 multo
647 2715 789 2795 pauciora
810 2731 898 2794 quam
919 2715 949 2775 in
970 2711 1053 2775 Velio
1073 2712 1176 2794 Longo
1196 2711 1356 2774 adnotavit.
1395 2711 1520 2774 eandem
1541 2713 1648 2776 editio·

313 2839 383 2884 nem
407 2820 607 2884 Putschius
635 2823 800 2904 expressit,
829 2841 889 2903 quo
920 2822 1030 2884 lactum
1061 2831 1108 2883 est
1136 2829 1170 2883 ut
1197 2819 1278 2883 illius
1307 2838 1428 2901 quoque
1457 2821 1550 2883 editio
1579 2838 1650 2883 cum

312 2928 467 2993 Carrionis
499 2929 638 3014 exemplo
675 2949 802 3012 prorsus
835 2933 1014 2993 consentiat.
1068 2940 1174 2992 contra
1208 2928 1375 2991 Parisinam
1416 2929 1579 2992 editionem
1613 2949 1650 2992 er

317 3037 471 3101 Carrionis
495 3041 674 3101 recensione
697 3037 837 3120 pluribus
862 3039 936 3101 loeis
961 3047 1129 3101 correctam
1154 3047 1275 3100 secutae
1305 3047 1376 3100 sunt
1404 3057 1457 3100 eae
1483 3037 1650 3119 inquibus

315 3155 419 3229 postea
449 3164 603 3209 unacum
628 3145 753 3227 reliquis
777 3145 959 3209 Cassiodorii
987 3145 1131 3227 operibus
1161 3143 1209 3207 hic
1240 3143 1317 3207 liber
1341 3145 1441 3209 editus
1465 3157 1520 3210 est.
1557 3165 1649 3210 manu

313 3257 428 3337 scripto
457 3265 557 3318 autem
587 3252 691 3318 codice
721 3263 787 3336 post
818 3253 993 3317 Carriouem
1022 3272 1102 3317 arnus
1130 3253 1348 3316 Garetius·
1367 3272 1441 3316 usus
1471 3264 1531 3336 est,
1560 3257 1650 3318 cuius
1687 3264 1689 3267 ’

314 3362 405 3428 habui
434 3363 599 3427 editionem
623 3362 765 3425 Verretam
795 3382 820 3427 a.
848 3361 942 3426 1729.
980 3365 1007 3425 is
1036 3364 1116 3424 enim
1145 3364 1174 3424 iu
1205 3361 1262 3424 hoc
1292 3359 1370 3424 libro
1397 3357 1648 3425 ‘retusdssimum

312 3474 449 3537 codicem
478 3492 532 3536 rus.
562 3471 760 3535 bibliothecae
791 3471 821 3534 S.
850 3471 1003 3534 Michaelis
1032 3473 1063 3532 in
1092 3464 1210 3532 blonte'
1240 3489 1272 3531 se
1311 3469 1451 3534 habuisse
1481 3470 1588 3533 scribit
1618 3481 1650 3533 et

300 3601 428 3665 paucas
459 3585 525 3646 eins
557 3580 670 3644 codicis
702 3580 847 3644 lectiones
878 3583 908 3644 iu
939 3582 1072 3661 margine
1104 3579 1264 3642 adnotavit.
1317 3588 1453 3642 ceterum
1484 3580 1516 3640 in
1548 3581 1648 3661 ipsum

312 3690 423 3755 librum
448 3693 495 3754 ris
520 3690 683 3772 qrridqoam
708 3709 744 3752 es
770 3709 805 3751 reo
830 3689 933 3752 codice
959 3691 1087 3771 recepit,
1116 3688 1168 3750 sed
1193 3688 1380 3768 antiquiores
1411 3687 1502 3750 buius
1525 3689 1649 3769 generis

312 3801 461 3866 editiones
481 3801 639 3883 expressit.
677 3800 844 3881 scripturas
864 3807 965 3861 autem
985 3795 1099 3859 codicis
1119 3814 1193 3877 quas
1217 3798 1247 3857 in
1269 3797 1402 3879 ruargine
1422 3794 1558 3858 exhibuit
1577 3815 1648 3860 cum

314 3908 504 3972 Bruxellensi
529 3906 632 3970 codice
657 3909 883 3969 consentientes
907 3908 1016 3968 inveni.

402 4017 444 4081 De
473 4035 564 4100 opera
594 4018 624 4078 iu
654 4015 853 4096 excerpendis
881 4013 1155 4096 orthographorum
1183 4013 1270 4076 libris
1299 4033 1315 4075 a
1344 4035 1376 4076 se
1406 4013 1550 4077 collocata
1582 4017 1647 4097 ipse

311 4125 522 4190 Cassiodorius
542 4127 573 4188 in
592 4125 779 4206 praelatione
798 4117 868 4185 libri
888 4123 971 4199 dixit,
993 4123 1065 4186 dum
1086 4123 1121 4184 ad
1142 4122 1336 4206 cernplendos
1356 4122 1449 4186 libros
1469 4123 1505 4186 ad
1525 4126 1646 4186 iustitu-

228 4307 233 4318 Ι
311 4237 425 4298 tionem
450 4232 665 4297 monachorum
690 4249 816 4294 suorum
839 4251 856 4294 a
881 4250 914 4294 se
940 4234 1070 4314 scriptos
1102 4235 1296 4313 nonagesimo
1322 4234 1413 4295 tertio
1436 4233 1543 4294 aetatis
1567 4249 1646 4294 anno

311 4341 384 4405 haec
408 4353 551 4425 excerpta
575 4361 607 4404 se
632 4343 839 4424 composuisse
863 4339 978 4403 scribit.
1016 4340 1121 4403 eorlem
1149 4345 1303 4424 pertinent
1326 4341 1415 4416 haec,
1443 4357 1533 4423 quae,
1564 4349 1646 4422 post·

311 4469 401 4532 quam
433 4455 496 4536 ipsa
527 4459 668 4533 excerpta
701 4449 846 4524 coniecit,
876 4447 913 4510 de
945 4447 1002 4510 hoc
1032 4447 1109 4511 libro
1141 4451 1262 4531 scripsit
1293 4451 1387 4512 instit.
1414 4448 1503 4511 divin.
1535 4467 1560 4511 c.
1592 4444 1647 4530 30,

310 4575 422 4635 magno
450 4563 552 4622 studio
580 4561 697 4622 loboris
726 4561 869 4634 incrrbui,
904 4567 936 4618 rra
965 4561 996 4618 in
1027 4559 1107 4621 libro
1134 4566 1326 4634 seqrrestroto
1355 4565 1448 4634 atque
1470 4561 1646 4636 composito,

309 4670 365 4744 qui
391 4670 575 4730 inscribitur
603 4669 642 4729 de
665 4667 907 4746 orthographia,
931 4669 975 4728 od
1003 4685 1054 4728 uos
1083 4669 1256 4743 defloratae
1279 4670 1410 4742 regulae
1434 4669 1645 4744 peruenirent.

309 4784 396 4838 antea
421 4784 520 4840 autem
545 4778 628 4857 ipsos
647 4773 921 4857 orthographorum
945 4772 1039 4836 libros
1061 4751 1119 4837 urna
1144 4792 1214 4837 cum
1238 4775 1303 4837 aliis
1327 4776 1531 4855 grammaticis
1553 4774 1644 4837 colle·

309 4893 393 4968 gerat
422 4893 453 4947 et
482 4887 511 4947 in
541 4882 721 4947 bibliotheca
750 4883 924 4946 monasterii
953 4883 1000 4945 sui
1033 4891 1193 4965 posuerat,
1228 4901 1304 4963 qnos
1334 4891 1364 4944 et
1398 4885 1428 4944 in
1457 4883 1644 4965 praelatione
