3590 5486
353 336 420 404 246
959 335 1079 394 ΒΕΒΔΕ

352 449 375 488 Ρ.
390 439 450 480 2⁸68.
464 438 491 479 69
506 435 531 477 P.

353 533 384 586 et
406 523 539 604 Prosper

517 630 626 694 eorde
651 634 769 715 patris
792 636 957 716 genitum
981 641 1084 696 creat
1106 643 1142 696 et
1166 635 1262 716 regit
1285 637 1405 698 omnia
1428 632 1588 697 verbum

435 735 506 801 'Nec
522 722 623 804 minus
637 759 833 804 caesurarum
846 741 1012 806 intuendus
1027 753 1075 806 est
1089 751 1194 824 status,
1209 761 1286 824 quae
1301 752 1332 806 et
1350 737 1432 825 ipsae
1447 752 1520 807 sunt
1534 752 1692 826 quattuor,

352 843 617 932 penthemimeris,
635 847 918 932 hepbthemlmeris,
937 858 1002 913 cata
1029 851 1121 914 triton
1141 849 1319 930 trochaeon,
1337 850 1475 915 bucolice
1495 861 1592 915 tome:
1615 870 1692 933 pen·
1713 829 1716 836 Α

354 956 556 1040 tbemimerls,
581 955 634 1019 ubi
656 965 728 1039 post
750 957 826 1021 duos
850 949 1121 1040 pedes.inrenitur
1144 962 1275 1042 semipes
1299 963 1353 1042 qul
1376 978 1497 1024 vorsum
1521 959 1637 1040 dividat
1661 968 1693 1022 et
1717 979 1729 1018 a

353 1073 471 1148 partem
495 1069 640 1130 terminet
663 1068 823 1152 orationis,
847 1077 882 1130 ut
904 1063 1001 1130 ‘enm
1027 1086 1090 1130 sua
1114 1063 1305 1150 gentiles':
1329 1067 1614 1150 hephtlremimeris,
1639 1065 1693 1130 ubi

354 1181 423 1255 post
443 1168 449 1256 Ι
470 1181 533 1238 tres
561 1175 655 1258 pedes
682 1177 836 1238 iuvenitur
864 1173 990 1257 syllaba,
1019 1185 1054 1239 ut
1081 1170 1178 1238 ‘cnm
1207 1195 1270 1238 sua
1297 1175 1461 1258 gentIles
1490 1171 1693 1238 studeant'.

355 1261 452 1346 dictae
477 1293 578 1348 autem
602 1282 852 1366 penthemimeris
876 1292 906 1346 et
934 1282 1203 1364 bepbtbemimeris
1231 1302 1340 1366 graece
1364 1287 1451 1367 quasi
1466 1287 1693 1366 ,semiquinaria

355 1400 387 1455 et
414 1393 676 1476 semiseptenaria,
704 1365 788 1475 quia,
816 1411 886 1455 cum
915 1411 970 1474 per
999 1392 1150 1474 spondeos
1178 1394 1268 1477 liunt,
1296 1392 1372 1458 baec
1395 1395 1530 1476 quinque
1560 1393 1694 1478 syllabis,

355 1500 404 1564 illa
419 1510 538 1564 constat
557 1508 683 1584 septem,
702 1509 733 1563 et
751 1503 782 1562 ln
801 1499 858 1563 bac
876 1502 980 1582 quinta
996 1499 1109 1583 syllaba
1126 1501 1320 1586 semipedem,
1333 1505 1366 1566 in
1384 1502 1434 1566 illa
1453 1511 1537 1567 tenet
1551 1506 1691 1586 septima.
1706 1523 1730 1562 ro

355 1620 420 1674 cata
450 1611 544 1673 triton
572 1605 751 1684 trochaeon,
779 1607 832 1671 nbi
861 1611 952 1672 tertio
981 1609 1048 1672 loco
1075 1612 1230 1674 invenitur
1259 1589 1434 1688 trochaeus,
1462 1631 1524 1676 non
1548 1612 1630 1694 quod
1659 1615 1691 1676 in
1768 1598 1773 1606 ⁸

356 1717 455 1782 medlo
483 1737 574 1796 versu
603 1735 671 1780 esse
704 1719 800 1799 possit
833 1716 1010 1801 trochaeus,
1044 1719 1096 1782 sed
1131 1717 1248 1782 sublata
1277 1737 1336 1786 nna
1365 1718 1403 1782 de
1431 1719 1550 1802 dactylo
1578 1720 1691 1804 syllaba

356 1837 493 1918 remanet
517 1825 692 1925 trochaeus,
720 1835 755 1890 ut
778 1821 1030 1911 ‘grandisonis
1058 1845 1231 1910 pompare
1256 1824 1397 1892 modis'.
1434 1827 1571 1892 bucolice
1601 1838 1693 1913 tome,

356 1937 409 2001 ubi
431 1945 503 2020 post
524 1946 669 2019 quattuor
692 1935 786 2018 pedes
810 1954 871 2000 non
895 1936 1006 2019 aliquid
1031 1947 1181 2022 remanet,
1206 1949 1240 2001 nt
1488 2017 1490 2022 Ι

520 2063 662 2127 semper
685 2047 924 2130 principium,
948 2055 1136 2129 sceptrum
1159 2049 1257 2131 iuge,
1280 2045 1398 2129 gloria
1422 2065 1576 2111 consors
1707 2065 1730 2104 n

356 2145 388 2200 et

519 2226 690 2290 Christus
714 2237 794 2290 erat
815 2231 934 2312 panis,
958 2227 1128 2292 Christus
1152 2240 1270 2313 petra,
1295 2227 1467 2292 Christus
1490 2231 1525 2291 in
1551 2229 1668 2292 undis.

252 2351 256 2360 '
358 2355 433 2419 quae
459 2354 584 2400 caesura
608 2335 678 2398 inde
703 2354 813 2400 nomen
837 2335 942 2421 babet,
964 2337 1046 2418 quod
1069 2340 1101 2400 in
1125 2337 1272 2401 bucolicis
1296 2340 1417 2419 saepius
1441 2339 1622 2403 inveniatur.

448 2444 523 2509 ltem
547 2443 599 2507 ubi
622 2453 692 2526 post
714 2443 790 2508 duos
814 2445 907 2527 pedes
931 2455 1072 2529 superest
1096 2445 1221 2532 syllaba,
1245 2465 1362 2508 comma
1387 2445 1512 2531 dicitur3
1543 2447 1599 2510 ubi
1622 2458 1693 2530 post

357 2556 433 2618 dnos
462 2553 555 2636 pedes
585 2551 659 2616 nibil
687 2562 837 2637 remanet,
865 2553 953 2618 colon
977 2563 1110 2619 vocatur.
1149 2574 1225 2636 qnae
1251 2564 1351 2620 tamen
1375 2558 1496 2619 nomina
1521 2556 1601 2637 apud
1625 2576 1690 2620 ora-
1705 2570 1730 2610 20

358 2673 440 2727 tores
469 2661 676 2726 indifferenter
704 2669 869 2745 ponuntur,
898 2665 950 2744 qni
979 2666 1128 2745 integram
1152 2665 1333 2727 sententiam
1360 2664 1508 2746 periodon
1531 2665 1692 2748 appellant,

357 2781 459 2855 partes
479 2781 580 2834 antem
598 2773 666 2834 eius
685 2769 750 2833 oola
769 2780 801 2833 et
820 2779 967 2836 commata
987 2773 1101 2836 dicunt.
1138 2782 1263 2854 utputa
1283 2769 1454 2837 ‘sustinetis
1478 2775 1573 2858 enim,
1597 2775 1692 2856 siquis

358 2900 410 2944 vos
439 2883 470 2943 in
499 2881 677 2943 servitutem
705 2876 831 2962 redigit'
860 2880 948 2944 colon
977 2890 1037 2944 est:
1065 2876 1177 2963 ‘siquis
1205 2877 1346 2945 devorat'
1370 2882 1458 2946 colon
1488 2891 1549 2945 est:
1578 2878 1692 2965 ‘siquis

358 2983 484 3070 accipit'
508 2987 595 3050 colon
625 2998 685 3053 est:
713 2983 827 3072 ‘siquis
851 2985 1023 3053 extollitur'
1048 3001 1080 3052 et
1107 3001 1209 3054 cetera
1233 3010 1330 3072 nsque
1355 2991 1391 3054 ad
1423 2991 1542 3074 plenam
1571 3001 1692 3054 senten·

283 3115 285 3121 ·
359 3100 431 3171 tiam
445 3095 510 3160 cola
525 3106 597 3160 sunt
611 3107 643 3160 et
656 3106 812 3161 commata.
840 3097 929 3180 plena
943 3108 1045 3162 autem
1060 3102 1209 3162 sententia
1226 3099 1371 3183 periodus
1386 3109 1442 3162 est
1471 3102 1690 3181 interpretatur
1704 3114 1727 3152 2⁵

359 3215 459 3270 antem
480 3206 567 3270 colon
587 3206 773 3292 membrum,
796 3226 911 3272 comma
931 3209 1052 3290 incisio,
1076 3207 1220 3288 periodus
1239 3207 1373 3271 clausula
1392 3210 1455 3270 sive
1475 3209 1632 3272 circuitus.

884 3371 933 3428 DE
954 3371 1170 3428 SYNALIPHA

396 3571 399 3579 Ι
451 3487 682 3570 Synalipharum
711 3507 832 3571 qnoque
861 3488 1122 3551 commemoranda
1151 3491 1227 3550 antio
1257 3497 1317 3571 est,
1346 3491 1416 3571 qnia
1443 3508 1503 3553 non
1529 3509 1693 3573 numquam

360 3598 464 3668 tdtima
490 3597 572 3659 verbi
597 3597 708 3679 syllaba
733 3595 778 3660 vel
804 3597 951 3679 particula
975 3595 1104 3679 syllabae
1129 3596 1248 3660 ridetur
1272 3597 1405 3682 absumi,
1433 3597 1513 3661 ttttde
1538 3599 1692 3687 synalipba

359 3725 466 3789 graece
490 3705 603 3769 dicitnr
626 3709 713 3788 qnasi
737 3705 866 3789 qttodam
890 3707 967 3769 saltu
998 3709 1214 3769 transmittens.
1261 3707 1294 3769 llt
1318 3716 1419 3769 autem
1443 3705 1562 3769 duobus
1587 3708 1693 3790 modis,
1707 3721 1729 3759 ³⁰

361 3815 454 3898 quod,
479 3833 548 3877 curm
572 3815 669 3896 aliqua
694 3834 765 3898 pars
788 3817 934 3880 orationis
957 3824 1009 3879 aut
1033 3817 1065 3878 in
1088 3815 1221 3878 vocalem
1245 3815 1377 3877 litteram
1401 3825 1453 3879 ant
1475 3817 1508 3878 in
1533 3835 1562 3879 m
1586 3836 1692 3880 conso-

361 3931 482 3986 nantem
503 3923 613 3985 desinit
631 3925 795 4006 incipiente
815 3943 831 3986 a
851 3924 947 3987 vocali
967 3933 1114 4005 sequente
1138 3933 1223 4004 parte
1243 3925 1403 4006 orationis,
1427 3923 1475 3986 illa
1496 3943 1573 4005 quae
1593 3929 1692 4008 sequi-

361 4043 411 4096 tur
439 4049 509 4113 pars
538 4033 684 4093 orationis
712 4031 944 4114 praecedentem
974 4030 1019 4092 vel
1048 4029 1179 4094 litteram
1210 4031 1341 4094 vocalem
1370 4031 1417 4094 vel
1445 4031 1587 4114 syllabam
1617 4054 1692 4116 quae

360 4146 391 4205 in
416 4161 446 4204 m
470 4140 601 4203 desierat
625 4158 678 4202 sua
702 4139 796 4202 vocali
820 4138 960 4202 absumit.
998 4122 1078 4220 quod
1104 4139 1171 4202 dico
1196 4139 1286 4204 huitts
1310 4140 1391 4203 modi
1415 4149 1475 4222 est,

362 4265 578 4274 ..ι-ιη.-

452 4323 469 4373 3
489 4316 549 4373 Neo
568 4315 661 4372 minus
680 4331 861 4372 caesurarum
879 4345 914 4356 -
935 4320 967 4369 te
987 4316 1115 4370 remanet
1133 4314 1284 4372 trochaeus
1304 4313 1406 4372 Victor.
1427 4316 1460 4371 de
1478 4331 1583 4372 casaur.
1598 4321 1693 4384 240st

400 4405 433 4456 te
453 4399 526 4455 Item
545 4399 595 4454 ubi
615 4429 648 4440 -
668 4403 702 4453 22
722 4398 867 4454 commata
885 4396 984 4452 dicuni
1004 4396 1127 4468 Pompei.
1148 4401 1212 4466 133,
1232 4403 1272 4452 20

433 4561 583 4618 anethum
600 4561 669 4631 Fe,
684 4557 853 4618 comneno
868 4557 915 4628 Pr
961 4565 1065 4631 equae
1081 4564 1110 4615 et
1123 4559 1204 4631 ipsae
1218 4575 1289 4616 corr.
1301 4559 1349 4630 qni
1366 4560 1394 4615 et
1408 4556 1462 4630 ipsi
1477 4557 1507 4614 P
1555 4557 1694 4616 lbueoli-

362 4644 493 4712 ceptome
508 4643 535 4699 P
552 4642 648 4700 bueoli
663 4645 745 4715 cepto
760 4658 826 4710 men
841 4639 873 4696 F
889 4639 1133 4711 bucolicepdonem
1149 4641 1185 4710 L,
1204 4657 1274 4697 corr.
1289 4643 1397 4696 -iomen
1416 4639 1427 4694 l
1482 4645 1498 4696 6
1513 4641 1626 4711 purtem
1640 4643 1695 4697 ler-

362 4722 452 4780 minel
466 4724 493 4780 L
508 4728 619 4797 partem
633 4725 770 4783 terminat
785 4722 834 4792 Pr
842 4724 924 4794 parte
938 4721 1106 4778 interminat
1120 4720 1152 4776 F
1209 4719 1325 4776 Selicio
1339 4719 1433 4776 FLP
1486 4727 1518 4776 te
1533 4720 1694 4794 bucolicep-

361 4805 439 4859 tome
453 4803 590 4862 Pbueoli
605 4804 825 4877 eeptomenFL
878 4811 911 4860 18
927 4801 1049 4873 snepeL
1101 4809 1135 4858 te
1150 4803 1400 4874 superest-posi
1413 4801 1483 4859 duo
1498 4801 1585 4873 pedes
1594 4819 1646 4859 om.
1658 4803 1694 4871 F,

363 4885 461 4955 adds
507 4891 541 4942 ’23
556 4884 668 4958 redigat
682 4886 711 4941 P
757 4891 793 4943 30
807 4884 940 4942 &cuntur
954 4884 987 4939 F
1034 4891 1068 4940 31
1085 4883 1161 4954 qnod
1175 4901 1227 4940 om.
1243 4883 1277 4950 L,
1295 4883 1360 4938 odd.
1376 4881 1436 4938 FP
1491 4889 1525 4938 82
1540 4882 1652 4942 desinet
1667 4885 1698 4942 F
