3604 5486
564 348 744 408 EXEMPLA
763 349 1037 409 nnocvtuortvat

131 451 313 510 pmmn

339 547 379 602 tu
403 547 549 602 seoreta
574 558 697 624 pyram
723 550 821 606 tecto
846 543 1029 604 interiore
1053 540 1119 605 sub
1143 560 1251 606 auras

341 667 473 730 erige.

131 758 189 822 sub
218 757 295 822 banc
323 775 390 821 rem
412 775 470 840 pro
492 775 548 840 per
576 757 654 822 bane
677 778 758 844 rem,
786 759 873 843 Verg.
896 761 970 824 Asu.
994 759 1007 821 l
1030 755 1132 843 (662)
1161 771 1197 824 et
1226 760 1293 824 sub
1322 769 1467 824 noctem

130 887 219 932 cura
246 877 431 952 recursat,
460 866 521 932 (lie.
545 865 583 930 de
611 866 705 948 domo,
729 863 832 954 (5‚1!)
859 870 1083 933 frumentum
1111 871 1343 954 provinciae,
1371 869 1466 953 quod

100 977 277 1060 agratius
300 986 401 1040 esset
424 995 504 1040 cum
528 979 607 1060 ipsa
630 977 722 1040 ieme
742 977 977 1061 subvenisse,
1001 978 1182 1042 custodiis
1201 981 1280 1044 suis
1299 978 1465 1043 clausum

129 1084 389 1171 continebant,
413 1096 453 1151 nt
476 1085 542 1149 sub
567 1103 695 1150 novum
721 1089 917 1152 mitterent
941 1136 948 1152 .
972 1086 1030 1152 sub
1053 1088 1110 1152 bac
1134 1107 1167 1152 vs
1187 1107 1248 1169 pro
1272 1107 1367 1172 prope
1386 1087 1465 1152 hauc

129 1213 211 1280 rem,
233 1195 321 1278 Verg.
345 1214 427 1278 geor.
451 1195 507 1259 llll
530 1191 633 1280 (490)
656 1195 940 1280 Eurydicenque
964 1216 1065 1261 suam
1088 1199 1157 1261 iam
1179 1198 1262 1261 luce
1290 1197 1357 1262 sub
1385 1201 1465 1282 ipsa

128 1307 329 1389 respexit.
353 1304 410 1370 sub
438 1304 519 1369 illam
548 1323 613 1368 rem
642 1307 756 1389 coegit,
784 1305 871 1388 Verg.
899 1307 973 1370 Aen.
997 1305 1049 1369 Vll
1077 1302 1152 1387 (43)
1182 1315 1370 1388 totamque
1398 1305 1465 1369 sub

128 1433 227 1479 arma
256 1423 417 1479 coactam
447 1413 663 1498 Hesperiam
691 1463 698 1478 .
726 1412 784 1478 sub
814 1414 895 1478 illem
927 1433 994 1478 rem
1025 1417 1168 1498 removit,
1202 1413 1260 1478 sat
1288 1415 1359 1479 bist.
1387 1415 1400 1479 l
1431 1425 1467 1478 et

86 1527 315 1618 testationes
339 1523 406 1587 sub
431 1526 556 1587 vineas
579 1522 818 1587 removebat.
837 1523 895 1588 sub
917 1523 975 1588 bac
999 1543 1032 1588 ve
1055 1543 1090 1588 se
1113 1522 1225 1588 subicit
1246 1542 1303 1607 pro
1327 1524 1384 1588 sub
1408 1524 1464 1588 bac

126 1651 163 1696 re
186 1633 313 1717 crescit,
336 1631 423 1714 Verg.
446 1649 529 1714 geor.
552 1631 580 1694 ll
602 1627 675 1715 (18)
1029 1724 1040 1787 l

313 1759 316 1765 ι
1044 1743 1156 1788 aurus

345 1849 456 1915 parva
479 1831 546 1896 sub
570 1833 716 1914 ingenti
739 1835 868 1898 matris
891 1853 929 1896 se
953 1832 1092 1897 subicit
1115 1832 1250 1898 umbra.

126 1939 186 2004 sub
220 1940 301 2005 illam
334 1960 399 2005 vem
431 1941 585 2032 locatump
610 1961 686 2004 nove
716 1941 775 2005 Sel.
802 1942 872 2006 bist
906 1941 961 2006 1111
994 1941 1091 2005 dolia
1127 1961 1206 2006 cum
1239 1942 1305 2007 sub
1339 1943 1465 2008 trabes

83 2050 248 2114 relocata
272 2049 411 2114 vitibus
435 2059 496 2114 aut
519 2052 636 2132 tergis
660 2049 882 2115 vinciebant.

219 2158 401 2242 Subpedltat
423 2158 480 2223 hac
504 2178 552 2244 re,
576 2159 636 2223 Cic.
661 2158 813 2223 Siciliensi
837 2163 884 2236 (in
911 2161 998 2224 Vm.
1024 2160 1146 2239 112,5)
1170 2162 1302 2244 coriis,
1325 2163 1465 2225 tunicis

125 2271 388 2351 irumentoque
399 2267 623 2351 subpeditat
639 2267 834 2351 subpeditare
844 2269 887 2332 illi
898 2268 1050 2333 sumtibus
1060 2268 1311 2354 volo‚'ler.liean.
1322 2272 1464 2349 ((157)

297 2395 377 2440 uam
401 2379 433 2440 sl
456 2376 513 2441 illi
536 2395 650 2460 pergo
674 2377 916 2461 suppeditare
940 2377 1029 2460 [illis]
1053 2377 1263 2461 sumptibus
1288 2428 1294 2442 .

125 2485 309 2570 subpeditor
332 2486 388 2551 bac
412 2505 461 2572 ve,
484 2487 544 2551 Cic.
569 2489 600 2549 in
625 2483 708 2550 Catil.
733 2487 773 2549 ΙΙ
793 2487 915 2564 (1125)
939 2487 1002 2550 ssd
1026 2491 1058 2551 si
1080 2489 1228 2552 emissis
1257 2488 1313 2552 bis
1338 2489 1464 2574 rebus,

84 2611 114 2655 ao
130 2594 266 2678 quibus
290 2614 356 2659 nos
379 2594 674 2678 subpeditamur‚
699 2602 783 2677 eget
805 2594 869 2658 ille
894 2645 900 2658 .

220 2704 312 2768 Satur
330 2703 411 2769 illius
430 2709 491 2784 rei,
516 2704 585 2767 Ter.
603 2701 687 2765 Adel.
707 2702 756 2779 (V
771 2704 836 2781 1,3)
860 2712 1052 2786 postquam
1076 2707 1180 2770 intus
1204 2725 1281 2771 sum
1305 2709 1464 2771 omnium

126 2832 251 2878 rerum
288 2821 391 2878 satur
425 2862 443 2876 .,
466 2823 618 2878 saturatus
656 2811 737 2875 illam
770 2831 849 2896 rem,
887 2811 973 2896 Verg.
1007 2814 1080 2878 Aen.
1113 2814 1137 2875 V
1171 2815 1270 2893 (608)
1310 2817 1464 2881 necdum

125 2925 318 3006 antiquum
342 2932 507 2986 saturata
530 2921 697 2985 dolorem
721 2969 728 2984 .
753 2929 906 2986 saturatus
933 2921 983 2985 illa
1011 2941 1062 3006 re,
1090 2923 1173 2988 idem
1194 2925 1267 2988 Aen.
1293 2925 1344 2988 Vll
1368 2925 1462 3003 (298)

124 3034 225 3099 odiis
247 3043 309 3097 aut
333 3039 546 3095 exsaturata
570 3032 696 3113 quievi
721 3024 754 3116 ,Ι

79 3162 109 3205 aa
219 3141 326 3206 Sciens
340 3141 432 3204 buius
446 3143 506 3224 rei,
521 3139 579 3204 Sal.
595 3142 718 3204 sciens
738 3139 881 3224 horum,
895 3141 976 3205 idem
991 3139 1060 3205 bist
1076 3142 1102 3205 ll
1116 3141 1209 3206 belli
1223 3161 1309 3207 sane
1329 3145 1462 3208 sciens.

125 3254 185 3314 scit
207 3248 273 3314 ilias
297 3269 362 3334 res,
386 3249 473 3332 Vevg.
497 3252 570 3314 ten.
594 3248 649 3312 llll
673 3248 772 3325 (396)

219 3391 312 3449 Godec
331 3389 482 3447 Punbceie'
519 3387 721 3446 linteriorem
744 3403 814 3443 eurr.
835 3417 870 3429 -
889 3404 919 3444 re
1002 3389 1100 3464 sucu]
1124 3392 1203 3448 atras
1285 3398 1374 3464 tpro
1398 3393 1461 3467 per]

125 3489 217 3546 prope
291 3478 379 3544 tpro
398 3489 449 3528 om.
529 3467 776 3541 illuridioenque
861 3477 895 3528 tt)
914 3486 944 3526 se
963 3468 1079 3544 subicit]
1099 3470 1220 3528 subiecit
1305 3479 1338 3530 1⁶
1357 3476 1460 3549 tergis]

124 3555 208 3628 tingis
282 3561 315 3612 19
330 3555 356 3610 ll
372 3569 424 3609 osa.
497 3557 533 3608 20
553 3551 769 3624 subpeditsmus
783 3567 853 3607 corr.
866 3570 975 3607 -mur
1047 3557 1082 3607 21
1097 3553 1140 3609 rei
1154 3571 1205 3609 om.
1275 3560 1310 3610 22
1326 3553 1392 3630 Vll]
1407 3555 1461 3612 IIII

163 3643 200 3694 ²4
214 3635 391 3709 ematurata]
407 3635 558 3691 exetursta
571 3651 641 3691 corr.
653 3635 818 3690 exsaturata
882 3640 917 3691 25
932 3632 1002 3690 belli
1016 3649 1085 3690 sane
1100 3633 1205 3710 seiano]
1220 3635 1325 3694 bellice
1334 3637 1462 3697 nenena

217 3781 233 3832 t
253 3773 306 3830 sub
324 3775 399 3830 lasne
418 3789 478 3828 rem
496 3788 549 3844 pro
562 3789 615 3844 per
627 3770 701 3827 hane
715 3771 787 3846 rem]
808 3771 843 3840 cf.
860 3768 951 3824 Psa'ec.
966 3768 984 3824 l.
1002 3766 1056 3822 XI
1060 3765 1087 3822 t⁷
1093 3784 1124 3839 p.
1140 3771 1177 3823 54
1197 3786 1249 3840 pro
1268 3787 1320 3842 per
1337 3773 1460 3840 noctem,

124 3855 202 3914 Sero.
222 3857 255 3912 isa
279 3855 358 3927 Verg.
378 3857 395 3913 i.
416 3873 438 3914 c.
458 3853 527 3924 quis
545 3851 772 3910 vehementiores
796 3867 880 3908 curse
903 3849 951 3906 vel
974 3849 1051 3905 eires
1074 3849 1187 3904 nocmm
1211 3848 1257 3906 vel
1276 3855 1460 3922 pernoctem

124 3940 193 3995 suut
274 3941 292 3992 4
311 3936 486 3994 frumentum
508 3931 674 4006 provinciae
700 3931 903 3990 numentanae
922 3929 1029 4004 partim
1048 3947 1104 3987 nou
1122 3930 1282 3998 habebant,
1306 3932 1411 4005 partim
1430 3933 1460 3990 in

123 4019 320 4089 aliatenus,
339 4019 424 4076 eredo
438 4019 556 4090 propter
570 4015 741 4071 varietatem
755 4013 949 4083 venditorum,
968 4011 1118 4080 moerent,
1136 4011 1256 4085 partim,
1275 4028 1331 4083 qno
1350 4014 1460 4085 gratius

124 4104 201 4160 esest
218 4103 294 4170 tuna,
320 4115 383 4156 euna
404 4100 433 4156 in
452 4099 516 4172 ipsa
533 4097 610 4154 ieme
633 4095 844 4162 subvenissent,
872 4093 1008 4152 custodiis
1032 4093 1089 4150 suis
1113 4093 1242 4150 clausum
1265 4095 1459 4167 continebant,

123 4189 159 4242 ut
186 4182 282 4242 subito
309 4199 416 4238 novum
444 4181 593 4238 mitterent
616 4179 711 4236 Oieeso
804 4183 838 4233 14
861 4176 940 4233 dolis
963 4175 1016 4231 sub
1039 4176 1135 4232 trabea
1158 4176 1255 4233 locuta
1277 4175 1385 4232 vitibus
1409 4183 1460 4236 aut

123 4265 215 4339 tergis
233 4261 398 4322 vinciebant
418 4263 454 4331 P,
472 4263 546 4335 paud
564 4261 688 4331 defendit
705 4257 860 4332 Hennenses
875 4275 905 4330 p.
925 4263 962 4314 47
981 4257 1042 4315 coll.
1062 4257 1139 4314 See-c.
1158 4261 1190 4314 io
1215 4257 1292 4329 Vevp.
1314 4259 1385 4315 Assa.
1405 4259 1460 4315 IX

123 4355 183 4406 412
202 4351 315 4419 tergum
334 4361 387 4418 pro
405 4347 504 4416 tergus
523 4343 608 4401 dixit:
632 4341 784 4399 Sallustius
808 4340 898 4414 tergis
917 4338 1082 4396 vinciebant
1100 4355 1151 4412 pro
1170 4337 1331 4410 tergoribus

123 4428 205 4487 dolis
227 4443 302 4500 quae
326 4427 443 4484 micuit
465 4425 679 4482 Lindemonnass
703 4467 709 4479 .
734 4440 774 4480 osa
796 4420 875 4479 dolis
897 4437 1011 4493 qnoque
1031 4427 1043 4476 i
1136 4427 1170 4476 lb
1191 4425 1241 4478 ant
1264 4419 1353 4493 virgis
1376 4421 1459 4478 ecG

122 4511 213 4570 edidit
232 4509 448 4566 mmmm
526 4513 557 4564 i'i
578 4505 777 4575 irurnentoque
796 4504 980 4576 suppeditato
999 4502 1106 4574 tiemo,
1132 4503 1331 4573 frumentoque
1355 4521 1457 4578 suppe-

123 4591 238 4650 ditabat
251 4590 314 4648 GP
385 4595 421 4646 ab
435 4589 527 4647 aciens
541 4587 657 4662 horam]
671 4585 763 4643 eniens
776 4584 903 4642 locorum
917 4585 1103 4641 Rubnkess'esa
1120 4584 1153 4639 in
1178 4581 1244 4640 Vett
1261 4583 1304 4639 ΙΙ
1316 4589 1356 4641 88
1367 4589 1458 4655 (1365

123 4674 184 4731 coil
209 4671 279 4730 Sott
304 4673 371 4745 Iup.
395 4676 480 4739 85,45
507 4670 648 4728 exercitus
674 4665 715 4724 ibi
743 4669 787 4723 eat
808 4667 936 4723 locorum
961 4666 1065 4732 sciens,
1093 4669 1159 4731 97,3
1182 4663 1310 4721 locorum
1335 4666 1457 4724 scientes

123 4747 221 4813 erant.
230 4772 299 4811 som
308 4753 400 4810 amens
414 4753 516 4809 horum
531 4752 608 4823 opud
618 4749 959 4819 Sallustiumuonlepitur
1015 4745 1084 4802 belli
1098 4763 1166 4802 saue
1181 4744 1272 4803 sciens
1286 4747 1345 4804 coll.
1362 4763 1456 4806 aarum

125 4837 209 4909 Onag.
227 4839 260 4893 ias
274 4836 346 4892 Hor.
361 4837 438 4907 epist.
454 4833 476 4888 I
486 4839 551 4902 15,5
565 4851 633 4890 sane
647 4831 746 4898 valde,
764 4831 799 4886 ut
813 4828 928 4887 Sallust
943 4829 1013 4886 belli
1027 4845 1095 4884 sune
1110 4828 1201 4884 aciens
1214 4829 1338 4886 restituit
1353 4829 1456 4888 Linde·

123 4934 255 4988 ervnonees,
264 4917 385 4975 bellicas
396 4915 438 4973 rei
448 4915 539 4972 sciens
549 4914 734 4972 Rubreleem'aas
743 4913 760 4969 t.
768 4929 830 4970 eae
839 4914 999 4970 coniectura
1007 4911 1186 4969 Burmanni:
1200 4912 1236 4982 ps.
1246 4911 1374 4969 Hoeven.
1381 4929 1412 4985 p.
1419 4918 1455 4970 47
