3590 5486
344 371 412 470 180
894 371 1128 431 cnssrououu

346 489 368 528 p.
382 477 435 518 sam
450 475 475 517 e.
828 487 830 492 v

344 561 521 644 derivativa,
549 559 586 623 ab
614 560 687 623 Alba
716 559 861 645 Albanus,
893 579 909 624 a
938 561 1009 624 silva
1041 561 1193 645 Silvanus,
1222 579 1242 640 a¹
1267 564 1352 645 privo
1381 563 1544 646 privatum,
1572 577 1588 622 a
1618 559 1680 622 libo

343 669 469 734 libatum
494 669 540 733 rel
563 669 730 734 inlibatum.
1069 664 1072 668 ’

434 777 475 840 lle
500 786 640 862 correpta
669 779 731 840 sive
760 747 822 839 sella
852 779 946 842 fuerit
975 781 1038 842 sive
1064 778 1179 843 adlecta
1204 781 1395 863 consonanti,
1424 797 1480 862 per
1503 798 1521 840 v
1543 776 1680 840 vocalem

344 885 410 951 loco
435 889 563 970 positam
587 887 783 951 consonantis
803 896 940 973 notetur,
963 899 998 952 ut
1021 891 1138 952 iuvenis
1163 890 1263 979 alveus
1288 889 1371 952 fovea
1396 887 1507 951 advena
1532 891 1681 952 iuvencus

345 1015 472 1059 caverna
491 1015 620 1060 noverea
640 1007 672 1060 et
690 995 835 1059 adversus
856 999 1054 1080 praepositio,
1076 1009 1197 1082 praeter
1217 997 1359 1061 trabeam.
1392 995 1578 1080 guberuator
1597 998 1709 1060 enims

345 1101 414 1167 licet
438 1122 493 1186 per
516 1105 535 1168 b
560 1115 674 1169 mutam
698 1103 863 1189 scribatur,
887 1115 987 1168 tamen
1012 1105 1070 1170 boc
1094 1125 1205 1170 nomeu
1229 1105 1361 1169 arbitror
1384 1125 1400 1167 a
1424 1105 1560 1187 guberno
1585 1105 1683 1168 verbo

345 1212 507 1294 figuratum
531 1205 712 1298 consistere,
736 1216 822 1278 cuius
847 1214 967 1296 regulas
991 1223 1096 1296 postea
1116 1193 1351 1298 meditabimur,
1367 1231 1436 1276 curn
1456 1213 1491 1276 ad
1516 1222 1680 1277 tractatum
1769 1201 1779 1219 '

345 1319 364 1382 b
388 1319 506 1385 litterae
528 1325 673 1388 trifariam
698 1325 871 1386 innomine
895 1317 1010 1405 positae
1030 1326 1211 1388 venerimus.
1249 1327 1290 1388 ita
1313 1333 1428 1405 tameo,
1452 1325 1478 1386 si
1502 1341 1561 1385 uon
1585 1323 1679 1385 demi-

345 1433 447 1494 nutiva
476 1432 672 1501 nomina-vel
700 1432 862 1495 derivativa
893 1434 1020 1498 fuerint:
1054 1431 1104 1496 illa
1133 1435 1229 1517 enim,
1263 1436 1343 1496 sieut
1370 1429 1511 1515 superius
1539 1431 1681 1514 diximus,

344 1549 503 1622 prototypa
524 1559 578 1604 sua
602 1550 783 1624 sequentur,
807 1551 842 1606 ut
864 1541 942 1606 liber
965 1541 1093 1606 libertus
1117 1541 1250 1624 libellus,
1273 1545 1370 1604 bimus
1388 1541 1435 1604 vel
1458 1539 1556 1602 imber
1578 1538 1679 1603 biber·
1697 1553 1722 1592 ¹⁰

344 1665 417 1730 nus,
444 1647 574 1712 flabrum
602 1648 768 1731 flabellum,
798 1647 897 1714 tabula
920 1647 1029 1712 tabella
1053 1648 1178 1713 taberna
1203 1648 1445 1733 tabernaculum,
1473 1647 1600 1711 bellator
1626 1650 1680 1710 im·

344 1753 431 1818 bellis
454 1755 501 1820 vel
525 1756 708 1843 imbecillus,
738 1757 837 1820 fabula
862 1756 982 1840 fabella,
1011 1775 1087 1838 quae
1111 1759 1212 1820 omnia
1235 1776 1291 1840 per
1315 1756 1334 1820 b
1359 1767 1472 1820 mutam
1496 1776 1552 1819 ceu
1576 1759 1680 1839 prisni-

345 1861 453 1928 formia
470 1867 645 1930 scribentur
660 1869 838 1930 certissime.
867 1866 905 1928 be
919 1865 1067 1949 producta
1081 1885 1137 1948 per
1152 1864 1171 1928 b
1187 1875 1300 1929 mutam
1315 1865 1504 1928 omnifariam
1519 1865 1682 1948 scribetur,

436 2049 450 2096 1
471 2039 628 2100 dimnatum
646 2043 674 2098 B
743 2049 761 2098 t
778 2044 894 2098 notetur
911 2040 971 2098 Be
987 2041 1103 2098 notatur
1121 2042 1149 2096 A
1211 2040 1383 2114 bnoverca]
1403 2057 1492 2098 cavea
1510 2042 1536 2096 A
1607 2047 1622 2095 'f
1643 2041 1702 2096 ad'

344 2123 500 2178 mactatum
514 2141 566 2196 per
578 2124 597 2181 b
611 2124 727 2182 litteras
739 2123 768 2180 B
787 2123 825 2180 ad
839 2125 995 2180 tractatum
1009 2123 1029 2179 b
1042 2123 1169 2192 litteram
1188 2123 1213 2179 0
1228 2122 1266 2179 ad
1279 2122 1463 2180 tractandum
1477 2120 1497 2177 b
1510 2121 1636 2177 litterum
1653 2125 1681 2176 A

325 2247 328 2254 .
383 2209 416 2258 10
434 2205 469 2260 ut
486 2203 560 2261 liber
574 2204 695 2262 libertus
708 2205 823 2262 libellus
837 2206 885 2263 uel
899 2204 991 2261 imber
1009 2205 1144 2261 hibernus
1159 2205 1269 2275 (ymber
1283 2205 1425 2275 hybernus
1434 2203 1478 2274 VB)
1498 2202 1560 2258 AB
1578 2206 1611 2259 ut
1630 2203 1681 2274 bip
1793 2195 1794 2203 ’

345 2286 426 2355 (corr.
446 2285 507 2355 libi
519 2285 581 2358 lipt'
596 2286 711 2342 libellus
730 2287 748 2342 l'
767 2287 830 2343 iber
848 2286 964 2343 ibamus
984 2286 1008 2343 0
1062 2293 1094 2342 11
1116 2287 1229 2344 fabrum
1249 2287 1386 2343 tabellum
1406 2285 1434 2340 B
1498 2283 1613 2340 inbellis
1632 2286 1680 2340 rael
1741 2337 1743 2358 ,

240 2397 244 2400 -
336 2363 496 2423 'inbecillus
513 2365 542 2421 B
560 2366 675 2424 inbellis
692 2368 740 2424 uel
759 2367 901 2424 inbecillis
920 2367 981 2424 Ac
1053 2375 1085 2423 13
1105 2368 1264 2427 scribentur
1282 2367 1341 2423 Ad

808 2631 995 2731 ussuruu
1014 2673 1065 2730 on
1083 2675 1107 2731 e
1126 2675 1175 2732 ar
1195 2655 1228 2731 v‘
1283 2753 1285 2756 Ι

219 2878 227 2889 ·
347 2817 422 2908 rum
447 2845 516 2927 quia
545 2843 603 2907 alia
624 2863 660 2906 ex
689 2827 875 2926 posteritatis
905 2842 1016 2926 syllaba
1046 2845 1216 2928 nominum,
1243 2842 1300 2905 alia
1329 2862 1367 2906 er
1391 2842 1491 2906 verbis
1515 2845 1681 2927 composita

347 2951 395 3016 rel
418 2952 551 3015 derivata
576 2960 661 3037 sunt,
685 2954 749 3014 suis
772 2951 847 3014 locis
871 2954 1021 3015 rationem
1046 2950 1255 3016 festinabimus
1280 2951 1417 3014 reddere.

438 3059 479 3123 lle
504 3068 643 3142 correpta
671 3061 733 3122 sive
758 3059 821 3122 sola
850 3061 942 3124 fuerit
970 3063 1032 3124 sive
1062 3061 1176 3124 adiecta
1201 3068 1400 3144 consonante,
1427 3079 1483 3142 per
1507 3080 1524 3118 v·
1548 3058 1682 3122 vocalem

348 3169 414 3232 loeo
438 3170 565 3251 positam
590 3169 783 3231 consonantis
801 3153 946 3251 notetur,
968 3176 1003 3231 ut
1026 3170 1142 3231 iuvenis
1162 3167 1264 3230 alveus
1288 3169 1372 3231 fovea
1396 3167 1510 3231 advena
1533 3171 1682 3231 iuvencus

347 3297 473 3341 caverna
495 3295 622 3340 noverca
642 3287 672 3340 et
691 3276 835 3339 adversus
854 3279 1051 3359 praepositio,
1075 3286 1195 3358 praeter
1215 3274 1357 3339 trabeam.
1391 3276 1576 3360 gubernator
1599 3280 1710 3340 enim⁵

347 3385 418 3448 licet
441 3405 497 3469 per
520 3386 539 3448 b
564 3395 677 3450 mutam
701 3383 865 3461 scribatur,
893 3392 991 3446 tamen
1017 3384 1073 3446 boc
1098 3402 1208 3446 frumen
1232 3383 1363 3448 arbitror
1387 3404 1403 3447 a
1427 3384 1563 3466 guberno
1587 3385 1682 3447 verbo

276 3497 281 3510 “
349 3495 509 3576 figuratum
529 3497 711 3578 consistere,
734 3495 821 3556 cuius
845 3492 966 3574 regulas
989 3502 1094 3575 postea
1114 3493 1335 3557 meditabimur.
1373 3495 1414 3556 ita
1438 3503 1551 3572 umen,
1574 3495 1601 3556 si
1620 3513 1682 3556 non
1713 3541 1715 3546 .

349 3604 524 3666 diminutiva
544 3606 666 3667 nomina
685 3601 733 3666 vel
752 3601 914 3665 derivativa
934 3601 1056 3664 fuerint.
1094 3601 1143 3663 illa
1163 3605 1257 3684 enim,
1281 3604 1361 3664 sicut
1380 3603 1521 3683 superius
1540 3601 1683 3684 diximus,

314 3690 318 3704 ⁸
349 3717 508 3794 pr'ototvpa
529 3731 582 3775 sua
603 3720 783 3794 sequentur,
806 3716 841 3772 ut
860 3708 937 3771 liber
955 3708 1083 3773 libertus
1101 3708 1240 3792 libellus,
1263 3709 1381 3773 labrum
1405 3708 1559 3787 labellum,
1583 3707 1683 3787 biems

347 3817 392 3880 vel
423 3817 520 3882 imber
548 3820 708 3903 hibernus,
741 3818 884 3881 flabrum·
900 3817 1064 3902 flabellum,
1096 3819 1195 3883 tabula
1226 3818 1363 3902 taberna,
1394 3817 1521 3880 bellator
1552 3815 1683 3880 imbellis
1699 3833 1723 3873 ro

261 3949 264 3958 ·
302 3930 306 3938 ’
347 3925 394 3988 vel
416 3926 598 4012 imbecillus,
629 3947 705 4010 quae
730 3927 828 3991 omnia
856 3944 911 4007 per
935 3924 954 3988 b
979 3935 1091 3990 mutam
1115 3948 1172 3991 ceu
1196 3928 1394 4010 primiformia
1419 3923 1592 3988 scribentur
1616 3945 1682 3987 cer·

347 4037 471 4097 tissime.
521 4035 558 4098 be
589 4037 737 4118 producta
773 4052 829 4118 per-
856 4032 875 4094 b
907 4043 1020 4097 mutam
1052 4037 1240 4099 omnifariam
1271 4034 1435 4118 scribetur,
1476 4043 1510 4096 ut
1542 4033 1684 4116 verbena,

348 4141 456 4207 rubeta
476 4133 494 4206 ὁ
514 4143 659 4227 aeduos,
678 4144 843 4225 ambesum,
862 4143 987 4206 habena.
1020 4147 1170 4227 excipitur
1189 4165 1294 4228 avena,
1307 4162 1391 4226 'quae
1411 4143 1560 4224 significat
1579 4143 1683 4205 tibiam

347 4287 564 4311 —-...—7.

440 4352 454 4400 1
480 4346 555 4405 aliae
579 4364 613 4403 ex
637 4345 809 4418 posteritate
833 4345 962 4416 syllabae
985 4346 1133 4403 nominum
1151 4348 1186 4402 N
1206 4347 1265 4405 alia
1288 4363 1323 4404 ex
1346 4335 1514 4418 posteritate
1533 4343 1682 4401 numinum

348 4426 460 4497 syllaba
479 4427 508 4482 P
567 4426 651 4484 usal
670 4425 799 4482 derivata
819 4424 848 4479 P
862 4441 903 4480 sn
918 4421 1049 4483 derivata
1067 4427 1101 4482 N
1156 4427 1354 4485 festinavimus
1372 4425 1407 4480 N
1467 4426 1638 4481 luctentur
1652 4425 1686 4480 N

347 4509 496 4566 notabitur
516 4509 544 4564 P
616 4517 633 4566 t
653 4509 793 4566 renuatur
814 4505 843 4561 P
860 4506 994 4566 scribitur
1012 4509 1045 4563 N
1116 4517 1131 4565 't
1152 4508 1355 4567 meditabimur
1374 4505 1403 4560 P
1416 4505 1589 4562 meditemur
1606 4505 1642 4561 N

348 4593 364 4644 8
384 4590 430 4646 rel
449 4590 610 4648 derivativa
629 4589 658 4646 P
674 4607 712 4646 an
731 4587 874 4645 defectiva
891 4587 926 4642 N
1014 4591 1143 4661 superius
1162 4591 1221 4647 dixi
1244 4590 1398 4660 prototypa
1423 4589 1457 4642 ut
1474 4586 1548 4643 liber
1565 4586 1682 4644 libellus

347 4671 460 4728 labrum
482 4671 620 4728 labellum
643 4671 755 4728 fabmm
770 4667 925 4726 ¹flabellum
949 4670 977 4724 P
1070 4677 1086 4726 9
1105 4674 1260 4744 prototypa
1278 4685 1329 4724 sua
1348 4685 1399 4726 our.
1418 4667 1453 4722 N
1551 4667 1682 4743 libellus]

348 4751 478 4809 libellum
502 4753 536 4807 N
605 4751 697 4810 biems
721 4769 758 4808 an
781 4753 873 4808 imber
895 4749 929 4803 N
1002 4756 1034 4805 10
1058 4751 1171 4808 inbellis
1195 4753 1225 4807 et
1247 4747 1399 4805 inbecillus
1423 4748 1452 4803 P
1522 4756 1553 4805 11
1582 4749 1683 4821 primi·

348 4834 453 4891 formis
477 4834 506 4889 P
526 4835 636 4906 primae
661 4835 770 4891 formae
794 4833 828 4888 N
901 4837 932 4888 11
957 4832 993 4889 be
1016 4832 1156 4903 producta
1177 4849 1229 4904 per
1253 4831 1271 4887 b
1295 4835 1404 4887 mutarn
1427 4829 1568 4886 scribetur
1591 4832 1682 4887 omni-

348 4918 452 4974 fariam
466 4917 496 4973 P
508 4915 541 4972 In
554 4917 590 4972 be
603 4947 634 4958 -
651 4915 811 4974 scribentur
823 4916 857 4971 N
911 4919 944 4970 13
959 4929 1050 4970 avena
1064 4931 1114 4970 oro.
1130 4914 1169 4982 N,
1184 4914 1249 4969 odd.
1260 4911 1289 4968 P
1335 4912 1438 4970 tibiam
1448 4929 1484 4968 an
1499 4910 1637 4985 stipulam
1651 4913 1687 4968 N
1736 4921 1740 4927 '
