3604 5486
567 309 742 368 nxnttl’tn
761 307 1045 436 ntocvntouvtt'
1398 307 1466 372 495

137 415 344 568 deffinitio
373 501 451 584 lieri,
483 499 563 564 idem
592 499 665 563 den.
693 498 748 562 xil
775 494 874 580 (527)
905 494 963 578 [et]
997 473 1120 560 nescia
1150 498 1248 560 vinci
1280 505 1466 578 pectora.

137 613 259 676 nescius
282 609 373 674 baius
396 613 455 694 vel,
479 607 565 691 l'erg.
588 610 663 672 den.
685 608 712 671 X
736 608 831 684 (501)

322 721 445 782 nescia
470 736 570 780 tuens
593 717 777 780 bominum
801 717 868 779 lati
891 715 1080 796 sortisque
1105 715 1252 778 futurae
1276 765 1284 780 .

228 827 322 892 Nixus
345 827 402 891 hac
426 846 473 906 re,
496 825 583 908 Vevg.
607 827 680 890 Aen.
704 824 730 888 ll
755 827 855 902 (730)
883 825 1004 908 posito
1032 823 1123 906 pede
1153 827 1259 888 nixus
1287 834 1323 887 et
1350 823 1466 887 haste.

109 941 226 1002 enixos
253 939 286 1000 in
314 936 371 1000 bac
398 954 448 1020 re,
476 935 537 1000 Clc.
566 954 622 1018 pro
650 934 792 998 Deiotaro
821 935 902 1012 (25)
936 931 1018 995 dico
1046 941 1149 996 extra
1178 939 1398 996 conventum
1433 943 1468 995 et

136 1065 210 1110 eant
235 1046 498 1129 frequentiam,
522 1047 558 1108 ln
583 1061 652 1126 qua
675 1051 864 1105 oratorum
888 1039 1010 1103 stndia
1035 1041 1103 1103 nitl
1127 1039 1276 1105 solent.
1296 1035 1301 1125 Ι
1321 1044 1412 1106 nixus
1435 1043 1466 1105 in

135 1157 214 1221 banc
237 1174 317 1239 rent,
346 1153 432 1237 Verg.
456 1156 528 1217 den.
552 1151 608 1215 ΧΠ
631 1150 726 1227 (398)
756 1153 941 1232 ingentem
969 1151 1078 1212 nixus
1106 1149 1141 1212 ln
1171 1148 1310 1214 hastam
1334 1198 1342 1214 .
1366 1153 1466 1214 nitern

54 1305 60 1319 ·
135 1266 200 1350 bic,
224 1265 310 1347 Verg.
333 1265 406 1327 Aen.
430 1261 457 1326 ll
481 1262 579 1339 (380)
609 1261 747 1342 pressit
775 1257 874 1322 bovoni
901 1259 1026 1322 nitens
1051 1307 1056 1320 .
1082 1259 1182 1321 nitens
1210 1258 1287 1322 banc
1315 1277 1381 1322 rem
1410 1257 1466 1322 hac

135 1395 183 1458 re,
206 1373 286 1437 ldem
310 1374 384 1436 den.
407 1369 461 1434 xlt
485 1370 581 1447 (386)

96 1497 121 1537 1⁰
362 1480 525 1544 alternos
549 1478 654 1561 longa
680 1479 858 1541 nitentem
882 1475 1038 1558 cuspide
1063 1494 1216 1557 gressus
1241 1525 1248 1538 .

226 1591 357 1654 Nuntius
376 1589 467 1653 huius
487 1589 546 1671 rei,
571 1587 657 1669 Verg.
673 1589 744 1650 bert.
761 1587 836 1652 1111
848 1587 940 1662 (188)
963 1590 1097 1648 orontio
1121 1587 1213 1668 veri,
1236 1584 1348 1648 ibidem
1368 1585 1466 1660 (237)

133 1701 192 1764 bic
218 1701 337 1763 nostri
361 1699 515 1762 nuntius
539 1706 628 1760 esto.

226 1807 358 1870 Nihiluna
392 1817 524 1883 vetuste,
557 1805 587 1868 ld
620 1816 667 1868 est
695 1803 742 1866 vel
771 1802 937 1866 modicum:
969 1801 1097 1866 nihilum
1126 1803 1207 1864 enim
1235 1804 1352 1884 antiqui
1381 1821 1465 1864 voca·

133 1929 245 1982 verunt
264 1917 361 2000 ipsius
384 1913 525 1997 quiddam
551 1915 722 1994 exiguitatis
746 1915 918 1994 minimum,
943 1911 1092 1974 Salustius
1117 1911 1180 1991 lug.
1200 1911 1331 1987 (7510)
1350 1909 1466 1973 nibilo
1599 1985 1602 1990 Ι

95 2027 315 2107 usegntns.

225 2131 343 2194 Ninnius
371 2130 426 2194 bec
455 2150 503 2215 re,
536 2129 594 2194 Sal.
622 2130 692 2194 hist.
720 2129 748 2193 ll
776 2139 859 2213 post
892 2126 954 2190 nbi
987 2127 1127 2190 fiducia
1161 2129 1298 2189 nimitas
1322 2175 1329 2190 .
1354 2129 1466 2191 nimius

40 2283 41 2286 κ
132 2241 228 2320 illins,
252 2239 331 2302 idevn
355 2238 424 2303 bist
448 2238 503 2302 llll
526 2242 712 2322 impotens
736 2249 772 2301 et
796 2239 930 2301 nimius
954 2237 1067 2298 nninri
1091 2247 1179 2299 est.

225 2348 320 2411 Natus
343 2355 389 2411 tot
411 2366 520 2430 annos,
543 2347 613 2410 Ter.
637 2345 730 2410 llean.
754 2347 791 2420 (Ι
809 2346 898 2424 110)
923 2363 1038 2408 annos
1060 2343 1117 2407 tx
1146 2354 1254 2407 notns
1283 2365 1320 2408 es
1345 2393 1352 2410 .
1377 2357 1465 2410 natus

132 2475 229 2520 annos
253 2465 298 2520 tot
321 2458 430 2540 maior,
453 2455 482 2520 id
508 2465 555 2520 est
577 2474 669 2538 snpra
693 2465 739 2519 tot
762 2473 870 2536 attnos,
895 2453 955 2516 Cic.
980 2473 1035 2536 pro
1057 2453 1166 2517 Roscio
1186 2456 1229 2534 (p.
1249 2455 1340 2518 Rosc.
1362 2459 1463 2519 Aruer.

92 2565 245 2644 2⁰14,39)
269 2583 384 2628 annos
408 2574 514 2668 natus
539 2567 652 2628 maior
675 2563 730 2626 Lx
754 2612 761 2628 .

223 2672 317 2737 Nubit
340 2671 397 2756 illi,
425 2672 485 2737 Cic.
509 2690 565 2754 pro
589 2671 728 2736 Cluentio
751 2673 854 2748 (511)
885 2670 989 2734 nubit
1016 2690 1153 2754 genero
1182 2689 1345 2737 socrus.
1371 2683 1464 2756 vrvtpta

132 2793 179 2846 est
204 2801 273 2846 cum
297 2781 362 2865 illo,
385 2780 453 2844 Ter.
478 2780 568 2864 Hecy.
593 2779 765 2856 (17119)
789 2790 892 2844 esset
915 2799 994 2845 cum
1018 2779 1082 2843 illo
1106 2790 1246 2862 nupta.

223 2889 329 2953 Nudus
362 2889 469 2952 barum
502 2907 619 2973 rerunt,
658 2889 715 2952 Sal.
749 2887 812 2971 lng.
846 2889 956 2965 (795)
989 2889 1069 2952 loco
1102 2889 1269 2971 aequalia
1302 2901 1337 2953 et
1371 2891 1464 2954 noda

132 3001 393 3082 gignentium.
912 3053 914 3058 .

92 3125 118 3166 as
224 3105 393 3170 Obliviscor
425 3107 501 3170 hanc
535 3124 614 3188 tem,
647 3105 733 3189 Verg.
766 3109 839 3170 Aen.
873 3105 898 3168 ll
932 3107 1025 3182 (148)
1064 3105 1288 3170 obliviscere
1322 3107 1465 3190 Graios,

76 3293 79 3300 Ι
131 3215 240 3279 Cicero
258 3233 314 3297 pro
334 3213 435 3278 Caelio
455 3209 588 3300 (20,50)
613 3214 815 3279 obliviscor
839 3216 998 3278 iniurias
1021 3225 1115 3298 tuas,
1140 3213 1264 3278 Clodia
1280 3262 1288 3277 .
1303 3215 1464 3279 obliviscor

132 3324 223 3387 huitts
243 3325 301 3407 rei,
320 3322 381 3386 Cic.
401 3326 433 3386 in
453 3323 536 3387 Catil.
551 3323 563 3385 l
578 3325 662 3402 (3,6)
681 3324 906 3387 obliviscere
926 3323 1050 3386 caedis
1069 3334 1178 3404 atque
1198 3324 1462 3388 incendiorum.

132 3431 244 3496 oblitns
272 3431 362 3496 lanios
390 3435 449 3516 rei,
483 3431 569 3514 Verg.
598 3450 700 3514 georg.
730 3430 770 3494 lll
798 3432 895 3507 (245)
925 3431 1131 3496 catellorum
1160 3430 1274 3495 oblita
1304 3431 1462 3498 leaena.

131 3539 246 3602 oblitus
269 3529 349 3602 illato
374 3558 453 3620 rent,
477 3540 556 3602 idem
580 3559 662 3622 geor.
686 3539 714 3602 ll
738 3540 810 3614 (59)

91 3668 116 3708 so
350 3667 525 3731 pomaque
549 3647 774 3731 degenerant
798 3668 907 3712 sucos
930 3649 1045 3712 oblita
1068 3651 1214 3732 priores
1238 3697 1246 3712 .

130 3756 258 3821 oblitum
282 3757 370 3841 mihi,
394 3757 474 3840 qnod
499 3777 535 3820 ex
560 3759 705 3821 memoria
729 3760 869 3837 recessit,
894 3756 979 3840 Verg.
1003 3757 1071 3821 bnc.
1096 3759 1201 3834 (9‚53)
1226 3777 1320 3823 nvvnc
1348 3759 1462 3822 oblita

129 3865 219 3930 mihi
244 3874 298 3928 tot
321 3869 481 3928 carmina
505 3915 512 3930 .
763 3846 766 3854 ⁴

225 4131 317 4186 Godec
336 4130 486 4188 Porrlturn'
523 4132 614 4205 uhic]
630 4131 696 4189 haic
771 4137 804 4186 10
818 4149 929 4202 grecum
945 4131 1018 4200 veri,
1032 4134 1081 4189 sed
1093 4133 1179 4189 deleto
1194 4131 1254 4190 veti
1329 4133 1462 4207 11Verg.

129 4215 205 4271 Aen.
223 4212 285 4268 veri
303 4212 344 4269 ibi
363 4213 411 4269 hic
482 4219 517 4270 22
538 4232 601 4271 cnm
621 4214 683 4286 illo]
703 4214 824 4270 Camillo
843 4220 959 4286 utroque
977 4216 1035 4272 loco
1108 4219 1143 4270 28
1162 4215 1246 4271 leons

128 4363 348 4376 μὴ..

223 4455 239 4506 ‘l
261 4449 362 4506 Nitens
381 4448 461 4516 hnic,
480 4449 556 4506 idem
575 4453 644 4506 Aen.
660 4448 686 4504 lI
705 4449 808 4520 pressit
825 4451 912 4508 humo
931 4449 1026 4508 nitens
1042 4451 1077 4506 Μ
1153 4455 1185 4505 13
1204 4451 1323 4518 sortasse
1340 4450 1462 4508 nibilum

128 4532 243 4588 reboate
261 4531 292 4587 id
311 4533 357 4588 ot
374 4548 430 4588 non
449 4531 539 4587 hilum
558 4531 604 4588 vel
628 4528 786 4587 modicum:
810 4532 901 4590 hilum
924 4533 999 4590 enim
1092 4537 1125 4588 16
1144 4532 1211 4603 posi
1233 4531 1283 4588 ubi
1306 4532 1336 4588 in
1359 4533 1463 4591 ddncia

128 4612 236 4668 nimius
254 4613 320 4668 olim
339 4613 371 4669 in
389 4611 521 4670 Sallustii
538 4612 704 4682 fragmentis
722 4613 826 4669 editum
844 4619 883 4671 est
965 4619 1000 4669 20
1019 4628 1107 4668 annos
1126 4614 1209 4668 nctus
1228 4612 1321 4671 maior
1338 4614 1461 4684 quidve·

128 4693 214 4766 giuls
238 4693 333 4750 Cicero
420 4700 455 4750 20
479 4709 530 4766 pro
555 4691 664 4766 Cselio]
689 4710 741 4765 pro
766 4693 908 4752 Cornelio·
923 4693 1136 4750 Lindemcnons
1223 4693 1376 4752 obliviscor
1403 4695 1461 4754 ism

129 4777 248 4834 iniurius
259 4774 359 4834 ctodia
372 4779 477 4834 codices
487 4775 641 4832 Ciceronis:
656 4777 691 4844 cs.
707 4775 782 4832 Seru.
798 4779 830 4832 a'rv
850 4776 929 4848 Verg.
944 4777 1014 4832 Acro
1025 4775 1047 4830 1
1049 4775 1068 4830 I
1081 4780 1136 4831 148
1151 4773 1269 4831 amissos
1283 4775 1461 4848 obliviscere,

131 4860 166 4913 nt
185 4855 350 4915 ‘obliviscor
368 4855 487 4914 iniurius
505 4861 583 4923 tuse,
603 4855 713 4913 Clodic’
736 4879 743 4912 τ
763 4857 867 4913 dieitur
886 4857 962 4914 enim
981 4857 1197 4913 stamineorum
1216 4855 1384 4916 obliviscere
