3616 5482
350 352 416 420 116
928 353 1106 414 Assoron

348 465 371 505 p.
385 455 446 498 sust.
460 455 487 498 ee
500 455 526 498 r.

439 540 602 605 Fuerimus
625 542 818 606 coniunctim
843 543 931 606 modo
955 552 1092 625 tempore
1112 547 1276 626 praeterito
1300 544 1445 630 perlecto,
1468 543 1599 608 lbreris
1619 555 1680 628 est3

349 659 380 711 et
394 648 552 714 luerimus
576 649 682 713 eodem
711 649 800 714 modo
823 659 961 734 tempore
985 651 1103 734 iuturo,
1131 650 1253 735 llouqa
1277 662 1325 717 est
1347 673 1365 713 s
1388 657 1420 717 iu
1444 653 1537 717 serbo
1559 655 1680 737 passivo

347 757 500 822 indicativi
524 759 605 822 modi
628 762 775 842 temporis
798 760 894 824 iuturi
917 759 1001 824 dicar
1023 759 1144 824 diceris.

436 867 582 932 Miramur
606 887 711 953 opera,
735 868 919 933 admiramur
941 871 1080 932 virtutes.

436 975 563 1041 Labium
591 979 733 1060 superius
761 975 886 1062 dicitur,
913 975 1032 1042 labrum
1061 977 1198 1041 iuferius.
1246 986 1380 1043 rostrum
1408 997 1469 1042 nou
1505 982 1564 1044 nisi
1594 981 1710 1064 quode

345 1086 505 1149 incursum
530 1095 585 1150 est.

435 1193 596 1260 Exercitus
620 1194 788 1278 laboribus,
812 1199 995 1260 exercitatus
1020 1197 1137 1261 studiis.

435 1303 568 1368 bliuorcs
592 1323 658 1368 esse
682 1323 733 1368 res
757 1305 871 1388 uliquas
895 1307 948 1368 aut
969 1305 1108 1370 homiues
1133 1300 1270 1370 dicimus.
1309 1323 1378 1369 nsm
1397 1308 1522 1370 minoris
1542 1317 1678 1390 emptum

346 1421 400 1476 aut
416 1415 614 1477 aestimatum
643 1415 798 1496 quippiam
826 1421 910 1477 recte
939 1412 1115 1498 scribimus,
1143 1417 1223 1478 siout
1251 1423 1282 1478 et
1312 1415 1424 1499 pluris,
1454 1414 1535 1497 quod
1564 1419 1677 1478 maiore

346 1539 464 1585 summa
483 1529 611 1586 taxetur.
649 1521 753 1605 plures
771 1540 844 1584 sero
863 1522 900 1584 de
921 1521 1114 1586 multitudine
1134 1519 1305 1587 scribimus.
1333 1522 1436 1606 plures
1456 1526 1678 1606 comparativus
1697 1541 1727 1583 so

343 1629 455 1712 gradus
479 1639 538 1694 est:
567 1628 674 1694 Cicero
703 1625 815 1695 ‘uuus
843 1629 969 1714 plures
997 1630 1223 1714 praedonum
1251 1631 1366 1695 duces
1394 1634 1494 1714 cepit
1520 1629 1678 1695 Publius

336 1736 526 1802 Servilius
555 1757 658 1822 quum
687 1733 830 1804 ceterl’.
868 1741 1031 1822 positivum
1061 1739 1153 1804 habet
1181 1735 1315 1824 ‘multi',
1343 1740 1561 1823 superlativum
1594 1736 1678 1822 ‘plu-

344 1841 438 1910 rimi'.
462 1850 558 1930 cepit
580 1848 619 1911 de
642 1848 803 1931 capiendo,
827 1851 928 1930 coepit
951 1848 988 1911 de
1012 1847 1185 1930 incipiendo
1209 1848 1380 1912 scribimus.

433 1955 566 2039 Vterque
591 1957 629 2020 de
652 1955 772 2020 duobus
795 1956 935 2040 dicimus,
958 1957 1081 2037 utrique
1105 1956 1143 2019 de
1162 1955 1241 2020 binis
1261 1965 1313 2020 aui
1331 1957 1469 2040 pluribus
1490 1977 1525 2021 ex
1545 1966 1675 2041 utraque

342 2072 428 2148 parte
460 2067 584 2148 positis,
620 2074 750 2148 uterque
783 2067 881 2148 venit,
923 2065 1046 2146 utrique
1084 2065 1223 2128 veniunt:
1258 2065 1364 2128 Cicero
1398 2061 1522 2130 ‘iubeo
1559 2070 1677 2150 promi
1696 2086 1724 2125 rs

341 2183 538 2259 utrosque,
568 2172 676 2236 binos
706 2166 912 2256 habebam',
949 2175 1019 2254 quia
1049 2171 1192 2255 Delphica
1225 2193 1293 2237 rasa
1323 2176 1407 2258 puris
1439 2194 1561 2258 semper
1595 2186 1676 2274 suut,

342 2282 423 2346 unde
447 2285 522 2372 ipse.
537 2282 644 2346 Cicero
668 2277 832 2344 ‘dicebat
855 2280 1073 2363 scyphorum
1097 2282 1199 2362 paria
1224 2277 1426 2364 conplura'.

433 2391 599 2465 Quaeritur
622 2389 659 2453 de
683 2388 875 2472 inquirendo,
899 2391 1040 2470 queritur
1063 2388 1100 2450 de
1124 2389 1507 2480 implorandoscribimus.
1545 2393 1589 2456 sic
1613 2401 1644 2455 et
1668 2384 1674 2476 Ι

340 2509 485 2584 quaestus
508 2501 600 2584 lucri,
624 2507 751 2581 questus
774 2498 976 2560 lacrimarum.
1663 2525 1666 2530 ·

429 2607 576 2671 Poculum
607 2627 658 2670 vas
689 2614 750 2690 est,
780 2609 863 2688 potio
894 2604 975 2687 quod
1006 2603 1165 2668 harri-itur:
1199 2605 1306 2670 Cicero
1338 2604 1506 2691 ‘accepto
1541 2608 1674 2692 poculo
1690 2629 1721 2670 so

340 2715 467 2781 subito
486 2719 522 2781 iu
542 2715 659 2780 media
678 2718 831 2798 potioue
851 2708 1097 2777 exclamarit'.
1137 2709 1341 2779 ‘dimidiatum
1362 2717 1486 2780 calicem
1505 2712 1594 2800 bibi',
1613 2736 1674 2780 nors

340 2825 498 2890 dimidium
513 2825 614 2889 dicere
630 2824 786 2889 debemus.
824 2841 885 2885 uon
901 2823 982 2884 euim
997 2822 1097 2902 ipsum
1111 2839 1163 2884 ras
1178 2820 1271 2908 bibis,
1292 2825 1344 2888 sed
1361 2825 1440 2909 quod
1458 2829 1538 2888 intre
1552 2844 1603 2888 vas
1618 2834 1673 2888 est.

431 2933 509 2999 Olim
533 2943 564 2999 et
587 2933 739 3018 quondam
763 2939 794 2995 et
817 2929 978 3013 aliquando
1009 2933 1067 2992 tria
1092 2939 1228 3013 tempora
1252 2941 1368 2998 teuent.
1407 2937 1568 3018 'praeteriti
1599 2944 1672 2998 tem·

430 3098 443 3146 1
469 3093 480 3148 i
502 3091 596 3148 brevis
620 3089 677 3164 esi]
702 3107 718 3147 e
740 3088 835 3147 breuis
858 3087 903 3144 esi
922 3087 960 3142 Μ
981 3103 998 3142 e
1020 3086 1109 3143 breue
1133 3089 1177 3144 est
1197 3088 1222 3145 0
1244 3093 1274 3147 el
1297 3091 1393 3148 breuis
1412 3097 1457 3150 esi
1473 3092 1527 3164 Bp
1602 3096 1618 3146 2
1645 3094 1675 3147 el

340 3178 405 3229 aute
423 3172 560 3230 fuerimus
574 3189 626 3230 osu.
640 3173 693 3243 Bp
766 3173 895 3243 tempore
914 3171 1009 3227 futuro
1024 3170 1055 3225 ei
1072 3166 1161 3241 longa
1177 3173 1222 3228 esi
1239 3171 1270 3228 iu
1284 3173 1372 3231 uerbo
1390 3175 1504 3247 pussiuo
1522 3173 1676 3230 iudicsb'ui

337 3253 417 3312 modi
436 3254 533 3325 (modo
552 3271 622 3324 corr.
643 3253 688 3310 -di
707 3252 741 3323 G)
759 3251 896 3324 temporis
915 3251 1004 3308 futuri
1022 3251 1103 3308 dicer
1121 3249 1224 3308 diceris
1247 3253 1285 3308 M
1289 3253 1324 3324 0,
1347 3258 1395 3313 scd
1413 3259 1495 3314 ei-
1516 3257 1618 3312 diceris
1641 3256 1675 3311 s'ss

337 3352 442 3393 raassru
454 3335 581 3408 sequestre
590 3341 649 3392 ocio
662 3336 720 3404 sere
733 3335 891 3392 litterarum
904 3334 996 3406 spatio
1007 3331 1054 3400 M,
1066 3333 1195 3402 tempore
1207 3331 1303 3392 futuro
1318 3339 1348 3393 ei
1362 3337 1450 3411 longe
1464 3341 1508 3396 esi
1522 3355 1587 3394 cum
1597 3335 1672 3391 dice·

340 3417 380 3474 ris
400 3416 520 3490 (diceres
535 3418 569 3488 p)
590 3418 680 3474 uerbo
698 3417 794 3474 sctiuo
817 3415 1000 3473 coniunctius
1027 3412 1112 3469 modo
1137 3411 1240 3470 diceris
1264 3418 1351 3476 uerbo
1375 3420 1489 3492 pussiuo
1515 3417 1673 3475 indication

335 3499 421 3557 modo
445 3499 505 3573 Bp.
535 3499 668 3555 locum
691 3498 830 3565 iudicari,
852 3497 886 3553 s'ss
908 3513 965 3568 qssu
987 3495 1125 3567 quaedum
1150 3496 1284 3553 reddisse
1308 3501 1439 3556 uidentur
1462 3503 1495 3558 ile
1513 3501 1674 3570 differentia

335 3583 466 3653 terporis
485 3579 643 3652 mouentis
666 3583 691 3634 ei
713 3579 809 3648 fuito-i
830 3580 864 3636 iss
889 3580 979 3635 artico
1002 3575 1099 3644 serbo,
1121 3574 1187 3632 dico
1213 3578 1285 3637 diris
1308 3587 1334 3637 et
1357 3582 1451 3640 dicum
1474 3583 1563 3653 dices,
1592 3587 1617 3638 ei
1640 3582 1674 3636 a'ss

333 3665 447 3734 preciso
465 3663 560 3734 serbo,
579 3659 659 3716 dicor
677 3659 781 3718 diceris
799 3667 826 3718 et
844 3659 924 3717 dicer
943 3656 1044 3714 diceris
1127 3663 1145 3712 t
1164 3658 1350 3738 udmirumur]
1369 3665 1554 3722 ammiramur
1571 3663 1599 3719 B

337 3768 353 3819 6
372 3762 501 3820 imferius
521 3763 560 3819 M
623 3741 806 3820 biuc'bruum
825 3761 854 3816 Β
933 3765 949 3814 ‘l
974 3755 1114 3814 exercilus
1138 3755 1244 3814 laboris
1268 3763 1349 3830 (corr.
1371 3762 1459 3835 ibus)
1478 3765 1509 3820 ed
1531 3761 1672 3818 exercitus

337 3843 438 3901 studiis
454 3843 478 3899 0
530 3849 547 3898 8
566 3859 612 3900 res
628 3842 701 3900 elius
721 3846 772 3900 eud
790 3845 834 3914 (ui
845 3841 881 3914 O)
900 3839 1030 3897 homines
1049 3835 1109 3892 BG
1162 3841 1388 3919 suestimstum]
1404 3844 1636 3903 uestimsiumB

339 3932 373 3982 10
392 3929 507 3983 iexsiur
526 3924 562 3993 0,
580 3940 650 3982 corr.
670 3925 707 3980 ul.
726 3943 762 3980 m.
782 3925 898 3980 tussim
915 3922 944 3978 Β
1018 3920 1231 3993 computatiuus
1250 3924 1355 3996 gradus
1374 3930 1484 3998 (grecus
1498 3943 1568 3983 corr.
1584 3927 1619 3983 at.
1635 3945 1672 3984 m,

337 4009 443 4080 grudus
461 4008 500 4081 B)
519 4010 564 4064 esi
582 4006 674 4064 uicem
692 4003 752 4060 Bu
768 4001 958 4077 computabiui
976 4001 1080 4074 &rudus
1099 4005 1143 4058 est
1161 4003 1202 4058 sio
1222 4004 1315 4063 cicero
1331 4006 1369 4063 Μ
1371 4029 1381 4062 .·
1401 4007 1456 4066 Cs’c.
1471 4010 1504 4065 s'ss
1524 4009 1602 4066 Verr.
1617 4015 1672 4067 ari.

336 4106 386 4147 sec.
412 4089 439 4144 V
454 4095 504 4158 26,
523 4094 561 4146 66
663 4094 697 4144 11
717 4087 813 4159 coepit
835 4085 952 4160 publius
971 4081 1102 4140 seruilius
1123 4083 1161 4138 Μ
1178 4083 1256 4156 cepit
1273 4088 1404 4145 seruilius
1422 4089 1450 4144 Β
1471 4088 1565 4161 coepit
1583 4091 1671 4146 serui-

336 4171 391 4228 lius
412 4171 436 4227 0
500 4178 534 4228 12
552 4170 661 4228 habeut
679 4168 708 4224 Β
774 4175 806 4226 tt
826 4164 989 4239 scribimus]
1009 4165 1131 4222 dicimus
1151 4165 1175 4222 0
1238 4169 1423 4243 redicimus]
1443 4169 1592 4227 scribimus
1613 4169 1638 4225 0

338 4252 522 4327 reveniunt]
546 4254 686 4310 uenerunt
708 4251 757 4308 uel
780 4250 899 4307 ueniunt
916 4249 976 4304 ΒΟ
1071 4247 1167 4322 iubeo]
1194 4249 1249 4306 Cic.
1273 4251 1306 4306 s'ss
1331 4249 1407 4308 Verr.
1432 4255 1485 4306 aci.
1509 4266 1559 4306 sec.
1586 4251 1675 4307 IIII

336 4339 381 4402 14,
400 4339 439 4392 32
529 4339 562 4389 lo
582 4331 664 4390 binos
683 4331 825 4388 bubebsm
843 4331 913 4401 quie
930 4331 968 4387 ad
987 4330 1116 4388 deificum
1136 4347 1207 4386 usus
1224 4331 1305 4404 puris
1323 4332 1382 4388 Bc
1398 4331 1479 4388 binos
1498 4334 1531 4387 ui
1548 4332 1671 4390 habesm

337 4433 392 4489 qup
411 4415 449 4472 sd
467 4415 569 4472 dellice
586 4432 659 4472 uueu
677 4411 823 4485 comperis
842 4411 881 4467 Μ
953 4417 987 4468 17
1007 4411 1133 4486 dioebut]
1155 4412 1210 4469 Cs'c.
1231 4415 1263 4470 iss
1283 4413 1359 4471 Vesr.
1375 4419 1428 4469 art.
1442 4429 1493 4469 aec.
1513 4413 1558 4469 II
1574 4419 1620 4482 19,
1634 4418 1672 4471 47

409 4497 546 4569 conplura
566 4497 604 4551 M
621 4497 740 4567 copluru
757 4495 806 4551 uel
824 4491 954 4566 eop1uris
972 4491 998 4548 0
1013 4494 1151 4567 conplures
1169 4495 1217 4551 uel
1236 4493 1413 4565 conplurslis
1431 4493 1460 4548 Β
1527 4499 1560 4550 te
1579 4493 1620 4550 sic
1639 4497 1670 4551 ei

337 4579 472 4648 quaestus
491 4579 619 4649 (questus
634 4577 673 4648 Β)
693 4578 765 4633 lucri
783 4579 813 4633 et
832 4579 949 4649 questus
967 4575 1149 4632 lacrimarum
1168 4575 1226 4631 BG
1280 4583 1314 4632 20
1329 4575 1406 4649 quod
1419 4574 1479 4631 Bo
1490 4592 1564 4650 quse
1580 4575 1619 4631 M

337 4657 468 4732 eccepto]
490 4659 545 4716 Cic.
556 4676 587 4730 p.
604 4659 711 4717 Cluessi.
726 4666 773 4728 10,
787 4663 838 4716 30·
879 4663 914 4713 22
935 4656 984 4713 sed
1003 4657 1096 4714 osui}
1148 4665 1183 4714 23
1204 4660 1234 4714 ei
1252 4663 1316 4714 aute
1334 4657 1479 4728 quondum
1493 4673 1544 4714 osis.
1559 4656 1619 4712 BG

337 4741 486 4812 praeteribi
508 4743 664 4812 praesentis
688 4741 825 4814 temporis
848 4739 989 4798 occisuri
1012 4739 1132 4798 edlutim
1156 4738 1341 4795 inueniuntur
1360 4739 1492 4811 exemplu
1508 4739 1670 4812 praesentis

337 4820 437 4876 demus
455 4820 483 4876 B
502 4823 650 4892 praeteribi
669 4821 827 4894 praesentis
847 4824 877 4878 ei
894 4821 984 4879 futuri
998 4821 1118 4878 udleiim
1134 4821 1319 4878 inueniuntur
1332 4821 1367 4877 de
1383 4820 1428 4877 his
1443 4821 1574 4894 exemplu
1587 4838 1672 4894 prue-

337 4902 425 4960 senua
443 4902 580 4974 temporis
599 4905 761 4976 exemplum
781 4903 879 4960 demus
901 4902 924 4958 0
