3564 5482
578 332 649 390 sus
669 331 920 391 amuranus
1342 397 1352 410 ,
1372 333 1438 400 401

106 435 266 485 unum

106 530 161 586 est
210 521 413 604 superlativus
437 539 508 584 vero
532 521 580 586 bis
604 529 721 586 tantum
743 524 796 605 qui
820 523 868 586 sui
887 523 1007 604 generis
1027 530 1099 586 suut
1118 524 1324 605 praeponitur.
1371 539 1441 584 nam

106 631 314 694 velocissimus
338 648 436 713 equus
460 649 521 694 non
546 630 672 715 dieitur,
698 634 756 696 nisi
779 632 866 714 equis
890 640 1083 713 comparatus
1106 633 1154 694 sit.
1202 633 1304 712 itaque
1333 647 1439 713 super·

104 739 216 804 lstlrus
238 737 350 822 gradus
374 747 426 802 aut
449 737 590 802 omnibus
613 741 661 802 sui
684 742 805 822 generis
828 739 1042 822 praeponitur,
1066 749 1100 800 ut
1124 733 1159 802 ‘o
1184 737 1342 802 Donarem
1366 739 1439 801 lor·

105 851 250 912 tissime
273 849 396 932 gentis
420 841 604 930 Tydides,'
628 855 681 910 ant
704 847 804 912 nullis.
828 850 906 940 seito
930 853 1030 910 autem
1056 849 1292 930 comparativum
1313 847 1440 930 gradum

79 967 213 1020 suasum
237 956 400 1020 ablativum
423 956 544 1019 trabere
569 966 629 1019 tam
654 959 774 1021 numeri
797 956 959 1040 singularis
983 973 1073 1038 quam
1096 955 1235 1040 pluralis,
1264 965 1298 1020 ut
1321 954 1441 1020 doctior

104 1065 171 1148 illo,
206 1064 325 1129 doctior
357 1064 425 1128 illis.
472 1062 674 1148 superlativus
707 1083 778 1128 vero
812 1084 916 1130 ossum
945 1067 1111 1148 genitivum
1141 1065 1234 1129 trabit
1262 1076 1292 1129 et
1324 1073 1440 1128 tantum

104 1171 217 1256 plurali
241 1175 378 1258 iungitur
401 1191 544 1258 numero,
567 1182 602 1237 ut
624 1176 759 1239 omnium
784 1176 969 1240 iustissimus
993 1173 1113 1239 dicitur.
1134 1169 1139 1260 Ι
1291 1163 1297 1177 ⁸

505 1387 507 1396 ⁴
597 1388 658 1458 DE}
683 1389 948 1460 PRONOMINE

197 1537 368 1602 Pronomsn
403 1548 449 1603 est
481 1558 552 1622 pars
585 1543 732 1604 orationis
766 1560 842 1623 quae
876 1559 931 1623 pro
965 1542 1031 1622 ipso
1060 1541 1156 1622 posita
1186 1541 1307 1603 nomine
1339 1541 1441 1604 minns

63 1648 231 1730 mquidem
260 1648 363 1732 ploos,
395 1648 476 1712 idam
504 1659 603 1713 tamen
633 1634 801 1734 signiiloatj
830 1659 865 1712 ut
893 1667 948 1731 ego
982 1657 1014 1711 tu
1049 1647 1126 1729 [me]
1161 1648 1219 1712 ille.
1271 1648 1441 1730 pronomini

105 1755 252 1821 accidunt
266 1756 393 1838 qualitas
412 1777 509 1840 genus
529 1761 623 1840 ligura
642 1777 789 1821 numerus
808 1777 898 1820 oasns
916 1777 1053 1840 persona.
1086 1756 1213 1839 qualitas
1227 1758 1441 1839 pronominum
1557 1793 1561 1800 ·

105 1872 161 1927 ant
184 1865 268 1928 linita
291 1875 339 1930 est
362 1875 414 1930 aut
438 1867 562 1930 inlinita.
609 1867 691 1930 linita
717 1876 764 1930 ast
786 1885 863 1948 quae
887 1875 972 1929 notat
995 1876 1110 1930 certam
1134 1885 1308 1950 personam,
1333 1873 1366 1929 ut
1385 1883 1441 1946 ego

105 1982 139 2035 tu
165 1972 226 2035 ille.
272 1974 389 2038 induite
413 1983 460 2038 est
484 1994 560 2057 qnae
589 1975 715 2039 cuilibet
744 1992 892 2057 personae
921 1981 1022 2056 potest
1050 1972 1284 2056 accommodari,
1312 1982 1347 2037 ut
1373 1975 1442 2054 quis

105 2081 207 2164 qualis
226 2101 312 2165 quae.
354 2102 466 2165 genera
486 2086 700 2166 pronominum
720 2091 792 2146 sunt
811 2081 881 2166 llll,
906 2082 1103 2146 masculinum
1124 2093 1158 2146 ιιι
1176 2083 1241 2166 blo,
1264 2083 1441 2145 lemioinum

62 2207 89 2248 ιε
106 2199 142 2254 ιιι
167 2191 256 2274 bueo,
285 2201 429 2255 neutrum
453 2202 487 2256 ut
510 2193 584 2276 buo,
611 2209 772 2255 commrrne
796 2201 831 2255 ut
854 2211 918 2272 ego.
966 2192 1061 2273 ligura
1090 2191 1303 2273 pronominum
1331 2187 1443 2272 duplex

105 2307 170 2362 est:
197 2308 251 2362 aut
281 2301 361 2362 enim
390 2300 537 2384 simplicia
565 2309 651 2385 suut,
685 2306 719 2362 ut
746 2301 814 2380 quis
847 2317 917 2383 ego,
949 2309 1001 2362 aut
1029 2301 1209 2382 composita,
1242 2308 1275 2361 ut
1304 2298 1444 2380 quisquis

200 2474 294 2532 noda
313 2474 514 2548 Sanpallsnsrb.
552 2474 761 2534 stormsimso
780 2474 874 2546 geniis
896 2473 1078 2532 TYTIAEO
1141 2481 1165 2530 *t
1185 2473 1257 2531 seito
1276 2475 1391 2530 νισθιδε

105 2556 219 2630 sum]
239 2556 327 2613 eblum
404 2556 537 2630 pluralis]
557 2555 671 2629 populis
751 2561 785 2611 10
804 2555 913 2630 ιειιιειι]
932 2559 992 2612 lam
1066 2555 1236 2629 pronomina
1255 2557 1389 2614 soaiduot

106 2643 143 2694 18
165 2641 197 2694 ut
215 2645 281 2696 ante
299 2639 363 2711 quis
381 2657 434 2697 οιιι.

122 2823 127 2832 ’
203 2801 281 2859 lsai
299 2801 427 2876 genens]
455 2801 584 2859 eiusdem
611 2801 723 2873 geneda
744 2802 782 2858 M
857 2801 1073 2876 soDoosum]
1104 2803 1272 2876 reason
1294 2805 1370 2860 196

107 2891 125 2942 l
146 2904 164 2956 q
183 2887 305 2948 οοθεκος
322 2889 373 2941 aot
392 2883 478 2940 ntrllis
503 2882 508 2954 Ι
533 2884 675 2952 frontose
701 2883 774 2940 seito
794 2886 890 2940 sutem
911 2885 948 2938 M
1030 2883 1155 2941 σθαιίει
1179 2887 1260 2954 (corr.
1281 2888 1367 2955 siner)
1393 2903 1443 2940 uus

107 2986 181 3023 erro
207 2975 297 3022 ενιτσ
317 2966 430 3023 trsbsre
455 2969 515 3022 tam
534 2965 564 3020 in
584 2963 723 3036 singulari
748 2966 753 3035 Ι
777 2968 901 3035 αρηθμω
931 2985 980 3022 και
1010 2985 1042 3022 ιν
1070 2987 1109 3022 τω
1135 2983 1252 3024 numero
1276 2985 1362 3038 quum
1386 2967 1440 3038 iul

107 3051 297 3120 πιηθοηικιο
317 3047 424 3121 plurali
441 3051 445 3118 Ι
462 3067 500 3112 ως
518 3066 555 3103 το·
570 3051 603 3104 ut
621 3047 732 3104 doctior
750 3046 801 3103 illo
820 3049 850 3104 ab
868 3047 980 3104 doalior
998 3047 1055 3104 illis
1075 3048 1115 3105 Μ
1186 3057 1202 3106 7
1222 3069 1260 3112 ar
1278 3069 1310 3104 το
1329 3053 1443 3118 tepeant

106 3134 141 3188 ub
160 3129 333 3186 iustissimus
351 3129 457 3186 dieitur
475 3129 602 3185 omnium
622 3129 661 3186 Μ
732 3128 817 3185 SDE
837 3127 1073 3203 PRONOMINE]
1099 3148 1155 3188 aaa.
1176 3132 1287 3188 auam.
1306 3149 1338 3204 μ.
1358 3135 1443 3198 557,3

109 3211 388 3282 Obarinp.157,23a
407 3212 444 3280 es.
462 3210 558 3266 Diam.
576 3227 605 3281 p.
621 3215 715 3277 aaut.
734 3212 766 3266 in
785 3212 876 3268 codiee
898 3213 1066 3267 Monacensi
1084 3217 1138 3268 601
1159 3213 1357 3268 declinationes
1376 3229 1444 3284 pro·

107 3295 255 3351 nominum
271 3293 462 3364 personalium
480 3309 642 3364 praecorum
661 3297 686 3347 et
709 3293 862 3348 latinorum
881 3293 989 3347 anissis
1008 3293 1045 3347 iis
1063 3309 1134 3363 quae
1152 3293 1185 3348 ds
1203 3293 1310 3362 defectu
1328 3309 1442 3349 coruunt

107 3376 310 3448 grammatibus
342 3375 528 3430 adnotaverat
560 3375 697 3446 loquutur.
744 3375 777 3427 in
801 3373 917 3443 reliquis
942 3375 1157 3442 pronominibus
1188 3393 1258 3445 quae
1289 3381 1444 3446 seqosuntur

108 3457 239 3514 οοιιιιθαι
262 3457 318 3512 duo
342 3472 437 3522 eorus,
460 3456 628 3512 nominativi
651 3461 677 3510 at
698 3455 830 3527 quietim,
858 3455 945 3508 trium
971 3471 1101 3524 amaruan
1130 3457 1162 3532 in
1189 3457 1332 3528 anpulori
1359 3462 1384 3512 et
1411 3457 1444 3512 in

105 3537 220 3610 plurali
237 3553 352 3593 ιιιινιιτο
370 3537 434 3592 item
452 3553 547 3608 praece
565 3541 591 3592 st
609 3536 696 3592 latine
714 3537 826 3606 scripti,
850 3537 916 3592 inde
934 3554 953 3592 a
969 3538 1136 3606 pronomine
1158 3535 1207 3592 illo
1227 3543 1319 3593 autem
1337 3538 1444 3595 latinae

108 3623 217 3690 larinas
234 3618 342 3689 γιοοσίο
360 3619 565 3688 superscriptae
582 3621 648 3672 suist
668 3661 673 3672 .
694 3619 809 3673 exhibui
831 3618 973 3673 lectionem
996 3619 1099 3674 audiam
1118 3617 1325 3690 dannationis,
1349 3637 1443 3691 quam·

109 3717 195 3774 msam
213 3701 246 3755 in
263 3715 294 3756 eo
312 3699 344 3754 in
363 3699 462 3754 tannis
478 3698 693 3769 pronominibus
712 3699 848 3771 quaedam
866 3702 974 3768 somnae
992 3700 1108 3756 οιιιίιεαι
1126 3707 1192 3756 sunt
1286 3707 1319 3757 10
1339 3705 1372 3758 ob
1389 3718 1443 3775 ego

109 3787 143 3840 ta
162 3781 211 3838 bio
229 3780 279 3837 illo
298 3797 355 3854 απτ.
376 3780 460 3837 ditor.
476 3797 506 3851 p.
528 3787 610 3850 557,5

109 4057 339 4142 ἕτερογενοῦς.
387 4048 654 4138 ὁῦπιοθετικὸς
678 4053 716 4123 ol
739 4053 871 4125 τούτων
895 4053 1004 4144 μόνον
1029 4059 1098 4125 τῶν
1123 4053 1300 4144 ὁμογενῶν
1331 4054 1443 4126 ὄντων
1473 4069 1475 4074 ’

107 4160 344 4252 spondebatur.
391 4159 573 4249 παχύτατος
596 4159 662 4249 γὰο
686 4165 787 4243 ἵππος
810 4161 852 4233 οὐ
876 4164 1023 4252 λέγεται,
1052 4161 1114 4233 ἐὰν
1141 4162 1186 4252 μὴ
1215 4167 1330 4246 ἵπποις
1362 4184 1442 4254 συγ-

107 4278 276 4360 noluntas.
321 4273 508 4358 τοιγαροῦν
532 4266 550 4338 ὁ
576 4267 798 4355 ὑπερθετικὸς
820 4271 957 4362 βαθμὸς
979 4267 999 4361 ἦ
1019 4270 1157 4342 πάντων
1176 4277 1246 4342 τῶν
1266 4269 1443 4362 ὁμογενῶν

107 4380 336 4470 aporiaretur
364 4372 386 4466 ἢ
410 4374 563 4460 οὐδενός.
601 4387 675 4448 ι’σθι
696 4379 734 4449 db
753 4377 816 4449 τὸν
835 4377 1054 4468 συγκριτικὸν
1072 4378 1212 4470 βαθμὸν
1231 4381 1294 4470 τὴν
1313 4387 1443 4453 πτῶσιν

78 4487 173 4578 ,τὴν
206 4483 474 4576 ῶποκομιστικὴν
513 4487 622 4556 ἕλκειν
654 4487 710 4554 καὶ
735 4488 782 4555 dv
826 4492 872 4582 τῷ
917 4490 1015 4582 ἑνικῷ
1053 4486 1190 4582 ἀριθμῷ
1226 4489 1284 4560 καὶ
1321 4493 1359 4562 ἐν
1395 4495 1442 4584 τῷ

108 4598 332 4688 πληθυντικῷ
402 4649 410 4664 .
434 4591 453 4664 ὁ
477 4589 699 4682 ὖπεμθετικὸς
722 4593 761 4663 dl
784 4593 847 4684 τὴν
870 4599 1000 4667 πτῶσιν
1023 4593 1086 4685 τὴν
1109 4595 1249 4686 γενικὴν
1273 4599 1360 4668 ἕλκει
1386 4599 1443 4670 καὶ

108 4706 223 4798 μόνον
245 4706 466 4797 πληθυντικῷ
492 4701 669 4790 ζεύγνυται
693 4698 846 4797 ἀριθμῷ,
871 4702 916 4787 ῶς
937 4703 976 4774 τό
1068 4707 1208 4793 λέγεται.

185 4893 201 4944 2
222 4884 334 4974 ἵπποις]
354 4903 486 4950 ternosue
558 4881 701 4958 bituris]
722 4888 797 4941 siuas
