3604 5486
375 359 441 431 538
806 363 1041 424 FRAGMENTA
1068 365 1268 426 BOBlENSlA

373 465 554 523 mmmm

247 615 253 625 .
374 554 589 620 historicorum
613 565 644 619 et
666 545 835 640 poetarum.
881 559 918 621 de
942 557 1053 640 quibus
1076 558 1173 623 tltulls
1192 559 1248 623 hac
1267 561 1472 627 moderatione
1492 557 1643 645 tractabo,
1670 569 1711 624 ut

374 665 527 748 superllua
550 666 736 750 despiciens,
760 669 928 731 necessaria
952 665 1087 732 breviter
1111 686 1280 754 exponens,
1309 688 1366 734 nec
1389 671 1527 735 iraudem
1555 669 1711 734 studiosis

373 773 480 837 iactam
503 791 561 838 nec
585 772 739 838 fastidium
763 775 908 840 delicatis.

889 1023 951 1094 DE
975 1023 1169 1096 mutuus

462 1189 575 1256 Littera
599 1191 679 1256 dicta
703 1194 790 1275 quasi
813 1191 953 1277 legitera,
976 1211 1012 1257 eo
1036 1193 1117 1278 quod
1140 1193 1311 1278 legentibus
1334 1197 1394 1258 iter
1412 1203 1555 1278 praestet.
1597 1214 1632 1258 ea
1653 1205 1736 1259 ests

372 1301 454 1364 vocis
477 1299 652 1365 articulatae
681 1319 752 1383 pars
779 1301 910 1366 minima.
957 1320 1013 1365 vox
1042 1312 1144 1367 autem
1172 1302 1283 1368 dicitur
1311 1302 1467 1368 articulata
1498 1321 1576 1386 quae
1605 1303 1706 1368 scribi

370 1417 484 1494 potest,
507 1411 632 1474 enoiosa
656 1430 733 1493 quae
757 1409 849 1474 scribi
868 1429 929 1476 non
948 1421 1057 1496 potest
1098 1413 1216 1478 litterae
1234 1413 1377 1477 accidunt
1393 1412 1449 1496 ΠΙ,
1473 1431 1583 1478 nomen
1602 1413 1706 1496 figam

369 1527 512 1604 potestas.
554 1537 665 1584 nomen
684 1529 732 1584 est
755 1539 815 1602 qno
839 1530 978 1600 vocator,
1001 1523 1097 1605 ligura
1120 1542 1180 1605 qua
1203 1521 1361 1608 scribitur,
1384 1531 1518 1606 potestas
1541 1541 1601 1605 qua
1625 1522 1704 1604 quid

337 1614 341 1624 ’
369 1631 466 1712 possit
493 1638 626 1713 apparet
671 1627 842 1694 litterarum
871 1633 992 1694 nomina
1019 1631 1272 1725 declinationibus
1300 1640 1405 1696 carent
1434 1634 1596 1714 neutriqoc
1625 1641 1706 1694 sunt

369 1739 503 1822 generis,
526 1737 608 1802 uude
627 1737 734 1802 Cicero
752 1739 784 1800 ln
803 1736 939 1804 Verriuis
963 1735 1096 1824 ‘usque
1120 1740 1162 1804 ad
1186 1740 1341 1805 alterum
1365 1735 1407 1804 r'.
1452 1740 1570 1804 bosrae
1589 1757 1703 1802 omnes
1720 1758 1746 1796 ro

369 1857 422 1910 aut
444 1845 561 1910 vocales
585 1846 729 1912 dlcontor
752 1855 804 1910 aut
827 1857 1038 1940 consonantes.
1084 1849 1203 1913 vocales
1231 1859 1303 1914 sont
1325 1869 1403 1932 quae
1427 1859 1459 1914 et
1487 1852 1571 1914 sonis
1594 1852 1703 1932 singu·

369 1953 484 2020 larihus
508 1964 648 2022 constant
671 1967 703 2020 et
726 1954 805 2020 solae
830 1955 957 2038 syllabas
988 1958 1116 2040 iaciunt,
1143 1957 1348 2040 sinequibus
1376 1958 1457 2022 nulla
1486 1957 1596 2040 syllaba
1625 1976 1702 2041 pro·

367 2073 498 2129 creatur.
545 2074 618 2129 sont
640 2073 742 2128 autem
766 2082 893 2128 numero
915 2064 950 2150 V,
973 2085 990 2129 a
1014 2085 1030 2130 e
1053 2068 1064 2130 i
1088 2085 1107 2128 o
1129 2085 1159 2128 ιι.
1205 2084 1282 2148 quae
1306 2065 1377 2131 licet
1401 2085 1506 2132 omnes
1530 2066 1701 2130 dichronae

367 2176 443 2261 sint,
465 2174 495 2238 id
519 2183 567 2238 est
590 2181 621 2236 et
643 2172 770 2256 produci
790 2183 822 2236 et
840 2177 954 2258 corripi
972 2177 1103 2260 possint,
1127 2183 1228 2239 umen
1247 2194 1264 2239 a
1284 2178 1294 2238 i
1313 2195 1333 2239 o
1353 2178 1385 2240 in
1404 2185 1535 2258 utroque
1553 2184 1699 2258 tempore

367 2282 497 2348 similem
519 2282 676 2366 possident
699 2300 822 2366 sonum,
850 2291 885 2346 ut
907 2301 978 2346 acer
997 2301 1081 2346 amor
1103 2285 1166 2346 itur
1189 2285 1249 2347 iter
1272 2301 1352 2348 unus
1379 2283 1441 2348 obi
1488 2303 1504 2346 e
1528 2303 1600 2346 vero
1624 2293 1656 2348 et
1678 2305 1700 2348 o
1716 2301 1743 2343 ιι

367 2391 530 2476 dupliciter
552 2391 765 2476 proteruntur:
788 2409 856 2454 nam
881 2410 951 2454 cum
975 2395 1140 2476 corripitur
1163 2410 1194 2476 e,
1221 2409 1278 2476 pro
1301 2411 1318 2455 s
1340 2410 1449 2475 praeeo
1478 2400 1539 2478 cst,
1566 2403 1600 2457 ut
1623 2412 1701 2478 ειυς

367 2519 436 2564 com
460 2499 657 2585 producitur,
679 2518 736 2583 pro
754 2521 791 2585 q,
813 2510 848 2565 ut
871 2498 965 2563 Leda:
988 2502 1122 2583 itemque
1142 2519 1160 2562 o
1179 2519 1250 2564 com
1269 2503 1448 2585 corripitur,
1470 2519 1527 2584 pro
1546 2520 1565 2564 o
1585 2500 1700 2582 graeco
1758 2521 1766 2538 ·

368 2619 429 2696 est,
451 2618 486 2674 ot
508 2609 610 2694 polus3
639 2628 708 2673 com
732 2599 926 2693 producitur,
948 2627 1004 2693 pro
1029 2630 1070 2694 er,
1094 2619 1128 2674 ut
1151 2609 1254 2674 Roma.
1300 2618 1457 2692 practerea
1480 2612 1491 2672 i
1513 2620 1546 2674 et
1569 2629 1589 2674 u
1612 2619 1700 2674 uan-

367 2727 458 2784 seunt
475 2721 508 2782 iu
527 2721 758 2782 consonantium
777 2725 973 2803 potestatem,
997 2738 1067 2782 cum
1085 2721 1251 2802 primasio
1270 2716 1392 2801 syllabis
1410 2721 1531 2802 positae⁴
1545 2719 1593 2782 rel
1611 2721 1700 2802 ipsae

367 2831 448 2892 inter
470 2845 503 2891 se
528 2826 705 2912 cohaerent,
728 2835 763 2889 nt
785 2825 861 2890 luno
884 2829 959 2911 vita,
986 2827 1034 2890 vel
1057 2827 1123 2892 aliis
1146 2827 1301 2892 vocalibus
1324 2826 1518 2910 copulantur,
1546 2836 1582 2892 ot
1603 2827 1700 2892 lanus
1715 2845 1745 2887 sn

367 2935 476 3000 Venus.
523 2936 577 3000 sed
600 2955 621 3001 ιι
645 2953 715 2999 cum
742 2946 789 3000 est
816 2955 1000 3020 consonans,
1028 2937 1208 3021 digammae,
1236 2937 1367 3001 aeolicae
1395 2937 1528 3022 litterae,
1556 2939 1700 3020 iungitur

367 3064 457 3130 sono,
489 3053 524 3108 ut
557 3043 668 3109 Venus.
689 3045 694 3120 Ι
715 3044 769 3107 sed
801 3064 822 3109 u
855 3061 925 3108 com
957 3047 1038 3109 intcr
1071 3065 1091 3128 q
1122 3057 1154 3110 et
1186 3063 1407 3128 quamcumque
1439 3045 1528 3109 aliam
1560 3045 1699 3110 vocalem

366 3156 504 3238 ponitur,
526 3172 583 3236 pro
606 3152 701 3216 nihilo
724 3161 785 3238 est,
807 3164 843 3216 ut
861 3155 1018 3236 quoniam:
1042 3171 1111 3218 narn
1130 3173 1191 3217 non
1210 3162 1311 3237 potcst
1330 3172 1397 3217 esse
1416 3172 1600 3233 musonem,
1622 3157 1699 3236 quia

368 3282 428 3327 non
452 3272 500 3326 est
522 3264 621 3345 prior,
644 3270 675 3324 et
697 3259 877 3344 prohibetur
900 3280 967 3325 esse
992 3261 1103 3324 vocalis
1126 3280 1143 3323 a
1167 3270 1313 3344 sequente
1338 3261 1440 3325 vocali.
1483 3281 1555 3326 sane
1578 3266 1589 3327 i
1612 3265 1700 3326 inter

270 3401 272 3406 ·
366 3371 442 3435 duas
465 3371 583 3436 vocales
605 3373 703 3455 posita
726 3373 758 3434 io
781 3389 842 3434 una
865 3380 951 3454 parte
970 3373 1129 3454 orationis,
1152 3371 1179 3432 si
1197 3387 1367 3433 consonans
1386 3371 1454 3454 fiet,
1477 3369 1606 3454 duplicis
1625 3371 1698 3435 loco
1715 3392 1743 3432 es

353 3467 516 3564 'largitum
538 3491 574 3545 ot
596 3480 695 3544 Troia.
1363 3465 1367 3476 ⁸
1639 3549 1642 3554 .

458 3588 613 3654 Consonae
638 3600 711 3654 sunt
737 3608 814 3671 quac
839 3608 913 3653 sono
938 3599 1063 3654 naturae
1087 3607 1159 3654 suae
1188 3586 1341 3651 vocalibus
1364 3590 1546 3652 miscentur:
1572 3608 1634 3653 non
1658 3603 1700 3656 ut

365 3697 478 3763 liberne
507 3707 629 3782 sonant,
661 3697 714 3762 scd
748 3707 783 3762 ot
815 3698 942 3762 obnixae
971 3707 1152 3784 consonant,
1184 3717 1241 3762 nec
1273 3715 1417 3778 umquam
1450 3697 1530 3760 solae
1563 3697 1699 3782 syllabas

367 3808 494 3892 iaciunt,
532 3809 668 3889 quamvis
704 3807 788 3871 velot
824 3805 953 3890 syllabae
986 3808 1188 3889 proterantur.
1252 3806 1310 3868 hac
1342 3822 1415 3868 vero
1448 3803 1586 3868 bifariam
1617 3807 1697 3871 divi·

304 3999 309 4009 ,
366 3917 493 3982 duntur:
516 3925 569 3980 aot
592 3917 672 3978 enim
696 3914 889 3978 semivocales
912 3915 1057 3978 dicuntur
1080 3924 1132 3978 aut
1155 3923 1264 3978 motae.
1302 3911 1496 3976 semivocales
1520 3924 1592 3978 sunt
1615 3934 1695 3997 quae
1712 3937 1741 3977 so

335 4014 342 4027 '
366 4025 501 4090 dcuacta
525 4023 619 4088 vocali
642 4044 659 4087 a
683 4043 742 4108 qua
765 4025 908 4088 inchoant
931 4024 1088 4088 dimidium
1111 4033 1228 4088 sonant.
1270 4030 1341 4086 sont
1364 4031 1466 4086 autem
1485 4041 1612 4088 numero
1631 4025 1697 4111 vti,

367 4135 464 4198 ilm
488 4154 508 4198 n
532 4153 548 4196 r
572 4153 586 4196 s
610 4152 637 4197 ι.
680 4132 733 4196 sed
757 4153 776 4195 x
799 4132 927 4196 duarum
946 4133 1177 4195 consonantium
1197 4132 1333 4214 iungitur
1351 4131 1432 4215 loco,
1455 4140 1490 4195 ut
1508 4133 1569 4196 nix.
1606 4133 1694 4198 sali-

367 4243 486 4327 quando
510 4240 629 4326 sibilus,
658 4259 718 4306 non
741 4242 842 4305 littera
869 4240 1035 4324 iudicatur,
1062 4249 1096 4303 ot
1125 4234 1268 4323 ‘ponite
1296 4258 1380 4322 spes
1408 4238 1479 4304 sibi
1508 4237 1693 4324 quisquc’.

365 4353 376 4416 l
399 4373 429 4417 m
458 4372 479 4417 n
506 4371 522 4414 r
549 4351 679 4434 liquidae
707 4360 867 4434 vocantur,
899 4351 969 4431 quia
997 4351 1029 4412 in
1056 4358 1154 4412 metro
1183 4365 1272 4430 saepe
1295 4349 1455 4414 deliciunt:
1477 4348 1502 4433 l,
1525 4359 1560 4413 ut
1583 4345 1693 4414 ‘neve

456 4605 474 4656 2
492 4598 650 4672 despiciens
667 4616 684 4655 o
703 4597 856 4670 dispiciens
874 4595 903 4652 Β
975 4601 992 4653 d
1011 4595 1129 4653 minim
1148 4611 1219 4653 corr.
1238 4593 1358 4652 minima
1373 4594 1403 4651 Β
1475 4599 1491 4651 'l
1510 4595 1651 4653 accedam
1662 4596 1692 4652 Β

404 4688 438 4738 10
457 4681 555 4739 Cicero
574 4681 604 4738 in
623 4681 763 4755 Verrinis]
782 4683 818 4750 es.
839 4679 963 4750 Pelopei.
977 4695 1008 4750 p.
1028 4683 1126 4750 111,11
1201 4683 1235 4734 12
1255 4677 1394 4749 syllohom
1413 4693 1484 4737 corr.
1505 4709 1538 4720 -
1560 4679 1609 4736 bae
1626 4680 1655 4736 Β

366 4769 400 4820 st
420 4764 589 4836 <legatumne
607 4763 635 4818 Β
654 4763 835 4836 digammae
908 4766 943 4816 it
963 4760 1025 4818 loco
1044 4777 1116 4819 corr.
1135 4777 1204 4818 sono
1223 4760 1252 4817 Β
1324 4767 1359 4818 28
1378 4762 1496 4830 fortasse
1515 4759 1642 4818 adnexae

366 4849 401 4899 29
420 4843 491 4901 boec
508 4859 578 4901 uero
595 4843 624 4900 Β
710 4850 743 4901 31
769 4841 924 4900 (limodiam
947 4840 976 4895 Β
1062 4847 1096 4898 33
1115 4843 1226 4915 ponite]
1255 4842 1335 4915 Verp.
1354 4842 1425 4900 Acte
1447 4841 1501 4898 XI
1518 4845 1572 4899 309
1656 4851 1692 4901 ³4

366 4925 450 4998 neve]
475 4925 555 4996 Verp.
573 4942 662 4998 peorp.
683 4927 727 4981 ΙΙ
742 4931 801 4984 299
