3616 5482
623 267 922 329 ORTHOGRAPHIA
1375 274 1440 340 105

94 385 120 424 p.
135 374 193 418 atta
207 373 233 415 1³.

193 459 337 522 Numeris
370 460 459 521 etium
490 461 612 522 uomina
645 461 816 523 communia
848 468 935 544 sunt,
968 468 1002 523 ut
1036 461 1124 525 sedes
1157 481 1207 526 res
1238 482 1309 545 spes
1342 461 1439 525 nubes

96 567 185 630 labes
210 567 318 630 clades.

196 674 431 756 Frequentatira
450 674 540 738 rerba
561 685 634 739 sunt
652 677 771 739 caenitc
785 668 921 758 pr'ansitc
936 675 1040 740 lectito
1057 676 1162 742 dictito
1178 683 1294 742 cursito
1314 682 1439 742 rectitcr

99 804 141 848 ex
164 784 221 847 bac
245 793 315 847 nuta
340 792 412 847 sunt
435 787 478 847 ito
502 783 675 866 habitoque.
1216 839 1217 842 ,

60 922 72 963 ,ι
196 891 272 955 Cum
295 892 333 955 de
356 912 469 975 genem
493 892 621 957 alicuius
642 896 771 956 numinis
791 893 927 977 ambigis,
952 895 1098 976 pluralem
1120 895 1244 960 corrsrrlu
1264 915 1441 960 numcruur:

98 1010 136 1064 ut
164 1009 238 1082 puta
269 1003 295 1063 si
327 1019 469 1083 quaeras,
499 1002 548 1065 hic
581 1012 687 1084 pratus
720 1005 759 1065 sit
790 1001 952 1066 dicendum
984 1023 1022 1066 an
1056 1003 1113 1066 buc
1149 1015 1284 1089 pratum,
1314 1005 1440 1088 pluralis

98 1127 250 1172 uumerus
273 1129 344 1173 cum
368 1111 459 1174 iaciat
476 1110 551 1173 baec
571 1120 656 1192 prata
676 1129 732 1174 nec
752 1114 878 1192 recipiat
898 1109 928 1172 bi
947 1115 1036 1194 prati,
1064 1114 1257 1176 nranilcstuur
1277 1125 1324 1176 cst
1343 1133 1440 1195 gertus

99 1216 175 1297 [boc
200 1227 248 1280 est
272 1217 397 1298 neutri}

195 1325 368 1390 Confessira
400 1327 434 1390 lit
462 1345 518 1388 ron
548 1345 585 1388 ex
621 1325 734 1410 duplici
765 1348 837 1392 voce
870 1329 1026 1412 abnutiva,
1056 1339 1090 1392 ut
1119 1323 1192 1391 ‘non
1217 1327 1286 1390 rrclu
1311 1325 1440 1394 dicere':

61 1464 83 1503 u
99 1435 231 1496 ostendo
255 1437 336 1497 sirim
359 1455 408 1498 une
431 1434 521 1500 relic:
545 1445 576 1498 et
600 1429 673 1497 ‘nou
699 1439 810 1520 nescio,
840 1456 917 1518 quac
943 1435 997 1500 tibi
1021 1440 1081 1500 vita
1106 1432 1169 1501 est'
1193 1445 1224 1500 et
1248 1432 1328 1499 ‘nun
1353 1455 1439 1500 nurn-

14 1519 15 1606 l
100 1561 194 1624 quam
217 1539 370 1625 prandeo'
395 1555 425 1608 et
449 1538 522 1607 ‘nec
547 1563 608 1608 nun
632 1556 681 1608 cst
703 1545 797 1608 libera
822 1553 872 1610 r'cs
896 1542 1020 1610 nibt'..

193 1651 337 1734 llumigat
359 1651 435 1716 nibil
459 1662 519 1736 cst,
543 1653 595 1716 scd
621 1657 754 1718 ruminat
778 1666 808 1718 et
832 1657 965 1718 crumino.
1058 1655 1062 1663 '

195 1755 354 1824 ‘liilibuit’
378 1760 427 1824 dic
452 1755 658 1845 ‘unguento',
682 1781 742 1826 nun
766 1761 902 1827 delibuit

193 1867 299 1950 Vnguc
323 1869 385 1954 dic,
409 1888 471 1932 uun
495 1888 582 1952 unge.

61 2006 84 2048 u
193 1975 373 2060 Laqucaria,
398 1997 458 2040 nou
482 1977 634 2041 lacunaria
660 1977 744 2059 [cst].

197 2085 305 2150 Linteu
328 2096 479 2150 mercator
503 2085 630 2148 dicetur.

193 2193 217 2256 Y
248 2171 382 2259 litteram
415 2193 496 2257 nulla
529 2212 586 2256 vox
620 2204 723 2257 nostra
756 2194 906 2259 adsciscit.
963 2196 1030 2260 ideo
1064 2199 1223 2262 insultabis
1262 2197 1359 2282 pylum
1395 2197 1439 2261 di·

100 2302 254 2366 centibus.

194 2409 257 2474 Sub
285 2411 354 2475 diro
384 2411 525 2495 legimus,
553 2412 693 2477 audimus
722 2433 794 2476 vero
823 2413 859 2476 dc
889 2434 925 2476 au
954 2417 1036 2496 quud
1065 2415 1289 2499 subiungebaut
1322 2425 1439 2479 veteres

61 2549 85 2589 rc
100 2532 131 2585 et
156 2518 298 2584 dicebant
321 2515 396 2583 ‘sub
420 2521 488 2584 divo
513 2517 623 2585 caelu’.

193 2629 340 2691 llantulus
365 2622 475 2712 ἱερεύς
498 2649 515 2692 a
538 2630 648 2714 Marte,
664 2617 732 2693 ¹nun
758 2631 918 2694 marculus.

195 2736 288 2800 Sacra
312 2738 421 2824 lamas,
445 2757 507 2800 non
530 2739 618 2801 lamis
641 2736 813 2800 dicendum.

197 2984 319 3043 latim
338 2982 470 3041 omno
539 2980 722 3040 ntoruBC
791 2982 1007 3040 nubeculam
1079 2985 1313 3042 truutcaanitc
1331 2986 1441 3043 BOut

99 3066 197 3124 cerritu
217 3065 256 3121 M
328 3065 429 3122 dictito
444 3065 550 3121 cursito
569 3061 632 3119 BG
648 3061 754 3120 cursito
768 3063 870 3122 dictito
891 3067 930 3121 M
1001 3072 1072 3122 dex
1091 3066 1145 3121 hac
1159 3082 1190 3121 re
1209 3068 1279 3123 uota
1297 3071 1363 3124 sunt
1380 3068 1441 3123 BG

99 3165 133 3202 cx
159 3147 214 3203 hoc
236 3148 306 3203 uota
328 3147 395 3202 suut
419 3145 457 3200 M
547 3150 565 3200 4
588 3144 629 3202 itu
651 3143 808 3214 habitoque
834 3145 872 3200 Μ
895 3145 936 3202 itu
955 3145 1091 3217 abitoque
1109 3145 1170 3203 ΒΟ
1185 3146 1227 3204 ito
1246 3145 1326 3204 nbitc
1345 3165 1372 3204 c:
1399 3150 1435 3218 ef.

100 3229 194 3284 Dium.
215 3247 246 3300 p.
266 3233 331 3296 344,
350 3233 387 3285 33
479 3233 496 3284 t
520 3227 637 3283 consule
658 3243 804 3283 numerum
829 3226 970 3296 pluralem
989 3229 1021 3283 ut
1045 3229 1115 3298 puta
1138 3227 1179 3284 sic
1204 3227 1369 3298 quaerero

100 3319 116 3367 6
137 3309 290 3366 dicendum
309 3327 360 3368 cru.
380 3308 440 3365 Ro
512 3309 630 3381 pluralis
649 3325 713 3364 cum
731 3307 821 3364 iaciat
840 3309 893 3363 bec
911 3313 996 3380 prata
1013 3325 1065 3366 nec
1083 3309 1239 3380 recipiatur
1256 3309 1287 3365 hi
1306 3310 1381 3381 prati
1402 3310 1441 3365 Μ

98 3390 356 3463 pluralinumarum
380 3393 462 3460 (corr.
483 3394 536 3460 cc)
561 3394 593 3445 nt
615 3388 780 3452 faciathec
803 3393 888 3462 prata
908 3407 961 3448 uec
983 3391 1105 3464 recipiat
1128 3391 1159 3448 hi
1184 3390 1259 3462 prati
1276 3391 1305 3447 Β
1329 3391 1440 3463 plurali

99 3488 219 3528 numeru
238 3475 272 3528 ut
288 3471 378 3528 iaciat
404 3471 477 3528 hacc
500 3475 585 3542 prata
604 3485 656 3525 nec
675 3470 796 3542 recipiat
819 3471 866 3527 hic
890 3475 972 3542 (corr.
992 3471 1044 3540 hii)
1069 3471 1144 3544 prati
1164 3470 1188 3528 0
1277 3476 1293 3527 8
1317 3473 1371 3529 huc
1395 3481 1441 3530 est

98 3552 195 3608 neutri
209 3569 260 3608 uua.
275 3552 334 3609 Ru
405 3559 422 3608 9
442 3551 556 3608 Ocuiasi
574 3553 655 3620 (corr.
675 3551 846 3622 coufessiua)
866 3571 922 3609 ucx
941 3549 975 3608 fic
993 3569 1027 3608 ex
1047 3551 1154 3624 duplici
1174 3568 1244 3608 noca
1264 3552 1442 3611 abuotiuaO

156 3633 308 3709 ubuutira]
327 3635 502 3708 abnegatiuc
519 3632 548 3688 Β
613 3631 708 3689 dicere
727 3633 824 3690 unco
897 3640 931 3690 10
951 3632 1112 3691 ostendet]
1185 3640 1218 3690 1³
1237 3635 1356 3703 farturae
1375 3635 1438 3691 dili·

104 3714 169 3770 buit
188 3714 234 3770 dic
253 3721 413 3788 unguento,
432 3731 489 3771 uon
508 3711 632 3770 delibuit
650 3710 696 3770 dic
769 3719 895 3786 ungento
914 3715 974 3771 Bo
1051 3722 1084 3770 14
1103 3713 1184 3787 Ungs
1203 3713 1250 3770 dic
1268 3731 1325 3772 non
1343 3733 1439 3788 ungue

568 3815 585 3845 11

101 3861 152 3927 M,
170 3877 222 3918 cnr.
242 3861 304 3918 ΒΟ
376 3869 486 3918 utnon
504 3856 632 3914 Mcuaria
653 3857 678 3914 0
739 3861 783 3916 eat
801 3876 853 3916 om.
872 3857 934 3914 ΒΟ
1004 3865 1036 3914 ld
1056 3859 1188 3916 Linteum
1208 3863 1351 3916 mercatur
1370 3860 1439 3917 dici-

100 3945 148 3996 tur
169 3943 208 3998 M
226 3942 329 4000 Lintea
347 3945 489 4000 mercatur
508 3941 648 4000 dicituru
738 3947 770 3996 1⁷
795 3939 941 4012 adsciscit]
962 3939 1095 3995 adsciscit
1113 3945 1143 3996 et
1161 3941 1189 3995 Β
1208 3939 1348 3998 adsciscet
1367 3959 1438 3997 corr.

101 4023 183 4080 -ico
257 4031 289 4080 19
309 4025 368 4081 Sub
388 4024 456 4081 diuo
476 4024 598 4096 legimus
618 4021 780 4078 audiuimus
800 4036 869 4077 uero
888 4018 923 4075 de
944 4035 978 4076 eu
996 4020 1065 4090 quia
1088 4021 1301 4092 subiungsbunt
1321 4023 1357 4076 M
1380 4021 1440 4079 Sub

100 4105 149 4160 diu
169 4106 253 4177 (corr.
269 4105 328 4175 dio)
346 4105 469 4178 legimns
483 4103 532 4160 uel
550 4101 680 4159 audimus
699 4102 734 4160 ds
749 4120 783 4160 ac
798 4100 874 4172 quod
895 4106 940 4158 cst
958 4101 1170 4174 subiungebant
1182 4102 1211 4156 Β
1231 4103 1284 4159 sub
1303 4101 1350 4158 dic
1370 4103 1439 4174 legi·

99 4205 162 4243 mua
183 4185 316 4243 audimur
335 4203 403 4244 uero
422 4187 477 4244 dec
496 4188 576 4254 (corr.
596 4184 647 4241 cub
667 4183 716 4240 diu
735 4183 858 4255 legimus
877 4182 925 4238 ucl
944 4181 1076 4238 audimur
1095 4182 1130 4238 de
1150 4188 1195 4253 so)
1214 4183 1292 4253 quod
1311 4187 1354 4239 est
1373 4185 1438 4240 aub-

855 4277 870 4305 V

99 4321 259 4396 iungebant
278 4322 312 4380 02
337 4321 417 4394 Veru.
435 4337 526 4393 pecrp.
547 4321 612 4376 III
628 4323 683 4376 435
758 4319 811 4375 sub
830 4319 878 4376 dio
898 4319 978 4376 caclo
999 4319 1023 4376 0
1105 4326 1137 4376 21
1163 4317 1303 4375 Martulus
1323 4319 1403 4377 ΙΡω(
1421 4337 1440 4376 a

99 4408 193 4462 marte
212 4421 269 4461 auu
287 4404 430 4461 marculus
451 4404 488 4459 M
506 4402 645 4459 Martulus
665 4403 709 4457 est
728 4401 861 4457 sacerdos
882 4419 899 4458 a
919 4405 1010 4458 marta
1029 4418 1085 4458 non
1103 4401 1247 4458 marculus
1264 4401 1313 4457 Bc
1331 4403 1438 4458 martu-

99 4485 144 4542 lur
163 4489 210 4542 cat
227 4487 360 4544 madar
379 4505 398 4544 a
414 4490 508 4543 matre
527 4501 584 4540 nou
601 4479 775 4539 masculinus
796 4480 825 4538 O.
851 4498 891 4536 cu
910 4483 1052 4539 Martialis
1072 4513 1106 4524 -
1125 4499 1183 4538 non
1201 4479 1366 4540 Murcialis?
1529 4553 1533 4561 Ι

100 4573 134 4623 22
157 4570 278 4637 sarturae
301 4584 383 4626 sacra
405 4567 508 4624 fames:
532 4567 567 4635 cs.
593 4564 672 4634 Vcry.
692 4564 763 4618 Aca.
784 4563 848 4619 ΙΙΙ
870 4569 908 4620 57
932 4565 994 4620 auri
1020 4579 1101 4620 sacra
1123 4563 1222 4618 laruas¹
1253 4562 1343 4634 Capri
1356 4583 1438 4636 pruc-

100 4656 179 4720 cepta
203 4651 238 4706 dc
262 4651 449 4707 dcclinutr'oac
472 4651 548 4706 cocis
568 4647 666 4719 putuit
691 4645 842 4717 Pompeiam
864 4663 895 4716 p.
922 4651 986 4716 175,
1012 4651 1049 4701 30
1076 4644 1147 4700 haec
1177 4644 1267 4701 fumas
1292 4675 1325 4686 -
1350 4645 1440 4704 habas

101 4729 154 4787 hcc
177 4732 207 4788 in
232 4731 326 4803 Capro
350 4731 386 4787 de
408 4730 508 4803 lingua
533 4727 639 4795 latina,
667 4742 724 4782 uon
747 4727 783 4784 de
807 4727 900 4784 dubiis
925 4724 1089 4798 generibus:
1114 4726 1149 4794 cf.
1176 4725 1287 4796 crpiun.
1314 4728 1345 4782 in
1364 4726 1439 4783 Duc.

97 4829 128 4883 p.
146 4817 216 4882 496,
235 4820 255 4870 8
