3602 5482
304 367 311 381 ,
340 297 410 364 296
942 295 1071 356 annisu

337 413 362 452 ρ.
375 400 485 444 ”ii-22
500 399 527 440 Ρ.

338 482 425 569 que’
445 504 500 568 per
516 489 526 549 l
545 485 629 549 dixit.
666 485 818 550 Audacter
836 487 962 552 latinum
984 487 989 565 Ι
1010 497 1065 571 est,
1084 486 1137 549 sed
1158 485 1312 550 audaciter
1325 487 1443 572 melius,
1462 489 1533 570 quia
1554 491 1671 550 uomina
1731 464 1736 472 ’

339 615 358 658 x
381 595 482 659 littera
508 597 667 658 terminata
691 598 722 660 iu
742 596 893 660 adverbiis
915 599 926 659 i
945 605 1117 680 assumunt,
1142 606 1176 660 ut
1199 605 1285 660 atrox
1309 598 1462 683 atrociter,
1486 598 1572 660 teror
1596 596 1671 659 lero·

341 707 426 768 citer.
465 705 602 768 deceruit
625 707 678 788 qui
702 715 820 789 evocat,
845 706 972 768 arcessit
996 707 1048 787 qui
1070 714 1200 768 accusat.
1238 707 1372 769 Acerrus
1395 725 1451 789 per
1471 725 1488 766 v
1512 705 1673 769 cuiuslibet

339 815 384 875 rei
409 815 567 894 congeries
591 822 652 896 est,
676 814 754 876 torte
778 813 911 896 lapidum
933 813 980 876 vel
1004 814 1139 896 trogum,
1163 813 1292 876 acerbus
1315 813 1409 896 perh
1432 817 1605 878 inmaturus
1624 825 1673 879 aut

339 939 442 1012 asper,
475 921 531 985 alia
551 931 623 984 sunt
643 939 719 1004 quae
738 923 874 1005 perduc
894 942 913 986 u
933 921 1120 1006 scribuntur,
1139 921 1251 1005 quihus
1270 941 1417 986 uumerus
1441 942 1564 1005 quoque
1588 924 1698 1006 sylla-s

339 1028 446 1093 barum
470 1033 595 1093 crescit:
619 1030 710 1094 simili
729 1033 819 1094 euim'
835 1030 930 1094 vocali
948 1030 1060 1094 vocalis
1080 1029 1220 1109 adiuncta
1239 1050 1300 1094 nou
1320 1034 1419 1096 solum
1439 1051 1498 1096 non
1523 1032 1675 1115 cohaeret,

340 1138 393 1201 sed
413 1141 504 1201 etiam
519 1138 661 1221 syllabam
676 1150 782 1222 auget,
797 1149 830 1203 ut
845 1141 1010 1222 ingenuus,
1029 1138 1156 1221 arduus,
1177 1141 1318 1222 exiguus,
1336 1158 1465 1224 vacuus,
1483 1140 1565 1220 qnod
1579 1160 1635 1223 per
1650 1162 1675 1223 c,

341 1265 401 1310 non
425 1265 481 1329 per
501 1267 520 1328 q
544 1245 738 1311 scribendum
763 1258 818 1310 est.
856 1247 960 1310 eadem
985 1248 1092 1311 divisio
1116 1250 1146 1310 in
1171 1246 1272 1310 verbis
1296 1266 1417 1331 qnoque
1442 1257 1503 1332 est,
1527 1259 1675 1331 metuunt,

342 1363 494 1432 statuunt,
519 1353 672 1437 tribuunt,
696 1367 823 1439 acuunt,
847 1355 928 1438 quod
952 1375 1008 1438 per
1031 1376 1047 1418 c
1072 1374 1194 1438 quoque
1220 1365 1250 1418 et
1274 1375 1334 1420 non
1358 1376 1457 1440 perfq
1481 1357 1675 1421 scribendum

341 1473 396 1528 est.
434 1465 542 1546 Aspirc
566 1465 679 1546 aspicio
703 1467 768 1526 siue
793 1464 812 1526 d
836 1463 997 1527 scribenda
1020 1475 1092 1527 scrut
1115 1483 1171 1547 per
1195 1465 1363 1546 simplicem
1387 1484 1416 1548 s,
1440 1445 1517 1530 ¹licet
1545 1485 1616 1528 cum
1640 1466 1675 1528 ad
1691 1484 1714 1525 ιο

341 1574 565 1656 praepositione
585 1573 742 1654 conposita
761 1575 836 1656 siut,
860 1573 1034 1655 quia-perit
1052 1570 1094 1636 ihi
1112 1572 1141 1635 d.
1179 1573 1311 1654 Apparet
1335 1574 1415 1656 quod
1435 1574 1555 1637 videtur
1574 1593 1631 1657 per
1649 1595 1677 1656 p,

342 1681 465 1763 adparet
488 1679 569 1762 quod
589 1679 769 1762 obsequitur
788 1678 890 1762 perd,
912 1698 973 1742 nou
992 1671 1114 1762 regulae
1133 1682 1265 1764 ratione,
1288 1680 1341 1744 sed
1366 1682 1559 1745 discretionis
1579 1701 1677 1745 causa.

342 1786 441 1850 Arbor
464 1807 553 1851 omne
583 1788 698 1869 liguum
722 1789 843 1870 dicitur,
872 1787 995 1852 arbusta
1017 1807 1079 1850 nou
1104 1790 1162 1850 nisi
1192 1789 1356 1853 lructiiera.
1403 1793 1503 1852 Arena
1527 1813 1544 1848 a
1567 1791 1678 1853 sineh

342 1917 398 1981 per
416 1917 432 1958 ι
451 1895 645 1961 scribendum
666 1905 726 1974 est,
745 1897 876 1979 habena,
894 1900 918 1960 si
940 1896 977 1960 ad
996 1897 1163 1961 retinacula
1182 1901 1402 1982 iumentorum,
1421 1899 1515 1984 perh
1535 1909 1566 1962 et
1585 1919 1641 1982 per
1660 1899 1678 1960 b

344 2006 496 2072 scribitur.
535 2009 669 2069 lotnarii
693 2025 762 2069 cum
783 2026 803 2069 u
826 2006 954 2070 diversis
973 2007 1092 2070 actibus
1111 2011 1266 2091 occupati,
1290 2010 1396 2070 actarii
1420 2028 1491 2073 vero
1510 2012 1677 2091 scriptores
1693 2029 1715 2067 rs

343 2127 489 2181 actorum.
528 2116 698 2178 Advocatur
719 2115 846 2178 daturus
869 2117 1086 2199 patrocinium,
1111 2125 1254 2180 evocatur
1273 2117 1468 2198 praebiturus
1487 2116 1677 2200 obsequium,

344 2229 502 2289 invocatur
525 2234 735 2306 praestaturus
759 2225 912 2288 auxilium.
960 2222 1127 2305 Adportare
1152 2234 1199 2286 est
1227 2224 1339 2313 aliquid
1364 2225 1498 2308 adferre,
1520 2235 1677 2316 asportare

345 2335 465 2398 auterre
490 2332 616 2416 aliquid,
639 2344 819 2416 conportare
844 2330 934 2394 simul
957 2341 1079 2414 portare
1099 2333 1245 2396 inunum
1269 2332 1383 2417 locum,
1406 2334 1567 2416 deportare
1586 2332 1677 2414 depo·

345 2461 433 2526 uere,
456 2450 616 2529 exportare
641 2440 756 2504 tollere.
801 2444 877 2504 Ante
900 2443 1084 2523 praepositio
1109 2440 1202 2504 murita
1226 2442 1388 2521 siguificat:
1411 2460 1480 2504 nam
1504 2450 1535 2504 et
1558 2451 1678 2523 tempus

345 2540 507 2634 significat,
536 2568 607 2612 cum
634 2549 747 2614 dicitur
771 2546 856 2613 ‘ante
885 2551 966 2613 diem
994 2551 1106 2614 testum
1134 2545 1293 2632 paschae'3
1322 2561 1353 2613 et
1381 2553 1598 2638 praesentiam,
1627 2545 1676 2612 ut'
1693 2569 1718 2608 so

347 2655 446 2723 ‘aute
466 2669 708 2743 conspectum
731 2661 897 2740 gentium
917 2658 1095 2722 revelavit
1118 2661 1305 2721 iustitiam
1324 2656 1450 2743 suam’,
1469 2659 1499 2722 id
1515 2671 1562 2722 est
1577 2679 1678 2722 coram

347 2767 503 2850 gentihus3
527 2780 558 2831 et
581 2768 772 2851 dignitatem,
796 2776 830 2830 ut
854 2763 996 2849 ‘posuit
1015 2767 1188 2850 Ephraim
1211 2776 1294 2830 autc
1315 2763 1521 2830 blauasseu'
1546 2779 1577 2831 et
1602 2763 1680 2848 ‘qui

347 2884 430 2958 post
456 2895 507 2939 me
531 2879 632 2939 venit
656 2887 738 2939 ante
759 2895 812 2938 me
837 2877 958 2939 iactus
983 2870 1064 2958 est',
1088 2875 1124 2945 id,
1143 2884 1190 2938 est
1213 2874 1286 2937 mihi
1306 2875 1459 2956 praelatus
1478 2886 1533 2938 cst
1571 2875 1679 2938 Album

348 2993 469 3067 natura,
492 2984 653 3048 candidum
674 3004 746 3048 cura
765 2986 845 3050 iacit.
885 2987 1055 3047 firmarium
1075 2983 1128 3047 ubi
1151 3002 1413 3066 quarumcumque
1433 2987 1543 3047 artium
1567 2986 1680 3048 instru-
1735 3017 1740 3021 ·

274 3087 277 3094 ’
349 3102 450 3156 menta
474 3103 643 3176 serrantur,
666 3096 932 3157 armamentarium
956 3093 1009 3156 ubi
1033 3102 1149 3156 tantum
1170 3095 1228 3155 tela
1247 3111 1410 3156 armorum.
1447 3093 1571 3156 Accedit
1588 3113 1645 3175 por
1665 3112 1718 3155 css

348 3200 386 3264 ab
409 3201 605 3284 ambulando,
629 3202 738 3265 accidit
761 3221 816 3284 per
836 3205 846 3264 i
870 3202 907 3264 ab
927 3210 1045 3264 eventu.
1084 3203 1160 3263 Ante
1184 3204 1367 3283 praepositio
1391 3201 1544 3264 interdum
1564 3204 1680 3282 integra

349 3319 463 3389 manet,
482 3295 522 3373 'ut
545 3312 697 3374 antecedit
719 3313 884 3393 antevenit,
908 3309 1061 3373 interdum
1086 3312 1251 3371 mutatione
1276 3311 1337 3371 ini
1362 3309 1492 3373 litteram
1512 3313 1680 3392 corrumpi·

351 3431 410 3500 tur,
435 3428 469 3481 ut
491 3421 643 3502 anticipat.
681 3420 705 3481 Α
729 3429 760 3481 et
783 3417 820 3480 ab
845 3427 876 3481 et
899 3417 952 3481 abs
975 3419 1216 3500 praepositiones
1241 3419 1332 3480 unius
1354 3418 1582 3498 significationis
1601 3429 1682 3500 saint,

351 3537 384 3590 ut
408 3546 424 3588 a
450 3546 512 3610 me,
539 3526 576 3588 ab
600 3527 736 3610 homine,
765 3527 883 3589 abstuli.
922 3527 975 3589 scd
1004 3527 1041 3589 ab
1070 3528 1244 3608 saepissime
1273 3525 1427 3608 scribitur,
1455 3545 1524 3588 cum
1549 3545 1682 3608 sequens

318 3641 320 3646 ’
351 3634 477 3698 verbum
504 3654 521 3697 a
546 3635 640 3698 vocali
668 3638 788 3718 incipit,
813 3656 855 3698 ne
885 3637 977 3699 dictio
1006 3635 1110 3698 miritis
1138 3633 1375 3697 consonantibus
1404 3644 1559 3716 oneretur,
1588 3644 1623 3696 ut
1647 3633 1682 3696 ab
1697 3653 1721 3693 oo

443 3871 460 3920 2
479 3865 534 3921 iter
552 3865 707 3922 adsumunt
724 3865 850 3936 Bedop.
866 3869 981 3932 264,11
1000 3925 1004 3930 ,
1048 3871 1064 3920 'l
1083 3881 1134 3935 per
1153 3879 1185 3918 ee
1202 3880 1260 3919 non
1277 3880 1329 3935 per
1348 3881 1366 3934 q
1386 3861 1566 3919 scribendum
1586 3867 1631 3920 est
1651 3865 1687 3920 bt

354 3965 405 4020 per
424 3964 440 4003 c
458 3945 639 4002 scribendum
659 3951 777 4002 estnon
796 3963 847 4017 per
865 3964 883 4017 q
902 3946 925 4002 S
942 3963 994 4019 per
1013 3964 1028 4001 c
1047 3945 1227 4002 scribendum
1246 3949 1291 4002 est
1307 3963 1327 4015 p
1403 3950 1436 4000 10
1456 3945 1558 4016 Aspiro
1579 3946 1685 4016 ospicio

355 4029 416 4084 siue
436 4027 455 4084 d
473 4026 623 4084 scribenda
641 4029 707 4083 sunt
724 4043 776 4098 per
794 4024 954 4098 simplicem
973 4046 986 4082 s
1007 4029 1045 4084 M
1067 4029 1175 4099 asspiro
1195 4027 1314 4099 asspicio
1334 4027 1394 4082 sine
1414 4026 1432 4082 d
1454 4027 1603 4084 scribenda
1622 4029 1687 4083 sunt

354 4110 383 4165 et
401 4111 443 4179 (et
456 4125 507 4164 om.
519 4111 552 4180 p)
571 4125 622 4179 per
636 4108 779 4179 duplicem
795 4127 807 4163 s
821 4107 874 4178 pS
947 4114 979 4163 11
1000 4111 1130 4180 Apparet
1143 4111 1219 4181 quod
1234 4108 1347 4165 videtur
1366 4125 1450 4180 perp
1470 4107 1591 4179 adparet
1608 4109 1686 4180 quod

355 4189 522 4260 obsequitur
539 4206 590 4261 per
604 4188 624 4243 d
640 4189 677 4244 Μ
694 4189 815 4260 apparet
832 4204 915 4259 perp
930 4191 1006 4258 quod
1020 4189 1134 4246 uidetur
1149 4189 1272 4261 adparet
1289 4189 1372 4261 perd
1391 4188 1468 4258 quod
1486 4189 1651 4259 obsequitur
1664 4189 1687 4245 S

356 4271 477 4342 adparat
494 4287 545 4342 per
564 4270 582 4325 d
601 4269 679 4342 quod
698 4271 741 4326 est
760 4268 964 4340 obsequiturp
983 4273 1103 4342 apparet
1122 4270 1171 4340 qui
1190 4269 1303 4326 uidetur
1317 4269 1438 4340 adparet
1455 4269 1505 4338 qui
1519 4269 1686 4341 obsequitur

355 4353 437 4410 Bedo
451 4371 482 4424 p.
498 4355 565 4419 264,
582 4357 617 4408 15
675 4358 707 4407 13
727 4367 810 4406 omne
824 4349 933 4421 lignum
949 4349 1055 4406 dieitur
1070 4351 1107 4406 M
1121 4368 1204 4407 omno
1219 4351 1329 4422 lignum
1345 4354 1389 4406 est
1398 4369 1420 4420 p
1439 4366 1522 4404 omne
1541 4348 1651 4420 liguum
1665 4351 1687 4406 S

410 4434 512 4490 Arena
532 4463 566 4474 -
593 4442 627 4490 rt
650 4434 740 4505 perb
763 4430 897 4489 scribitur
919 4448 970 4487 mo.
990 4432 1045 4502 Sp,
1069 4434 1134 4488 add.
1155 4433 1194 4487 M
1215 4439 1242 4488 et
1264 4431 1432 4487 Frobem'ua.
1461 4431 1606 4500 lacunam,
1631 4451 1686 4504 quo

357 4517 483 4584 definitio
506 4532 614 4571 avenae
637 4517 755 4584 eccidit,
777 4515 912 4570 indicavi.
941 4530 1045 4584 eveno,
1069 4513 1094 4569 si
1112 4514 1149 4570 ad
1167 4531 1298 4586 germen,
1319 4515 1385 4592 ¹sine
1403 4513 1423 4568 h
1440 4528 1497 4583 sqq.
1518 4511 1686 4583 Rubenius,

356 4613 463 4653 avenne
489 4595 585 4652 sterile
617 4613 749 4668 germen,
779 4593 907 4650 hubeuae
932 4595 1091 4651 retinacula
1115 4594 1307 4653 iumentorum
1333 4595 1414 4652 Beda
1437 4611 1469 4665 p.
1495 4599 1568 4663 264,
1593 4603 1633 4652 18
1705 4603 1712 4617 ·

359 4685 390 4734 ιι
416 4677 546 4734 Actuarii
569 4695 670 4734 cumn
696 4677 794 4734 idest
818 4675 938 4732 diuersis
963 4674 1073 4731 actibus
1098 4677 1230 4748 occupati
1253 4677 1386 4733 dicuntur
1410 4675 1499 4731 uetari
1525 4679 1607 4744 (corr.
1629 4678 1686 4748 ·rii)

358 4777 426 4817 nero
440 4758 593 4831 scriptores
608 4763 737 4816 actorum
751 4757 935 4830 appellantur
955 4757 993 4812 M
1064 4756 1154 4812 aeteri
1168 4759 1273 4814 ueroS
1345 4756 1622 4815 t1renelsbitSrli

360 4847 392 4898 et
413 4841 443 4896 iu
461 4839 472 4896 i
490 4840 630 4915 litteram]
651 4859 666 4896 e
687 4840 820 4912 littemp
893 4845 928 4894 28
948 4839 1173 4911 praepositiones
1192 4857 1242 4897 om.
1265 4841 1324 4912 clip
