3564 5482
374 339 440 407 442
875 341 1054 400 hBVSthl
1073 339 1206 402 hausen·

374 527 499 592 Comitis
532 528 713 592 elocutionis
745 528 879 594 libellum
918 499 955 593 es
988 527 1126 614 Virgilio,
1165 529 1320 616 Sallustio,
1359 529 1518 616 Terentio,
1557 531 1708 596 Cicerone

372 657 428 722 per
451 637 567 702 litteras
590 639 742 722 digestum
774 637 882 723 allegat
905 637 969 702 Nic.
994 638 1136 703 Heinsius
1170 639 1206 702 ad
1235 639 1387 706 Valerium
1410 641 1551 706 Flaccum
1575 662 1605 725 p.
1632 638 1708 703 174.

372 745 448 812 282.
482 744 558 812 336.
618 747 705 812 llium
743 769 760 813 e
793 749 903 814 Codice
936 747 968 812 B.
1001 747 1138 813 Godiridi
1175 749 1308 835 Graevii,
1350 749 1489 815 Consulis
1526 749 1709 833 Lipsiensis,

372 856 507 919 Andreas
535 854 690 920 Sthbelius
723 861 787 922 suls
815 858 889 922 locis
918 861 1048 923 inseruit
1077 877 1170 923 norae
1200 859 1324 924 editioni
1357 860 1492 925 thesauri
1522 859 1708 923 eruditionis

373 964 576 1029 Scholastleae
600 964 701 1030 Basilii
726 965 816 1030 Fabri
839 965 921 1051 lips.
946 964 1041 1032 1110.
1068 965 1153 1032 illl
1180 963 1240 1032 iol’
1266 1015 1274 1031 .
1297 977 1434 1032 ceterum
1461 986 1615 1051 perpauca
1638 977 1709 1030 tum

372 1076 404 1137 in
428 1081 546 1138 noram'
559 1074 695 1138 thesauri
717 1076 880 1140 editionem
905 1095 941 1140 ex
959 1077 1101 1140 drusiani
1124 1075 1202 1140 libro
1225 1085 1347 1159 recepta
1367 1085 1441 1141 stunt
1458 1123 1466 1142 .
1484 1086 1555 1160 post
1574 1085 1709 1140 mortem

372 1179 489 1246 lleinsii
522 1186 588 1248 elus
621 1184 749 1250 schedae
787 1185 822 1248 ad
857 1183 1032 1249 Dorrllllum
1069 1195 1288 1270 pervenerunt,
1325 1187 1403 1268 apud
1441 1205 1531 1269 quem
1569 1185 1709 1250 Petrus

372 1290 601 1357 Burmannus
635 1293 828 1359 Secundus
860 1313 911 1358 eas
939 1293 1039 1359 denuo
1068 1295 1245 1379 descripsit,
1273 1294 1311 1358 de
1341 1314 1400 1376 quo
1429 1297 1460 1358 in
1485 1299 1710 1358 commentario

372 1399 410 1463 de
443 1403 502 1464 rita
531 1401 566 1466 N.
595 1401 713 1467 lleinsii
742 1413 811 1468 aute
845 1403 925 1468 illius
956 1403 1126 1468 adversaria
1159 1404 1240 1469 edito
1273 1425 1303 1488 p.
1330 1401 1352 1468 9
1386 1405 1424 1468 de
1456 1407 1566 1468 itinere
1598 1404 1710 1468 italico

372 1507 489 1572 lleinsii
505 1511 582 1574 etde
594 1513 715 1576 invento
731 1511 768 1576 ab
783 1531 819 1576 eo
831 1515 971 1576 drusiani
985 1511 1063 1576 libro
1082 1513 1237 1578 disserens
1254 1512 1361 1576 scribit
1375 1511 1460 1598 haec,
1478 1508 1606 1577 ‘Passim
1620 1515 1710 1575 enim

371 1619 513 1683 drusiani
536 1619 750 1686 Elocutionum
773 1620 908 1686 libellum
935 1621 972 1686 ad
1001 1631 1103 1705 partes
1126 1632 1213 1685 vocat
1236 1624 1267 1686 ln
1292 1621 1515 1686 Commentario
1539 1621 1710 1704 virgiliano

370 1725 490 1790 Pierius
514 1727 703 1814 Valerianus,
736 1727 840 1794 Carrio
873 1731 909 1794 ad
939 1729 1114 1796 Sallustium
1149 1750 1210 1795 non
1244 1730 1351 1813 semel,
1383 1733 1437 1813 qui
1469 1741 1500 1794 et
1535 1731 1711 1811 lragrnenta

372 1835 506 1902 Sallustii
530 1857 568 1900 ex
590 1857 627 1902 eo
652 1839 788 1902 conlecta
811 1839 995 1924 inlustravit,
1018 1849 1050 1904 et
1072 1841 1104 1903 in
1128 1843 1208 1903 notis
1232 1859 1298 1923 pag.
1322 1837 1386 1905 451
1409 1839 1464 1904 lid.
1483 1837 1569 1903 Grul.
1592 1842 1710 1902 inscite

372 1945 409 2010 ab
444 1947 509 2010 aliis
542 1947 682 2012 Cornelio
711 1947 856 2012 Frontoni
888 1947 982 2012 tribui
1014 1947 1096 2012 hunc
1129 1949 1244 2012 loeturn
1277 1948 1431 2034 observat3
1464 1948 1554 2032 idque
1584 1947 1711 2011 lleinsii

372 2058 469 2120 nostri
498 2059 671 2120 testimonio
704 2075 778 2121 usus
812 2061 926 2122 notant
957 2057 1094 2122 Rhodius
1126 2057 1161 2121 ad
1196 2056 1334 2122 Scribon.
1367 2056 1498 2141 Largum
1529 2075 1595 2141 pag.
1622 2054 1710 2121 344.

371 2163 446 2229 liius
470 2174 570 2229 autem
590 2165 742 2249 exemplar
761 2167 966 2251 apographum
984 2167 1159 2231 describere
1179 2167 1338 2251 aliquando
1358 2167 1432 2231 mibi
1450 2168 1537 2230 licuit
1555 2165 1711 2230 heneficio

371 2273 447 2338 Phil.
471 2273 628 2360 B’Orrilli,
652 2277 704 2358 qui
728 2285 760 2340 et
782 2275 863 2340 hunc
887 2278 1065 2341 thesaurum
1093 2281 1173 2342 inter
1203 2278 1258 2341 alia
1286 2277 1420 2341 literaria
1449 2277 1712 2360 peregrinationis

372 2383 491 2448 italicae
515 2384 623 2468 spolia,
646 2384 758 2466 quihus
777 2395 905 2450 onustus
924 2389 956 2449 in
975 2389 1102 2469 patriam
1121 2387 1225 2470 rediit,
1248 2381 1407 2471 adservat’
1446 2403 1515 2449 nana
1533 2384 1571 2448 de
1585 2383 1711 2448 lleinsii

372 2493 523 2577 exemplo,
547 2511 608 2556 non
632 2492 669 2556 de
694 2512 770 2558 noro
794 2495 935 2558 drusiani
958 2495 1130 2579 apographo
1155 2515 1171 2558 a
1195 2494 1339 2558 borrillio
1368 2495 1446 2558 laeto
1476 2495 1549 2558 haec
1578 2512 1711 2557 narrare

371 2601 600 2666 Burmanuuuru
629 2611 702 2686 puto
727 2651 734 2668 .
758 2605 789 2666 in
820 2602 985 2668 Burmanni
1013 2615 1114 2668 aulem
1142 2601 1314 2687 apographo
1344 2603 1557 2680 llulrulrenius,
1589 2605 1641 2684 qui
1675 2607 1710 2666 in

372 2713 557 2796 praelatione
582 2711 618 2775 ad
643 2711 789 2775 llutilium
813 2711 933 2796 Lupum
957 2733 985 2796 p.
1010 2712 1102 2776 XXVI
1128 2723 1159 2777 et
1182 2715 1303 2795 saepius
1331 2713 1362 2776 in
1391 2715 1472 2775 notis
1495 2711 1530 2775 ad
1556 2709 1710 2774 vellelum

372 2823 512 2886 drusiani
537 2823 721 2884 mentionem
745 2823 831 2906 iecit,
860 2820 971 2886 librum
997 2823 1105 2906 legisse
1129 2823 1250 2885 videtur
1274 2871 1280 2886 .
1305 2820 1392 2904 plura
1421 2824 1486 2905 ipse
1511 2819 1710 2884 Burmannus

371 2933 462 2994 variis
490 2931 566 2994 locis
590 2951 626 2994 er
650 2949 687 2994 eo
710 2929 899 3014 deprompsit
923 2980 930 2994 .
955 2932 1060 2995 eodem
1089 2932 1261 3014 apographo
1291 2938 1321 2993 et
1354 2929 1412 2993 alio
1444 2930 1587 3012 quaedam,
1620 2931 1708 3010 quod

372 3043 470 3122 ipsum
496 3057 617 3122 quoque
641 3037 833 3104 Burmannus
856 3039 1043 3123 possidebat,
1067 3059 1142 3104 rasus
1166 3050 1214 3104 est
1236 3039 1369 3103 Petrus
1392 3037 1612 3122 Bondamus,
1639 3043 1710 3122 quai,

372 3167 442 3212 curu
466 3148 629 3212 editionem
654 3151 793 3212 drusiani
816 3158 951 3232 pararet,
982 3167 1007 3211 a.
1034 3145 1121 3213 1160
1145 3147 1310 3212 Burmanni
1334 3147 1504 3230 exemplum
1529 3166 1597 3211 carm
1622 3153 1710 3212 nous

372 3257 557 3342 quibusdam
577 3265 608 3320 et
631 3259 816 3318 coniecturis
839 3255 876 3319 ab
896 3256 947 3320 illo
967 3257 1076 3321 additis
1095 3258 1257 3340 descripsit
1276 3266 1307 3320 et
1326 3257 1450 3320 alterius
1470 3256 1708 3340 discrepantiam

373 3371 403 3430 in
433 3367 566 3448 margine
598 3365 749 3429 adnotavit
773 3414 780 3429 .
804 3366 878 3430 haec
907 3386 997 3431 manu
1026 3367 1171 3431 Bondaml
1204 3369 1317 3449 scripta
1350 3384 1419 3430 cum
1452 3367 1557 3448 paucis
1590 3365 1709 3430 chartis

365 3455 466 3541 'novae
491 3475 631 3539 editionis
661 3476 738 3556 typis
763 3494 939 3560 expressae,
970 3495 1061 3559 quiam
1090 3475 1139 3539 ille
1168 3479 1337 3558 inceperat,
1372 3475 1424 3538 sed
1454 3494 1522 3538 mox
1550 3475 1708 3559 omiserat,

373 3605 454 3650 nune
478 3587 509 3648 in
533 3578 674 3648 Leidensi
697 3582 878 3648 bibliotheca
902 3594 1062 3648 serrantur
1080 3587 1167 3648 iuter
1191 3583 1312 3647 cedices
1336 3583 1604 3647 Perizoniauos
1629 3581 1676 3662 84
1701 3635 1708 3648 .

373 3695 564 3776 inscriptioni
587 3691 658 3754 libri
682 3711 717 3754 ex
742 3691 946 3773 Neapolitanis
970 3691 1127 3756 codicibus
1151 3694 1312 3776 repetitae,
1336 3693 1488 3755 drusiani
1510 3693 1608 3756 Messi
1630 3711 1708 3776 sqq,

373 3803 472 3866 addita
501 3811 547 3864 est
577 3800 729 3863 adnotatio
758 3800 909 3864 Parrhasii
937 3820 1029 3884 supra
1058 3802 1164 3885 relata,
1193 3803 1345 3864 Aratriani
1371 3821 1392 3864 α
1420 3803 1605 3878 quibusdam
1633 3807 1706 3866 sud·

372 3915 511 3976 stitutum
535 3917 606 3974 erat
632 3909 769 3972 Cornelii
791 3911 956 3972 Frorrto'nir
979 3913 1117 3990 improbe
1141 3958 1147 3972 .
1172 3928 1209 3971 er
1239 3928 1299 3991 quo
1328 3919 1452 3994 apparet
1480 3927 1541 3973 non
1570 3914 1707 3994 priorem

374 4022 508 4086 codicem
532 4017 775 4101 Neapolitanum,
799 4017 852 4080 scd
876 4017 960 4082 illurn
985 4018 1127 4100 alterum,
1157 4019 1187 4081 in
1217 4035 1278 4098 quo
1306 4020 1458 4101 scriptura
1486 4019 1644 4103 archetypi
1668 4021 1706 4082 ab

373 4131 454 4195 italis
478 4135 616 4192 correcta
640 4134 717 4208 erat,
747 4125 783 4188 ab
808 4125 932 4191 heinsio
961 4125 1147 4210 descriptum
1176 4126 1223 4190 rel
1251 4137 1335 4190 cerie
1365 4135 1488 4210 praeter
1514 4129 1650 4210 priorem
1674 4131 1705 4190 in

373 4237 573 4304 describendo
606 4235 772 4299 adhibitum
806 4252 873 4298 esse
897 4284 905 4299 .
930 4238 993 4318 ipse
1023 4234 1194 4299 Bondamus
1228 4235 1399 4318 apographo
1433 4254 1488 4298 suo
1522 4233 1707 4318 subscripsit

374 4349 457 4431 haec,
476 4342 599 4434 ‘l‘elrue
618 4344 753 4408 Bondam
773 4363 808 4406 er
828 4343 1008 4426 Apographo
1028 4343 1259 4425 Elegantissimo
1279 4343 1362 4407 Petri
1381 4329 1547 4408 Burmanni
1562 4343 1706 4428 Secundi,

373 4459 426 4540 qui
450 4456 522 4519 illud
547 4454 751 4536 descripserat
775 4471 811 4515 er
835 4453 939 4515 codiee
963 4451 994 4516 V.
1016 4453 1058 4516 lli.
1077 4451 1104 4516 i.
1123 4452 1176 4515 Ph.
1196 4453 1339 4538 llorville,
1364 4453 1513 4536 descripsi
1537 4463 1568 4516 et
1590 4453 1706 4517 absolvi

374 4567 556 4650 zutphaniae
590 4565 618 4628 d.
651 4561 731 4626 xvii
768 4561 836 4624 iulii
869 4557 1038 4624 hlBCCLX'
1076 4611 1083 4624 .
1121 4563 1229 4626 deinde
1267 4563 1304 4625 de
1350 4569 1480 4645 utroque
1522 4563 1705 4646 apographo,

373 4696 434 4759 qrro
466 4695 541 4740 usus
579 4684 658 4758 erat,
699 4677 730 4736 in
773 4671 884 4735 scheda
921 4671 1018 4734 codici
1060 4673 1191 4754 praelixa
1234 4673 1350 4736 nronuit
1392 4671 1480 4754 haec,
1527 4666 1587 4734 ‘Ex
1626 4675 1704 4755 Apo·

373 4783 486 4866 grapho
519 4782 684 4846 Burmanni
722 4783 881 4864 ipsiusmet
917 4797 1007 4842 mauu
1041 4783 1155 4862 scripto
1192 4781 1339 4864 descripsi
1376 4780 1459 4844 haec.
1511 4779 1593 4844 ldem
1632 4800 1703 4845 rero

374 4893 565 4956 hurmannus
590 4903 620 4954 ct
644 4891 771 4955 alterum
796 4891 1029 4952 communicavit
1047 4890 1264 4972 dpographurn
1288 4889 1325 4952 ab
1349 4889 1407 4953 alio
1432 4891 1592 4974 scriptum,
1621 4893 1702 4973 quod
