3610 5482
339 299 385 368 40
579 301 587 320 ‘
619 269 625 278 ’
889 299 992 359 vncu
1010 299 1126 360 noum
1191 353 1193 360 ,

297 507 310 529 ·
341 491 420 554 lecta
444 508 551 554 eorum
575 487 722 552 librorum
746 489 853 553 notitia
876 489 914 553 ad
937 507 985 553 me
1009 493 1163 575 persenit,
1192 498 1251 554 tam
1276 492 1435 556 manifesto
1459 505 1676 580 apparuerunt,

342 609 377 664 ut
405 597 507 664 nullus
538 595 720 662 dubitationi
754 598 840 664 locus
870 599 996 663 relictus
1027 607 1116 662 esset.
1162 617 1231 662 nam
1265 598 1337 664 olim
1369 610 1491 683 praeter
1520 601 1675 667 Parrhasii

341 706 453 770 librum
483 705 652 780 Vrsiniano,
677 725 798 790 quoque
829 695 959 791 aliquam
987 709 1199 772 auctoritatem
1229 707 1408 794 tribueram,
1440 729 1530 792 quem
1561 711 1701 776 nedlam·

343 835 409 880 esse
429 827 562 901 apparet,
585 825 744 899 postquem
765 833 834 878 eum
855 833 891 877 ex
910 815 961 879 illo
980 816 1166 900 descriptum
1186 835 1254 880 esse
1273 817 1461 882 intellectum
1480 828 1535 884 est.
1573 840 1675 904 neque

342 927 487 989 maiorem
515 924 612 988 iidem
633 923 745 988 habere
774 933 849 1006 puto
880 932 942 988 tres
971 925 1104 1009 codices,
1138 944 1215 1007 quos
1243 936 1365 1009 praeter
1394 926 1461 990 illos
1494 928 1531 992 de
1563 929 1675 1012 quibus

341 1034 403 1097 dixi
431 1051 592 1116 superesse
621 1035 705 1115 nori,
731 1031 961 1115 Neapolitanum
985 1031 1122 1095 alterum·
1137 1031 1208 1096 bibl.
1232 1051 1295 1116 reg.
1318 1031 1356 1095 lV
1380 1033 1403 1095 Α
1430 1031 1675 1118 1215510511-

343 1159 416 1206 num
439 1141 464 1204 ll
488 1137 554 1206 498
578 1141 646 1225 ini,
677 1140 919 1225 Bruxellensem,
950 1122 1132 1224 quamquam
1163 1161 1200 1204 ex
1231 1141 1278 1204 bis
1310 1160 1404 1206 unum
1436 1133 1674 1228 Neapolitanum,

342 1268 434 1333 quem
456 1248 619 1313 lanncllius
642 1249 660 1312 l.
685 1269 710 1312 c.
733 1247 911 1332 descripsit,
939 1249 1029 1331 paulo
1060 1251 1232 1311 accuratius
1256 1254 1391 1332 cognovi.
1429 1253 1495 1315 eius
1519 1255 1602 1338 enim
1623 1253 1675 1316 ali-

343 1377 433 1442 quam
460 1367 578 1442 psrtem
607 1376 676 1422 curn
705 1355 842 1421 Putscir'ii
870 1356 1001 1420 editione
1031 1355 1200 1420 Stenderus
1230 1357 1408 1421 contulerat.
1443 1362 1480 1443 ¹in
1504 1359 1559 1422 bac
1583 1363 1677 1443 igitur

341 1476 427 1552 parte
455 1466 567 1531 librum
596 1445 665 1531 cum
695 1465 789 1529 altero
817 1465 868 1528 illo
897 1467 939 1529 its
968 1468 1209 1529 consentientem
1238 1468 1352 1548 inveni,
1388 1475 1422 1530 ut
1450 1485 1510 1530 non
1539 1467 1677 1532 dubitem

342 1578 417 1659 quin
440 1594 478 1639 ex
501 1574 559 1638 hoc
582 1575 754 1658 descriptus
778 1577 825 1638 sit.
864 1584 1002 1638 ceterum
1026 1574 1223 1658 neglegenter
1241 1579 1374 1658 scriptus
1393 1584 1424 1639 et
1443 1576 1582 1659 plurimis
1601 1577 1678 1641 locis

342 1693 447 1768 postea
471 1694 628 1748 correctus
647 1703 714 1747 esse
734 1685 854 1746 dicitur.
892 1683 951 1746 luit
969 1691 1071 1746 autem
1089 1675 1154 1765 ipse
1175 1701 1306 1768 quoque,
1329 1687 1409 1748 sicut
1426 1687 1454 1748 is
1473 1703 1564 1768 quem
1584 1705 1678 1768 snpra

349 1791 422 1877 dixi,
449 1791 615 1877 Parrhasii,
643 1790 725 1874 quod
754 1791 867 1854 indicat
895 1791 1001 1854 similis
1026 1791 1212 1874 subscriptio
1236 1795 1267 1854 in
1295 1793 1354 1855 ilne
1383 1792 1509 1876 codicis,
1538 1789 1679 1858 ‘Antonii

344 1900 504 1984 Seripsudi
527 1920 565 1964 ex
588 1901 651 1964 lani
674 1899 827 1964 Parrhasii
856 1895 1060 1964 testamentc’.
1102 1887 1293 1963 imbrosiani
1316 1901 1429 1964 codicis
1452 1901 1582 1965 indicem
1607 1903 1677 1967 dedi

342 2028 468 2092 gramm.
492 2008 541 2073 lat.
565 2029 591 2072 r.
615 2007 653 2072 Vl
676 2011 705 2093 p.
730 2007 805 2075 248.
844 2007 1072 2072 Bruxellensem
1100 2012 1132 2072 in
1162 2009 1295 2091 catalogo
1325 2008 1522 2073 bibliothecae
1551 2011 1677 2075 Bruxel-

345 2119 438 2182 iensis
468 2111 645 2204 (Catalogue
674 2117 729 2180 des
757 2102 940 2181 manusbrits
968 2116 1005 2179 de
1034 2115 1061 2179 la
1092 2115 1299 2199 bibliotheque
1328 2116 1364 2180 de
1390 2113 1589 2205 Bourgogne)
1614 2121 1679 2182 ui

315 2279 316 2284 ,
344 2246 375 2311 p.
406 2223 470 2291 168
500 2225 666 2289 indicatum
696 2227 799 2288 iuveni
831 2227 888 2308 ita,
918 2220 964 2288 ‘n
994 2221 1083 2289 8366
1111 2223 1213 2288 Velius
1244 2223 1366 2307 Longus
1396 2225 1434 2288 de
1465 2226 1680 2311 orthographia
1729 2210 1735 2220 ¹

293 2416 296 2420 ,
344 2335 557 2399 Necessarium
581 2331 713 2396 arbitror
736 2342 793 2397 etc.
817 2352 896 2396 saec.
922 2327 984 2396 l'l’.

436 2441 550 2506 Eodem
574 2461 686 2523 genere
710 2441 849 2505 codicum
873 2443 921 2504 nsi
945 2449 1017 2504 suut
1040 2443 1096 2504 riri
1120 2440 1214 2526 docti,
1243 2445 1296 2524 qui
1320 2441 1415 2525 Longi
1440 2443 1564 2527 librum,
1595 2456 1680 2509 ante·

346 2571 434 2636 quam
468 2554 547 2635 typis
584 2569 748 2634 expressus
782 2558 862 2634 crat,
902 2552 933 2612 in
967 2551 1195 2632 quaestionibus
1229 2553 1432 2635 grammaticis
1466 2551 1680 2617 adhibuerunt.

347 2683 364 2727 e
393 2659 504 2745 quibus
531 2662 630 2742 primo
659 2659 725 2722 loco
754 2658 955 2722 nominandus
984 2669 1031 2724 est
1054 2660 1181 2723 loannes
1205 2658 1325 2723 Pierius
1348 2658 1536 2745 Valerianus,
1565 2665 1617 2745 qui
1646 2665 1680 2725 in

263 2809 266 2815 -
347 2767 594 2852 castigationibus
618 2770 649 2831 in
669 2766 826 2850 Virgilium
846 2767 958 2830 Romae
978 2786 1002 2829 a.
1025 2765 1110 2833 1521
1132 2771 1263 2849 primum
1283 2767 1373 2831 editis
1392 2747 1567 2851 saepissime
1587 2770 1680 2834 huius

347 2879 534 2964 grammatici
558 2877 742 2958 mentionem
766 2875 854 2960 iecit,
885 2875 999 2960 codice,
1029 2884 1063 2937 ut
1090 2875 1218 2960 videtur,
1247 2895 1321 2939 usus
1345 2875 1506 2940 Parrhasii.
1554 2877 1590 2941 ab
1621 2879 1681 2941 hoc

347 2984 428 3052 eninr
452 2985 579 3050 aliorum
603 2985 867 3066 grammaticorum
887 2982 981 3046 libros
1000 3003 1071 3046 eum
1090 2987 1243 3067 accepisse
1264 2972 1385 3049 scimus.
1424 2987 1532 3050 deinde
1553 2987 1682 3050 loannes

347 3097 482 3179 Baptista
505 3093 578 3158 Pius
601 3093 801 3156 Bononiensis
824 3095 856 3154 in
885 3094 1112 3155 annotationum
1141 3095 1345 3174 posteriorum
1370 3097 1466 3176 capite
1491 3071 1529 3156 lV
1552 3089 1681 3178 (Gruter

348 3206 437 3288 lamp.
456 3223 482 3266 r.
502 3201 515 3264 l
535 3223 562 3285 p.
583 3195 665 3286 396)
685 3199 722 3263 de
741 3219 831 3262 vorsu
846 3199 983 3262 'l’erentii
1001 3199 1122 3262 Phorm.
1141 3199 1165 3258 V
1187 3187 1214 3282 l,
1236 3197 1278 3264 15
1296 3201 1453 3282 disputans
1473 3201 1562 3264 verba
1583 3202 1682 3265 Verrii

349 3312 445 3394 Longi
473 3304 557 3396 (nam
577 3313 626 3372 -ita
654 3303 742 3396 dicit)
768 3329 797 3392 p.
823 3307 912 3373 2213
941 3313 1057 3373 inventi
1087 3317 1159 3372 sunt
1187 3317 1289 3372 tomen
1314 3329 1391 3392 sqq.‚
1423 3309 1476 3372 sed
1507 3309 1617 3373 additis
1648 3313 1681 3373 in

349 3423 408 3485 line
432 3417 552 3482 duobus
575 3416 714 3480 versibus
734 3417 832 3481 Plauti
855 3416 1044 3500 interpolata,
1068 3419 1178 3480 citavit
1217 3417 1254 3480 de
1278 3417 1382 3480 codice
1402 3428 1502 3482 autem
1523 3437 1583 3501 quo
1603 3437 1680 3481 usus

290 3543 298 3583 ³
346 3539 394 3594 est
417 3527 524 3592 scribit
547 3525 631 3608 hoec,
655 3521 806 3588 ‘Verrium
831 3526 912 3589 hunc
936 3527 1160 3588 exactissimum
1184 3525 1419 3589 Grammaticum
1444 3530 1581 3608 ignotum
1605 3529 1679 3610 scio,

350 3658 406 3704 nec
443 3631 581 3700 menibus
612 3636 808 3717 profanorum
841 3637 907 3698 teri.
955 3635 987 3698 lu
1016 3633 1115 3697 lucem
1145 3653 1161 3696 e
1192 3635 1335 3717 pulvereo
1369 3634 1493 3698 latibulo
1525 3644 1680 3698 extractus

347 3745 464 3831 pridem
496 3763 512 3806 s
540 3746 605 3806 niro
634 3743 837 3805 literatissimo
867 3741 996 3824 Georgio
1020 3741 1148 3824 Merula,
1176 3745 1228 3823 qui
1252 3741 1411 3804 llediolanl
1435 3741 1546 3804 docuit
1586 3741 1679 3824 Copia

348 3854 446 3918 Verrii
465 3853 556 3915 huius
575 3851 708 3914 Merulae
728 3853 853 3933 contigit
873 3870 909 3913 ex
930 3851 1050 3913 libraria
1069 3849 1211 3912 Robiensi
1231 3849 1456 3913 characteribus
1471 3839 1680 3932 Longobardis

348 3966 443 4027 ierme
468 3959 710 4024 exolescentibus
734 3962 765 4022 in
790 3963 971 4042 scripturam
995 3958 1160 4022 Romanum
1183 3959 1362 4022 reformatis.
1401 3958 1444 4021 hd
1469 3977 1516 4022 me
1542 3962 1623 4022 venit
1646 3959 1677 4022 id

348 4069 528 4154 opusculum
558 4087 683 4131 munere
707 4067 789 4130 Alex.
814 4067 964 4131 Gabuardi
988 4067 1160 4130 Parmensis
1188 4067 1334 4130 auditoris
1359 4071 1432 4150 mei,
1461 4086 1531 4130 cum
1560 4067 1682 4150 publice

249 4257 251 4260 ¹
349 4179 489 4243 Mantuae
513 4177 664 4260 docerem,
687 4178 808 4239 iuuenis
832 4179 1020 4258 antiquitatis
1044 4172 1277 4240 studiosissimi'.
1300 4175 1446 4258 'denique
1470 4175 1589 4238 hlarcus
1608 4175 1682 4238 Ver-

349 4289 466 4351 tranius
490 4285 612 4349 hlaurus
636 4285 667 4346 ln
691 4285 770 4346 notis
794 4285 825 4346 in
849 4283 918 4347 Tac.
942 4303 1010 4348 ann.
1034 4283 1075 4347 ill
1101 4281 1143 4347 14
1166 4277 1321 4366 (Lugduni
1340 4304 1365 4347 a.
1389 4279 1488 4368 1569)
1513 4283 1550 4346 dc
1570 4283 1683 4346 litteris

349 4395 514 4458 aclaudio
538 4395 669 4456 inventis
693 4391 787 4474 Longi
818 4395 990 4455 testimonio
1014 4414 1042 4476 p.
1067 4391 1156 4458 2235
1185 4412 1259 4457 rrsns
1289 4402 1348 4470 est,
1378 4388 1437 4454 ‘lie
1465 4392 1554 4453 tertia
1578 4390 1682 4454 Velius

350 4498 485 4584 Longus*
504 4501 562 4564 boc
600 4499 691 4564 habet
720 4503 751 4563 in
784 4499 834 4562 lib.
868 4499 904 4562 de
936 4500 1171 4587 Orthographia,
1204 4522 1295 4584 quern
1328 4500 1567 4581 manuscriptum
1601 4499 1680 4582 apud

350 4609 518 4673 Strossium
534 4617 653 4690 egomet
667 4608 779 4672 Romae
794 4609 866 4690 legi:
885 4611 1033 4673 Claudius
1043 4615 1199 4690 princeps,
1215 4613 1323 4691 inquit,
1337 4627 1447 4672 novom
1462 4641 1504 4652 —
1519 4602 1681 4671 scribere'.

443 4717 573 4779 Primum
599 4727 699 4780 autem
723 4717 815 4781 buius
839 4715 908 4780 libri
932 4717 1095 4780 editionem
1117 4723 1233 4800 pararit
1256 4717 1407 4780 Fulvius
1430 4715 1599 4798 Vrsinus,
1628 4719 1680 4795 qui

351 4833 421 4909 post
444 4835 531 4888 nous
554 4824 591 4887 ad
612 4825 755 4890 Catonem
779 4824 945 4888 Varronem
969 4823 1163 4888 Columellam
1188 4827 1224 4888 de
1249 4819 1425 4888 re'rustica
1454 4831 1484 4886 et
1507 4823 1586 4886 lunii
1609 4820 1681 4885 Phi-
