3602 5482
699 353 895 412 EXGERPTA
1395 355 1461 422 355

122 455 287 506 numm
829 449 831 454 “

125 561 142 605 ι
167 561 238 624 que
263 561 332 605 nou
357 551 533 625 receptos
556 544 664 606 etiam
688 542 730 606 ad
755 562 806 607 me
836 545 961 608 venire
992 561 1102 606 ausus
1133 539 1196 630 es'‚
1224 555 1255 608 et
1280 541 1402 609 ‘Caesar
1425 545 1461 608 ad

125 647 263 715 ltaliam'.

217 758 262 823 En
282 767 313 824 et
331 758 369 824 ab
388 763 629 844 praepositiones
652 761 744 845 aliqui
768 760 968 845 sequentibus
987 760 1225 825 consonantibus
1243 763 1291 826 rel
1311 763 1462 827 vocalibus

126 870 193 934 loco
223 871 457 934 consonantium
485 871 592 952 positis
620 868 726 934 dicunt
755 873 926 954 eorrumpi,
954 879 988 934 ut
1016 881 1088 954 puta
1118 889 1134 933 e
1163 872 1243 955 loro,
1271 891 1288 934 a
1316 871 1463 936 lunone.

96 981 180 1043 used
203 980 264 1043 boc
283 998 457 1064 monemus,
481 977 562 1060 quod
581 977 637 1041 hae
656 981 896 1062 praepositiones
916 998 977 1043 uou
996 997 1052 1063 per
1071 981 1171 1042 omnia
1189 982 1234 1043 sic
1253 987 1463 1063 perseverent:

125 1091 224 1172 siquis
247 1091 361 1152 etenim
384 1087 465 1151 dicat
488 1082 741 1168 ‘instrumentis
770 1085 887 1173 doce0'‚
916 1085 965 1152 ‘ab
993 1087 1176 1152 scholastico
1205 1084 1316 1152 audivi’
1341 1138 1348 1153 .
1372 1108 1462 1172 quam

125 1200 311 1282 imperitiam
340 1206 540 1261 contemnens
567 1196 729 1260 Sallustius
757 1217 849 1280 supra
878 1197 974 1262 dictas
998 1201 1240 1282 praepositiones
1264 1199 1463 1282 sequentibus

125 1307 366 1372 consonantibus
390 1310 524 1389 integras
548 1308 754 1389 pronuntiarit
777 1307 882 1370 dicens
911 1303 1006 1370 ‘nam
1030 1316 1106 1371 tum
1129 1307 1266 1372 Brutus
1290 1308 1332 1371 ab
1355 1309 1463 1372 Roma

125 1412 310 1502 aberat'.l

84 1541 111 1582 ιο
218 1527 280 1590 Abs
303 1527 487 1612 praepositio
512 1527 646 1607 quinque
671 1542 762 1588 sonos
787 1527 1052 1611 excitamentum,
1081 1526 1110 1590 iel
1140 1536 1188 1590 est
1217 1526 1332 1610 absque
1357 1525 1464 1610 absqui

125 1647 158 1701 et
182 1647 285 1701 cetera
308 1635 386 1700 talia

218 1745 262 1808 Αιι
282 1754 314 1808 et
332 1743 411 1829 apud
430 1745 672 1827 praepositiones
691 1745 735 1806 sic
755 1742 988 1828 intelleguntur,
1012 1755 1046 1808 ut
1064 1753 1136 1829 puta
1157 1748 1183 1808 si
1202 1745 1284 1809 dicas
1304 1741 1353 1808 ‘ad
1373 1765 1463 1828 eperum

126 1851 252 1938 studet',
276 1855 425 1937 significat
444 1848 601 1916 ‘adversos
622 1871 712 1936 quem
733 1848 934 1916 machinatur'
941 1876 949 1937 3
973 1863 1004 1918 at
1022 1873 1094 1917 vero
1114 1857 1140 1918 si
1159 1854 1242 1918 dicas
1262 1849 1353 1939 ‘apud
1373 1874 1464 1938 quem

126 1958 253 2047 studet,
277 1965 427 2046 significat
451 1957 499 2026 ‘ex
524 1981 584 2044 quo
608 1957 718 2025 discit’.

86 2085 113 2128 1⁵
220 2072 467 2155 Praepositioues
491 2071 583 2136 buius
607 2074 681 2136 artis
705 2071 783 2135 lator
806 2090 868 2134 non
892 2074 1065 2134 necessario
1089 2071 1162 2134 dicit
1191 2073 1365 2136 nominibus
1394 2077 1463 2137 civi·

127 2184 236 2246 tatium
260 2180 400 2264 adiungi,
424 2188 553 2262 utputa
578 2170 716 2250 ‘Romam
739 2173 849 2263 renio'‚
874 2175 1099 2262 ‘Karthaginem
1125 2177 1173 2244 ee’
1198 2193 1229 2244 et
1247 2190 1348 2244 cetera
1368 2181 1436 2245 talia
1457 2231 1463 2244 .

126 2290 182 2354 sed
202 2289 260 2353 boe
278 2288 401 2373 plurimi
420 2298 561 2352 auctores
580 2287 837 2352 contemnendum
856 2289 1121 2372 existimaverunt,
1140 2299 1173 2353 ιιι
1192 2289 1272 2372 opud
1288 2289 1464 2356 Sallustium

126 2397 280 2464 ‘ilarius
314 2398 354 2463 ad
388 2398 511 2462 l'alam
545 2393 771 2482 proiectus’;
804 2399 876 2460 item
909 2397 989 2461 idem
1024 2393 1119 2462 ‘uam
1153 2409 1227 2462 tum
1256 2399 1393 2464 Brutus
1422 2399 1463 2462 ab

126 2509 237 2574 lloma
261 2503 405 2572 aberat'
430 2558 436 2570 .
461 2511 504 2572 sic
529 2517 560 2571 et
584 2517 685 2570 cetera
709 2505 787 2569 talia.

86 2632 114 2674 ee
221 2616 321 2701 Super
343 2619 599 2701 praepositionem
619 2614 736 2678 Plinius
756 2611 915 2678 Secundus
935 2633 971 2677 ex
993 2615 1042 2679 bis
1061 2607 1162 2680 tribus'
1179 2615 1464 2701 praepositionibus,

127 2729 159 2793 id
183 2737 231 2791 est
254 2745 346 2809 supra
374 2726 411 2789 de
439 2728 485 2808 in,
513 2725 577 2789 vrtlt
605 2723 716 2788 babere
746 2725 1010 2812 significationem,
1041 2736 1075 2789 ut
1103 2735 1176 2811 putu
1205 2745 1311 2811 supra,
1342 2723 1464 2790 ‘saeva

128 2838 263 2902 sedens
286 2854 400 2918 super
423 2829 547 2918 arma',
571 2836 643 2898 item
667 2828 776 2896 ‘socii
800 2835 1001 2896 exanimem
1020 2818 1133 2918 super
1153 2853 1248 2904 arma
1268 2830 1464 2921 lerebaut',

128 2947 160 3011 id
185 2955 232 3010 est
256 2963 361 3028 supra:
385 2944 437 3030 de,

127 3105 130 3116 .
252 3053 364 3118 multa
388 3071 500 3137 super
523 3052 666 3116 Priamo
691 3053 874 3135 rogitans,
898 3070 1011 3136 super
1034 3051 1191 3116 Hectore
1216 3053 1341 3138 multa,

86 3167 159 3230 aeid
189 3173 236 3228 est
264 3163 301 3227 de
328 3162 449 3227 Priame
478 3171 510 3226 et
538 3159 577 3224 de
606 3148 752 3242 Hectore3
781 3163 854 3222 item
883 3162 915 3223 in
943 3160 1123 3242 iugurthino
1152 3161 1230 3225 bello
1260 3156 1319 3225 ‘ue
1353 3181 1465 3246 super

129 3274 196 3338 tali
230 3271 374 3336 scelere
407 3280 624 3355 suspectum
662 3289 699 3332 se
737 3264 921 3352 baberet',
957 3268 988 3332 id
1021 3281 1068 3333 est
1101 3270 1138 3334 de
1171 3271 1224 3336 tali
1257 3272 1387 3338 scelere:
1424 3276 1465 3358 in,

128 3380 287 3467 ‘gemina
307 3401 419 3465 super
438 3380 570 3445 arbore
590 3373 744 3458 sidunt'‚
767 3375 798 3440 id
818 3386 866 3441 est
882 3379 915 3440 in
935 3377 1057 3462 arbore3
1082 3381 1155 3442 item
1179 3375 1327 3444 ‘ironde
1352 3401 1466 3464 super

127 3487 268 3576 viridi',
289 3491 347 3554 boc
371 3493 473 3555 estin
497 3488 586 3553 viridi
609 3489 724 3551 fronde.

221 3601 264 3664 lle
287 3602 511 3683 praepositione
535 3607 681 3682 quantum
705 3599 782 3660 ratio
805 3596 951 3678 poscebat
974 3597 1195 3680 respondimus.

222 3775 237 3824 t
258 3768 299 3839 es]
319 3767 363 3824 eal
379 3765 408 3822 Β
482 3772 498 3822 3
518 3765 702 3836 sequentibus
721 3763 963 3853 consequentiam
981 3763 1148 3822 sonantibus
1168 3766 1215 3823 uel
1233 3765 1383 3824 uocalibne
1401 3766 1465 3824 loco

129 3857 353 3916 consonantibus
371 3857 420 3914 uel
438 3856 587 3914 uocalibna
604 3857 669 3913 loeo
688 3854 906 3913 consonantium
928 3853 1018 3928 positi
1041 3855 1082 3911 sic
1108 3855 1170 3913 iudi
1195 3859 1228 3914 ut
1250 3859 1321 3928 pata
1342 3856 1404 3914 lero
1428 3858 1466 3915 ab

128 3941 237 3998 iuncus
254 3937 283 3994 Β
367 3939 520 4008 efortnsec
543 3940 576 3994 ul
599 3936 687 4009 siquis
711 3937 789 3993 dieat
813 3953 848 3992 ex
872 3936 985 4008 scriptis
1009 3936 1098 3994 doceo
1117 3979 1123 3992 .
1144 3939 1289 4007 ιιιιιιιιαπι,
1317 3956 1374 4011 quo
1398 3957 1464 4011 apo·

129 4023 205 4080 eoas
223 4021 381 4088 mesenes,
400 4025 466 4092 post
485 4019 582 4076 audiri
600 4019 739 4075 indicavit
760 4017 870 4075 Titurot
888 4036 969 4076 reone
992 4020 1110 4091 altique
1133 4037 1159 4078 ιι.
1184 4026 1260 4078 1877
1280 4038 1310 4091 p.
1335 4026 1392 4078 308

129 4111 235 4162 Suam
257 4102 332 4176 tum]
356 4101 472 4159 Sallmt.
498 4101 581 4158 omn.
599 4106 665 4170 40‚5
748 4107 779 4156 tl
810 4102 907 4158 cetera
935 4101 993 4158 niis
1020 4102 1048 4158 Β
1134 4109 1167 4158 14
1195 4100 1337 4174 significat
1365 4104 1402 4160 sd
1430 4121 1464 4160 ex

128 4184 260 4257 qnodicis
279 4184 307 4240 Β
392 4182 530 4240 ieiunius
553 4182 623 4239 artis
646 4181 736 4255 labor]
762 4181 846 4239 Prob.
864 4201 893 4254 p.
914 4187 1017 4251 160,21
1102 4191 1136 4240 to
1155 4186 1185 4239 et
1209 4183 1346 4240 eelerdie
1364 4184 1392 4239 Β

129 4264 290 4325 181narins
308 4265 346 4322 ad
364 4265 437 4322 talia
454 4265 498 4322 Be
510 4263 634 4320 ’Sallust
655 4264 720 4335 Iup.
743 4269 808 4330 75,6
833 4280 866 4320 ao
889 4265 975 4322 modo
999 4264 1154 4322 instructus
1178 4265 1215 4320 ad
1234 4263 1356 4322 Thalam
1381 4267 1465 4338 proii-

129 4349 246 4406 ciscilnr
327 4365 394 4404 nam
416 4346 492 4420 tum]
517 4345 633 4403 Sallust.
660 4345 743 4404 catu.
767 4349 833 4411 soa
917 4351 950 4401 19
976 4349 1073 4403 cetera
1096 4347 1153 4404 alie
1175 4346 1204 4401 Β
1287 4355 1322 4405 20
1341 4347 1463 4422 Plinius]

127 4428 242 4502 plenius
260 4428 289 4485 Β
310 4472 315 4484 .
334 4429 460 4501 quanio
479 4427 512 4484 de
530 4444 614 4498 super
629 4428 839 4499 praepositione
856 4444 937 4500 caepe
955 4447 974 4484 e
992 4430 1182 4500 mammam
1205 4434 1342 4500 tractato,
1366 4428 1465 4487 Plinio

129 4513 164 4570 ab
184 4511 253 4567 aliia
271 4511 380 4568 inbuta
397 4527 456 4568 nen
475 4514 514 4566 eet
586 4515 621 4565 at
642 4525 710 4566 sens
729 4508 829 4566 sedem
849 4527 934 4582 snper
953 4527 1033 4566 arma
1052 4510 1182 4566 ferebant
1205 4509 1236 4565 id
1254 4513 1299 4568 ess
1317 4529 1403 4585 supra
1422 4511 1464 4569 De

129 4599 155 4651 el
172 4595 206 4649 ιἰι
224 4595 351 4667 morfisa
370 4597 436 4666 post
458 4608 539 4648 arms
561 4593 681 4663 απιιᾳιια
703 4608 791 4647 manu
813 4590 844 4646 id
868 4595 912 4648 esi
935 4609 1022 4662 supra
1044 4591 1114 4648 item
1138 4591 1207 4648 socii
1232 4593 1361 4650 examine
1381 4611 1466 4666 snper

130 4691 211 4731 arma
230 4675 285 4732 Β.
311 4673 390 4746 Verp.
414 4677 486 4730 Aen.
511 4674 616 4730 1295.
643 4673 675 4728 X
691 4678 746 4729 841
821 4679 856 4730 ιι
875 4673 977 4748 multa]
1010 4673 1089 4745 Verp.
1109 4675 1180 4730 Aen.
1201 4674 1297 4731 1750
1370 4681 1405 4731 ib
1429 4693 1466 4734 ne

130 4756 227 4831 snper]
253 4757 369 4814 Sallust.
390 4757 457 4828 Iup.
477 4761 542 4824 71,5
616 4761 651 4811 26
674 4754 782 4812 scelera
801 4757 956 4827 posteriore
979 4757 1037 4812 loco
1061 4756 1089 4812 Β
1168 4761 1202 4812 27
1227 4755 1353 4830 gemina]
1383 4755 1463 4828 Verp.

130 4841 201 4896 Aera
228 4838 276 4893 Vr
292 4842 352 4896 203
425 4837 529 4894 sedunt
547 4837 575 4893 A
647 4835 759 4909 fronde]
786 4836 865 4910 Verp.
885 4839 1055 4907 bucol.1,81
1130 4843 1164 4895 28
1189 4838 1218 4894 in
1241 4837 1327 4894 viridi
1351 4837 1464 4914 fronde]

131 4920 160 4977 in
179 4919 272 4976 uiride
291 4923 314 4975 Β
