3604 5486
612 320 661 378 DE
691 317 952 378 amensamens
1390 319 1456 388 529
1554 351 1556 356 ,

122 433 146 474 ρ.
162 425 224 468 aaut.
239 425 293 468 2¹⁰1
307 423 332 466 Ρ.

217 511 467 574 communionem
492 519 522 573 et
545 512 801 574 communitatem.
847 509 1048 572 communitas
1072 517 1119 572 eat
1142 509 1384 574 communicandi
1408 528 1457 570 vo·

125 620 239 702 luntas,
263 620 436 682 communio
460 619 595 702 undique
618 621 755 683 munitio.

217 727 386 792 l'ultionem
411 735 442 791 et
466 727 618 792 lulturam.
666 728 767 813 lnltio,
791 728 863 792 dum
887 727 934 812 sst;
958 724 1084 810 fultura,
1108 745 1177 790 cnm
1202 729 1279 792 lacta
1303 739 1358 792 εει.

94 827 98 833 ’
217 827 400 900 Maritimum
424 847 455 899 et
478 839 637 902 naarinum.
684 839 834 901 maritima
857 838 922 900 loca
942 846 1015 900 sunt
1034 836 1079 899 rel
1098 855 1193 920 prope
1212 857 1295 901 mare
1315 841 1459 902 introitus

94 957 188 1030 sest,
214 924 329 1009 marina
352 947 398 1008 rel
423 948 507 1010 navis
531 945 577 1008 vel
601 944 698 1010 belna.
987 940 990 950 ’

216 1055 365 1119 Ieiunium
385 1065 417 1118 et
435 1057 631 1119 ieiunitatem.
673 1058 821 1119 ieiunium
845 1057 995 1138 diescet,
1019 1056 1160 1119 ieiunitas
1185 1057 1244 1121 cibi
1268 1057 1457 1122 abstinentia.

217 1164 376 1248 Elinguem
399 1175 431 1228 ει
453 1164 647 1248 elinguatum.
695 1165 824 1248 elinguis
843 1164 933 1228 habet
955 1163 1102 1248 linguam,
1125 1166 1178 1229 sed
1199 1185 1257 1230 usn
1276 1169 1342 1231 eius
1361 1176 1458 1250 caret;

124 1276 298 1358 elinguatus
322 1277 430 1338 amisit
450 1269 455 1356 Ι
889 1280 892 1288 ’

218 1385 413 1468 suspicacem
436 1395 467 1447 et
490 1387 701 1467 suspiciosum.
748 1386 889 1468 suspicax
913 1385 1026 1467 arguit,
1049 1387 1236 1467 suspiciosus
1260 1388 1377 1469 recipit

80 1510 109 1552 ao
218 1493 401 1557 liestiarium
425 1502 456 1556 et
479 1495 653 1557 restionem.
701 1496 858 1556 raetiarins
882 1496 935 1576 qul
959 1494 1044 1578 lacit,
1068 1496 1162 1558 restio
1186 1496 1239 1576 qui
1261 1494 1372 1558 rendit

218 1604 382 1667 Austerum
401 1611 432 1666 et
451 1620 599 1666 severum.
637 1613 778 1667 austerus
797 1621 905 1686 graeca
924 1603 1159 1687 consuetudine,
1183 1621 1308 1666 severus
1326 1623 1344 1667 a
1361 1623 1459 1667 saevo.

219 1711 430 1794 Eloquentiam
450 1720 481 1775 et
503 1710 666 1794 eloquium.
714 1711 886 1795 eloquentia
905 1713 1041 1795 perlecta
1060 1715 1105 1776 vis
1124 1715 1283 1796 orationis,
1306 1713 1460 1795 eloquium

126 1841 178 1886 ars
202 1823 359 1904 supposita
382 1819 539 1884 commode
564 1819 734 1902 eloquendi.

220 1930 403 1994 Servitutem
432 1937 463 1993 et
490 1931 656 1993 servitium.
707 1931 838 1995 servitus
868 1940 915 1994 est
944 1930 1001 1993 sub
1032 1931 1169 2016 domino,
1203 1933 1283 1994 servi
1315 1932 1457 2014 patientia

81 2055 109 2097 as
127 2041 287 2103 servitium
311 2041 391 2102 lacit.

218 2146 477 2231 Vituperationem
501 2156 532 2210 ει
561 2147 772 2230 culpationem.
820 2151 1001 2231 vituperatio
1025 2152 1131 2212 uitium
1159 2158 1259 2232 parat,
1288 2148 1420 2231 culpatio
1444 2167 1460 2210 a
1539 2221 1542 2228 Ι

126 2256 216 2340 culpa
240 2259 355 2341 incipit.

219 2366 381 2430 Nominare
406 2375 437 2429 et
460 2365 619 2450 appellare.
667 2367 831 2428 nominatio
857 2366 993 2429 nominat
1016 2385 1107 2448 quem
1130 2366 1273 2450 appellat;
1302 2365 1461 2450 appellatio

127 2475 305 2560 appellantis
339 2495 395 2539 svor
429 2485 476 2538 est
508 2477 539 2537 in
573 2475 756 2555 ministerio,
789 2482 820 2536 et
853 2473 982 2557 appellat
1016 2474 1061 2537 rel
1090 2493 1107 2536 a
1134 2478 1305 2557 potentiore
1336 2484 1462 2558 propter

82 2603 114 2642 ao
129 2587 286 2668 iniuriam,
309 2583 357 2648 rel
380 2586 499 2649 invocat
523 2581 667 2646 auxilium
690 2585 898 2666 magistratus,
923 2585 968 2647 vel
993 2603 1063 2648 cum
1085 2585 1246 2667 pecuniam
1269 2586 1412 2667 reposcit.

220 2694 290 2758 Tris
314 2705 345 2758 et
367 2703 440 2758 tras.
488 2693 544 2755 tris
567 2693 599 2755 in
623 2693 793 2754 accusativo
819 2710 904 2776 casu,
928 2703 992 2756 tras
1015 2695 1046 2756 in
1066 2695 1249 2756 nominativo
1268 2702 1300 2757 et
1318 2695 1461 2756 vocativo.

221 2802 439 2866 Necessitatem
464 2811 495 2864 et
518 2789 783 2864 necessitudinem.
830 2801 1023 2865 necessitudo
1048 2801 1094 2864 rel
1118 2805 1274 2884 sanguinis
1298 2801 1344 2866 vel
1374 2805 1462 2865 meri·

128 2926 231 2978 torum
256 2929 326 2976 carm
354 2910 604 2994 praeceptoribus
628 2915 677 2974 oet
699 2929 769 2974 cum
793 2911 911 2994 amicis3
934 2913 1101 2974 necessitas
1123 2911 1309 2974 inmutabilis
1333 2930 1384 2974 res
1407 2921 1464 2994 est,

129 3035 165 3089 ut
188 3025 265 3086 mori
289 3021 478 3085 necessitatis
502 3029 558 3083 est.
1379 3021 1382 3028 '

80 3147 114 3191 aa
222 3133 331 3196 Serum
355 3140 387 3194 et
409 3148 488 3192 sero.
535 3148 637 3193 serum
662 3129 699 3192 ad
724 3132 880 3212 negotium
903 3131 1049 3212 pertinet,
1074 3148 1143 3192 sero
1167 3129 1205 3192 ad
1229 3139 1358 3212 tempus.
1440 3181 1446 3196 .

221 3239 320 3303 Decus
349 3248 380 3302 et
406 3238 541 3321 gloriam.
588 3238 682 3301 decus
710 3249 757 3302 est
786 3239 1024 3302 instrumentum
1053 3240 1215 3323 cuiusque,
1248 3239 1344 3322 gloria
1364 3241 1463 3322 ¹quasi

129 3352 255 3414 honoris
278 3367 403 3412 merces.

221 3459 430 3522 Honoremet
453 3455 581 3519 laudem.
628 3455 726 3518 honor
749 3455 904 3538 dignitatis
928 3461 1148 3522 consummatio
1177 3458 1225 3522 vel
1251 3459 1393 3540 privatim
1417 3457 1463 3520 vel

130 3567 266 3652 publice,
291 3565 356 3629 laus
379 3565 512 3628 secunda
537 3566 718 3628 existimatio
744 3576 826 3627 recte
851 3567 1008 3630 lectorum.

84 3695 115 3736 ao
223 3675 411 3739 Familiarem
430 3684 461 3737 et
480 3673 697 3737 familiariorum.
741 3673 885 3738 familiare
906 3675 943 3736 ad
962 3675 1117 3739 dominum
1137 3695 1198 3739 non
1222 3677 1369 3759 retertur,
1393 3693 1462 3738 cum
1533 3739 1536 3748 ,

130 3787 220 3849 amici
240 3783 400 3848 lamiflares
424 3786 499 3867 sint;
525 3783 734 3846 lamiliaricum
759 3783 839 3864 quod
859 3803 947 3845 servo
967 3787 1124 3868 competit,
1144 3793 1178 3848 ut
1197 3803 1301 3866 sagum
1321 3783 1462 3866 gladium.

131 3955 348 3966 ———--—-

222 4057 240 4106 4
266 4047 443 4105 Maritimum
467 4049 547 4105 Beda
575 4054 682 4117 278‚34
706 4093 713 4106 .
738 4047 815 4104 lnior
839 4047 1014 4105 maritimum
1039 4051 1068 4104 al
1091 4050 1231 4106 marinum
1257 4093 1263 4105 .
1287 4047 1463 4105 maritimum

130 4131 293 4205 proximum
311 4129 385 4186 muri
404 4129 544 4200 ostendit,
564 4130 705 4186 marinum
725 4145 759 4186 ex
777 4128 841 4201 ipso
860 4130 933 4187 mari
951 4132 1010 4188 cod.
1031 4131 1123 4188 Morti.

223 4403 241 4451 4
259 4393 435 4452 Maritimam
458 4396 489 4451 et
512 4391 651 4450 marinam
670 4393 704 4448 N
719 4392 924 4450 :Maritimum
944 4425 976 4436 —
997 4395 1083 4452 belua
1107 4411 1159 4452 oen.
1179 4411 1209 4462 s,
1235 4394 1379 4452 maritima
1398 4395 1465 4450 enni

130 4479 198 4535 loca
216 4476 289 4535 mari
307 4476 414 4548 meina,
434 4474 545 4532 marina
563 4474 643 4531 navia
663 4475 709 4532 vel
728 4475 814 4532 belna
827 4477 908 4534 Beda
982 4485 1013 4534 11
1034 4493 1053 4532 a
1071 4493 1155 4533 saevo
1175 4491 1191 4535 s
1211 4493 1229 4532 a
1247 4491 1345 4533 seuero
1359 4475 1411 4531 N:
1427 4478 1464 4545 cf.

132 4560 258 4618 Genua.
277 4559 312 4616 de
329 4559 448 4631 oetlwpr.
465 4576 496 4630 p.
516 4564 602 4630 181,2
687 4563 721 4612 ta
740 4555 798 4631 ara]
818 4576 883 4629 pars
902 4559 937 4615 N
942 4575 960 4620 ς
1043 4564 1077 4615 16
1096 4557 1192 4630 parat]
1212 4556 1288 4629 parit
1306 4557 1391 4614 editio
1410 4559 1463 4612 Aa·

132 4642 267 4699 minna
287 4685 294 4696 .
314 4644 350 4711 cf.
370 4641 476 4698 Doceat.
496 4641 529 4697 in
550 4641 611 4697 Ter.
631 4639 722 4696 Andr.
738 4641 812 4710 prol.
831 4646 868 4697 15
888 4642 1065 4713 vituperant,
1084 4639 1187 4695 vilium
1206 4637 1249 4694 rei
1267 4639 1369 4709 parant

134 4729 169 4780 19
188 4723 318 4795 appellat
336 4722 374 4780 ad
393 4721 584 4795 potentiorem
605 4721 760 4778 Fabricius
834 4729 867 4778 20
887 4723 933 4779 rel
951 4721 1077 4796 invocat]
1098 4723 1131 4777 nl
1144 4721 1291 4779 innocals
1364 4725 1399 4776 23
1418 4719 1465 4776 vel
1509 4722 1512 4728 '

132 4809 200 4943 machmis
219 4821 283 4860 cnm
303 4820 355 4861 om.
374 4805 409 4861 Ν
415 4820 432 4864 ς
515 4809 550 4860 30
569 4801 723 4860 Familiare
742 4805 772 4859 et
791 4803 1011 4864 familiarinms
1094 4809 1127 4860 31
1147 4799 1364 4875 familiariorem]
1384 4800 1464 4857 iami-

200 4902 285 4946 nme
