3590 5486
321 313 386 380 198
795 349 805 366 ,
873 307 1109 370 cnssrononu
1197 289 1200 294 ’

320 427 342 468 ιι.
356 415 412 458 tato
425 415 451 458 P.

321 502 447 565 eandem
473 511 577 564 tenere
602 499 749 586 litteram,
777 512 812 564 ut
835 504 908 564 vivo·
926 499 999 576 vixl,
1030 497 1188 562 sciendum
1213 498 1293 582 quod
1317 502 1408 564 etiam
1432 498 1514 564 lllam
1538 517 1556 560 v
1581 497 1659 563 litte·

322 629 385 674 vam
415 609 548 675 vocalem
576 629 632 694 pro
662 619 847 674 consonante
879 607 1009 672 habeant
1036 610 1068 671 in
1096 609 1256 691 scriptura.
1302 609 1328 670 si
1356 627 1428 672 vero
1458 609 1661 693 praeteritum

323 737 415 802 supra
439 717 554 784 dictum
582 721 613 781 ln
643 717 696 782 bui
727 727 779 782 aut
801 721 831 781 iri
857 719 884 782 si
907 728 958 782 aut
983 719 1014 781 ln
1036 718 1085 800 psl
1108 713 1236 800 syllabas
1260 715 1391 802 desinat,
1421 737 1477 802 per
1500 715 1662 780 b·mutam

324 829 390 892 sine
410 825 502 891 dubio
521 826 705 912 scribentur,
720 839 755 892 ut
773 811 904 911 praebeo
924 825 1061 913 praebui,
1074 825 1164 890 labeo
1184 828 1268 910 iussi,
1283 824 1384 890 scribo
1399 829 1508 910 scripsi
1526 845 1563 891 ao
1582 825 1661 890 talia.

414 934 512 999 Credo
541 939 631 999 etiam
659 935 698 998 de
723 935 823 1000 verbis
852 935 929 998 banc
953 935 1089 1018 regulam
1113 953 1168 998 nos
1192 933 1312 998 dedisse
1341 933 1562 1020 plenissimam,
1591 953 1688 999 cums

324 1045 592 1126 temporis'omnis
616 1045 774 1128 praeteriti
797 1045 969 1127 imperfecti
993 1043 1129 1108 ultimam
1153 1042 1309 1128 syllabam,
1340 1042 1421 1107 modi
1445 1044 1561 1108 scilicet
1584 1041 1660 1107 iudi·

325 1153 427 1235 cativi,
455 1171 511 1235 per
534 1150 554 1215 b
578 1163 709 1238 mutam,
737 1161 772 1216 ut
795 1151 930 1216 amabam
954 1150 1107 1216 volvebam
1113 1200 1123 1231 ,
1147 1161 1178 1216 et
1200 1153 1358 1236 praeteriti
1381 1153 1510 1234 perlecti
1534 1152 1661 1216 eandem

326 1259 461 1326 ultimam
476 1269 507 1324 et
525 1259 815 1346 plusquamperfectl
833 1261 1048 1346 paenultimam
1067 1280 1155 1344 perv
1172 1260 1304 1324 vocalem
1325 1261 1391 1324 loco
1411 1263 1539 1344 positam
1554 1279 1662 1324 conso·

326 1371 440 1454 nantis,
468 1378 502 1433 ut
525 1371 619 1433 amavi
643 1377 826 1448 amaveram,
854 1371 931 1434 rolri
956 1368 1105 1434 solveram
1135 1363 1248 1455 (lutari
1272 1389 1394 1454 quoquc
1418 1369 1555 1434 eiusdem
1579 1373 1665 1433 modi

327 1481 490 1562 terminus,
519 1482 544 1543 si
572 1481 687 1561 primae
711 1490 742 1542 et
766 1480 916 1544 secundae
942 1482 1110 1562 tertiaeque
1133 1478 1299 1562 productae
1324 1481 1545 1561 coniugationis
1570 1480 1661 1542 rerba
1677 1502 1701 1542 ιιι

327 1588 454 1671 laverint,
471 1605 527 1669 per
546 1586 565 1649 b
585 1595 699 1651 mutam
717 1587 884 1672 scribetur,
904 1600 938 1651 ut
957 1605 1024 1651 amo
1043 1586 1163 1672 amabo,
1182 1606 1256 1651 roco
1276 1587 1403 1672 rocabo,
1422 1587 1517 1652 doceo
1536 1587 1664 1672 docebo,

327 1713 436 1758 moneo
466 1695 609 1781 monebo,
636 1699 739 1760 nutrio
770 1696 907 1775 nutribo,
940 1695 1029 1760 audio
1058 1689 1200 1782 audibo),
1233 1707 1264 1760 et
1292 1696 1478 1760 subiunctivi
1507 1715 1562 1760 seu
1592 1715 1662 1762 con-

327 1804 455 1868 iuuctivl
479 1803 599 1868 ultimas
618 1823 674 1888 per
693 1824 710 1866 v
731 1806 862 1868 vocalem
882 1824 937 1888 pro
957 1815 1142 1869 consonante
1161 1804 1255 1869 scribi
1274 1803 1386 1868 debere
1407 1807 1547 1888 antiquos
1572 1804 1663 1869 tradi·

328 1911 409 1976 disse
429 1915 653 1999 cognoscimus,
677 1926 711 2000 ut
735 1915 849 1979 volvam
869 1913 1020 1978 volverem
1041 1913 1185 1976 volverim
1205 1913 1364 1977 volvissem
1383 1913 1504 1977 volvero
1526 1933 1561 1978 ac
1585 1913 1678 1998 talia,

329 2038 436 2084 eornm
461 2021 577 2086 scilicet
605 2023 781 2109 verborum,
809 2042 940 2107 quorum
968 2025 1065 2106 prima
1092 2041 1222 2106 persona
1246 2033 1298 2086 ant
1322 2043 1338 2082 v
1362 2021 1496 2086 vocalem
1522 2021 1665 2088 babuerit
1679 2044 1705 2085 rs

330 2148 386 2214 pro
410 2139 596 2194 consonante
619 2135 650 2196 ln
675 2133 778 2197 ultima
801 2131 926 2217 syllaba,
950 2142 983 2195 ut
1007 2131 1072 2194 levo
1091 2133 1191 2214 privo,
1215 2139 1268 2194 aut
1290 2134 1413 2214 penitus
1432 2131 1538 2194 eadem
1561 2131 1663 2195 littera

329 2257 390 2302 nou
415 2247 592 2324 apparente,
620 2241 726 2306 codem
755 2242 821 2305 loco
846 2239 962 2305 scilicet
992 2237 1157 2321 eademque
1182 2258 1326 2324 persona,
1353 2250 1388 2303 ut
1409 2239 1511 2303 habito
1536 2239 1665 2304 ltiberno

330 2365 397 2410 amo
421 2346 515 2412 doceo
539 2367 574 2412 ao
598 2349 675 2413 taira.
714 2369 782 2415 nam
802 2367 879 2432 quae
903 2347 1058 2411 habebunt
1081 2348 1100 2410 b
1120 2357 1234 2411 mutam
1252 2350 1284 2412 lu
1303 2351 1400 2431 prima
1424 2367 1553 2432 persona
1579 2368 1664 2432 prae·

404 2529 417 2580 1
435 2522 639 2595 sciendumque
654 2524 742 2582 aban
755 2524 836 2582 illam
846 2524 875 2580 B
889 2522 1036 2580 sciendum
1047 2523 1124 2594 qnod
1138 2523 1256 2581 iilamA
1271 2523 1475 2596 sciendumque
1489 2527 1534 2581 eat
1547 2522 1628 2580 illem
1644 2523 1670 2580 0

367 2603 499 2661 thabeel
511 2603 540 2660 B
596 2611 613 2660 o
627 2603 787 2677 imperfecti
803 2636 837 2648 -
853 2612 869 2661 i
884 2604 1032 2677 praeteriti
1044 2605 1166 2664 otredo
1220 2605 1414 2680 irolaebam]
1429 2605 1563 2663 nolebam
1578 2604 1629 2664 sB

332 2693 349 2742 a
369 2684 495 2741 eiusdem
512 2683 651 2742 terminus
671 2687 721 2746 ςΒ
740 2687 868 2744 eiusdem
886 2687 1023 2744 terminos
1043 2685 1103 2743 AO
1175 2692 1206 2741 11
1232 2686 1320 2758 perb
1344 2687 1455 2742 mulam
1479 2683 1620 2743 scribetur
1638 2687 1667 2743 B

331 2782 382 2840 par
399 2765 418 2821 b
438 2767 549 2823 mntem
567 2767 725 2825 scribentur
744 2769 793 2829 §A
812 2783 864 2840 per
882 2768 900 2824 b
920 2770 1029 2824 mutam
1047 2765 1136 2824 narba
1155 2767 1315 2824 scribentur
1334 2765 1359 2824 0
1422 2773 1456 2824 14
1475 2767 1590 2824 solvam
1605 2767 1666 2825 vol·

331 2847 439 2920 vorem]
459 2845 594 2920 nolebam
612 2848 759 2906 nolueram
778 2848 829 2909 sB
847 2848 950 2906 uolabo
969 2849 1117 2906 nolueram
1135 2849 1195 2906 ΔΟ
1266 2845 1431 2920 volvissem]
1451 2847 1577 2905 noluisse
1595 2847 1624 2904 B

334 2936 368 2987 tt
386 2933 420 2985 nt
438 2921 600 3002 leno'iprino
614 2933 665 2987 aul
683 2930 796 3004 penitus
811 2929 912 2986 adem
930 2930 1030 2987 littera
1048 2929 1102 2990 ςΒ
1121 2935 1154 2987 ut
1172 2929 1254 3003 prino
1269 2945 1306 2986 an
1321 2927 1435 3000 penitus
1449 2927 1569 2986 eandem
1588 2927 1667 2986 titte-

331 3027 394 3068 ram
413 3009 440 3066 A
457 3009 549 3082 prino.
569 3027 595 3068 a
613 3013 728 3083 penitas
748 3011 866 3070 eandem
885 3012 1014 3069 litteram
1034 3011 1059 3068 0
1131 3018 1163 3068 tt
1184 3011 1285 3069 eodem
1303 3009 1414 3070 scilieet
1431 3011 1495 3067 loco
1513 3009 1573 3068 AG

794 3263 981 3322 manmit
999 3263 1048 3320 Dic
1068 3265 1091 3320 B
1111 3265 1159 3320 ET
1179 3263 1205 3320 V

379 3469 382 3474 >
425 3433 523 3497 Credo
547 3435 638 3498 etiam
662 3435 698 3498 de
724 3434 823 3498 verbis
847 3433 924 3498 bane
949 3434 1084 3517 regulam
1108 3433 1227 3497 dedisse
1252 3414 1471 3518 plenissimam,
1497 3451 1567 3497 cum
1593 3443 1667 3496 tem·

333 3545 417 3626 poris
440 3545 539 3606 omnis
563 3545 719 3624 praeteriti
743 3545 914 3627 imperfecti
945 3544 1079 3608 ultimam
1104 3543 1246 3626 syllabam
1270 3543 1352 3608 nrodi
1375 3543 1492 3606 sedicet
1514 3542 1669 3606 indicativi

334 3669 389 3734 per
413 3651 432 3712 b
457 3661 570 3715 mutam
596 3651 732 3734 [scribi],
756 3662 790 3714 ut
813 3651 949 3715 amabam
969 3651 1135 3736 volvebam,
1159 3661 1190 3714 et
1213 3653 1369 3734 praeteriti
1393 3652 1520 3734 perlecti
1541 3653 1669 3715 eandem

335 3759 470 3823 nltimam
486 3769 516 3822 ct
535 3758 825 3842 plusquanaperlecti
844 3761 1058 3844 paenultimam
1077 3779 1132 3843 per
1147 3780 1164 3820 r
1179 3762 1312 3823 vocalem
1331 3759 1397 3823 loeo
1416 3763 1546 3844 positam
1560 3779 1667 3826 conso·

334 3871 449 3950 nantis,
478 3877 512 3931 ut
534 3871 627 3930 amavi
651 3887 834 3952 amaveram,
863 3868 939 3932 volvi
963 3868 1126 3950 volverem,
1156 3868 1249 3930 luturi
1281 3887 1403 3950 utroque
1428 3870 1563 3933 eiusdem
1588 3871 1697 3933 modia

335 3979 514 4061 terminum,
537 3978 564 4039 sl
583 3978 613 4038 in
634 3976 672 4038 bo
693 3975 823 4059 desinat,
842 3996 897 4057 per
916 3977 935 4039 b
955 3985 1083 4058 mutam,
1108 3985 1142 4038 ut
1161 3976 1266 4038 amabo
1286 3975 1415 4062 docebo,
1434 3987 1466 4042 et
1484 3977 1670 4042 subiunctivi

335 4103 391 4148 seu
414 4087 599 4149 coniunctivi
623 4084 744 4149 ultimas
768 4094 799 4147 et
821 4085 1022 4166 paenultimas
1045 4103 1101 4166 per
1120 4103 1136 4143 v
1157 4085 1289 4148 vocalem
1313 4101 1369 4168 pro
1388 4095 1573 4150 consonante
1592 4087 1668 4148 auti·

335 4213 413 4277 quos
436 4193 530 4258 scribi
555 4193 714 4258 tradidisse
733 4195 960 4277 cognoscimus,
983 4203 1018 4256 ut
1043 4194 1156 4256 volvam
1176 4194 1326 4257 volverem
1346 4193 1489 4258 volverint
1510 4193 1668 4257 volvissem

335 4303 456 4366 volvero
485 4322 519 4366 ac
549 4303 630 4386 talia,
658 4321 765 4366 eorum
789 4301 906 4364 scilicet
935 4301 1110 4384 verborum,
1139 4321 1269 4383 (pirorum
1297 4305 1394 4386 prima
1423 4319 1553 4386 persona
1576 4310 1669 4365 autu

338 4413 470 4476 vocalem
504 4411 645 4475 babuerit
676 4429 731 4494 pro
761 4421 947 4474 consonante
976 4413 1007 4473 iu
1036 4411 1140 4475 ultima
1169 4411 1292 4494 syllaba,
1327 4387 1360 4473 u't
1387 4411 1453 4474 levo
1485 4411 1586 4494 privo,
1618 4420 1670 4474 aut
1686 4427 1714 4468 ro

337 4524 460 4605 penitus
488 4521 593 4584 eadem
622 4521 721 4584 littera
750 4523 781 4584 in
810 4521 917 4584 eodem
945 4521 1011 4584 loco
1041 4521 1176 4584 eiusdem
1201 4541 1261 4584 non
1292 4519 1424 4602 iulgeute
1450 4537 1612 4603 personae,
1637 4527 1671 4582 ut

411 4703 428 4752 2
442 4695 603 4767 imperfecti
618 4712 668 4752 aava.
681 4697 720 4765 N,
735 4697 801 4753 add.
816 4695 845 4751 P
896 4701 912 4750 at
927 4694 1012 4752 scribi
1027 4711 1077 4752 om.
1096 4696 1124 4751 P
1178 4703 1194 4752 o
1209 4694 1389 4752 terminantia
1404 4693 1434 4750 in
1450 4695 1486 4752 bo
1500 4693 1633 4752 desinant
1646 4695 1676 4752 P

376 4777 496 4850 docebo]
513 4777 587 4834 dabo
607 4777 635 4833 P
688 4785 844 4850 aquarum
859 4777 952 4850 prium
967 4777 1066 4848 Pqno
1081 4778 1222 4850 exprime
1240 4777 1274 4832 N
1325 4781 1359 4831 10
1379 4778 1430 4831 aut
1444 4775 1556 4848 ponitus
1571 4775 1672 4834 eadem

338 4857 437 4915 littera
455 4858 484 4914 ln
504 4857 624 4916 eundem
643 4859 739 4916 locum
758 4859 787 4914 P
802 4875 838 4914 an
857 4857 971 4930 penitus
991 4858 1111 4915 eandem
1129 4857 1256 4914 litteram
1276 4855 1305 4913 in
1325 4857 1446 4913 eundem
1465 4856 1561 4913 locum
1579 4855 1613 4912 N
