3610 5482
339 323 381 390 78
885 323 987 382 Vl'iisss
1005 323 1124 382 LONGI

337 439 359 476 p.
373 428 434 470 raso.
449 427 474 468 ιι
489 426 514 468 e.

338 513 405 574 dam
428 512 505 574 hano
525 530 544 574 n
564 511 704 594 litteram,
727 529 818 592 quam
837 513 930 576 sonus
949 513 1166 574 enuntiationis
1185 513 1306 574 insistit
1344 529 1413 574 nam
1433 512 1570 592 quamvis
1588 509 1673 572 idem
1791 523 1799 564 ι·

339 624 427 684 dicut
444 640 505 684 non
525 641 592 684 esse
612 619 795 684 onerandam
814 620 1138 703 supervacuislitteris
1158 623 1364 703 scriptionem,
1383 639 1491 684 rursus
1511 638 1570 682 uon
1588 619 1673 680 lrau·
1791 635 1799 656 ι

338 728 470 793 dandum
494 748 603 792 sonum
627 732 780 811 existimo,
808 747 878 792 cum
901 738 932 792 et
955 728 1050 792 levior
1073 727 1110 792 ad
1134 747 1224 791 aures
1248 737 1279 792 et
1301 728 1419 809 plenior
1442 731 1557 812 veniat,
1580 737 1615 790 ut
1637 728 1675 789 ιιι
1790 743 1799 782 ι

338 837 509 901 abstinente
533 859 548 902 s
571 841 751 902 arcessitum
775 846 822 900 est
845 845 876 898 et
899 840 931 900 in
955 837 1069 901 ambitu
1093 835 1121 900 b.
1165 839 1205 900 sit
1229 856 1301 919 ergo
1324 837 1396 900 licet
1419 841 1557 919 coniugis
1579 855 1675 918 gene·

340 947 399 1006 tivo
423 964 495 1009 casu
520 955 550 1008 et
574 948 701 1029 seiugis,
729 947 840 1008 coniux
870 955 970 1007 tamen
995 955 1025 1008 et
1048 949 1134 1008 seius
1164 944 1317 1008 subtracta
1342 964 1362 1006 n
1386 945 1492 1020 littera,
1509 956 1541 1008 et
1563 944 1710 1008 diffisi-s

339 1051 397 1114 llus
421 1053 629 1118 enuntiabitur
653 1063 683 1116 et
707 1057 845 1135 asperius
870 1053 994 1116 auribus
1018 1054 1143 1116 accidet.
1181 1072 1252 1116 sane
1276 1052 1327 1116 illo
1351 1053 1499 1116 catholico
1523 1073 1555 1116 se
1580 1051 1675 1116 Nisus

339 1169 457 1244 tuetur,
485 1180 546 1244 quo
573 1162 647 1224 dicit
670 1165 701 1225 in
725 1161 978 1224 declinationibus
1002 1180 1167 1239 numquam
1192 1181 1211 1223 ιι
1236 1161 1367 1223 litteram
1391 1163 1506 1246 perire,
1532 1180 1608 1244 quae
1633 1163 1677 1224 sit

339 1271 370 1330 in
394 1271 500 1352 primis
523 1269 733 1352 positionibus,
758 1279 791 1332 ut
815 1267 933 1351 pudens
957 1269 1109 1352 pudentis,
1132 1269 1267 1350 prudens
1291 1267 1466 1352 prudentis,
1488 1269 1600 1334 decens
1621 1269 1675 1332 de·

339 1381 446 1440 centis.
486 1382 526 1441 ita
551 1381 577 1442 si
601 1381 711 1442 coniux
736 1377 825 1442 babet
850 1397 869 1440 ιι
893 1377 1039 1461 litteram,
1063 1381 1284 1462 necessarlum,
1308 1380 1421 1463 iuqtrit,
1444 1380 1504 1441 erit
1526 1387 1560 1441 ut
1583 1396 1676 1460 gene·

1797 851 1799 910 l

341 1487 419 1548 tirus
443 1505 564 1568 quoqne
585 1505 604 1548 ιι
625 1486 756 1549 litteram
780 1485 896 1548 habeat.
935 1488 992 1548 etsi
1011 1486 1041 1548 id
1062 1504 1183 1567 quoque
1203 1487 1268 1567 ipse
1288 1495 1426 1567 spectare
1451 1485 1564 1567 debuit,
1589 1503 1728 1548 num-1⁰
1796 1529 1799 1554 ι

339 1593 412 1674 quid
441 1593 640 1676 amphiboliae
669 1593 817 1656 tollendae
846 1596 941 1676 gratia
969 1595 1158 1657 consuetudo
1183 1613 1202 1656 ιι
1226 1593 1360 1658 litteram
1389 1597 1539 1678 omiserit,
1569 1614 1609 1656 ne
1635 1598 1680 1656 sit

340 1699 528 1782 ambiguum,
557 1710 659 1764 utrum
684 1700 722 1762 ab
745 1719 782 1763 co
805 1701 886 1782 quod
911 1712 957 1766 est
981 1705 1113 1765 coniunx
1138 1702 1288 1785 trahatur,
1317 1713 1352 1766 nt
1374 1707 1415 1766 sit
1437 1722 1453 1765 a
1477 1705 1614 1784 nomine,
1638 1721 1679 1764 an
1798 1737 1799 1774 ι

341 2024 528 2108 ιΙιιιιιιοιιιι,
553 2025 876 2088 manifestumcstvel
897 2024 1011 2108 erbis,
1034 2023 1114 2106 quod
1139 2025 1236 2106 linger
1260 2026 1389 2090 dicimus
1413 2036 1445 2088 et
1467 2037 1566 2090 tamen
1586 2025 1678 2088 lictus
1697 2042 1729 2082 ιι»

341 2143 372 2196 et
395 2136 504 2216 pingor
528 2143 559 2195 et
582 2143 682 2196 tamen
707 2136 816 2214 pictus.
855 2153 991 2196 necnon
1012 2136 1126 2216 etipsa
1147 2154 1165 2196 ιι
1185 2135 1285 2196 littera
1304 2137 1335 2196 in
1356 2135 1457 2197 locum
1478 2133 1482 2214 Ι
1504 2153 1534 2196 ιιι
1553 2138 1679 2196 litterae

341 2235 487 2324 succedit,
511 2249 546 2302 ut
565 2261 634 2304 cum
658 2242 788 2304 dicimus
812 2241 1042 2323 clandestinum,
1066 2259 1136 2304 cum
1156 2243 1192 2304 ab
1212 2261 1248 2304 eo
1268 2242 1405 2305 trabatur
1425 2241 1506 2324 quod
1525 2251 1571 2304 est
1590 2239 1679 2324 clam,

344 2352 417 2412 item
441 2353 582 2433 sinciput,
607 2351 687 2433 quod
714 2361 761 2413 est
785 2353 959 2432 semicaput
1002 2349 1055 2412 sed
1080 2368 1140 2412 ιιιιι
1164 2349 1278 2432 ubique
1301 2350 1509 2414 obtinendum.
1553 2367 1622 2412 nam
1647 2359 1680 2412 et

343 2476 403 2520 non
428 2475 593 2539 numquam
617 2458 736 2540 plenius
761 2476 856 2540 pern
879 2475 969 2539 ιιιιιιιι
993 2475 1049 2538 per
1067 2476 1098 2519 m
1121 2460 1307 2539 enuntiatur,
1331 2468 1365 2521 ut
1388 2477 1458 2521 cum
1482 2455 1549 2520 dico
1574 2453 1679 2519 ‘etiam

342 2561 450 2649 nnnc',
480 2567 614 2647 quamvis
641 2584 696 2648 per
720 2585 749 2628 m
774 2565 918 2649 scribam,
948 2568 1050 2628 nescio
1079 2585 1139 2647 quo
1169 2564 1258 2627 modo
1287 2575 1387 2629 tamen
1417 2568 1587 2648 exprimere
1617 2583 1679 2627 non
1697 2581 1730 2621 so

342 2691 476 2755 possum.
519 2673 673 2755 sequenda
697 2683 744 2736 est
768 2692 839 2736 vero
863 2691 1114 2754 nonnumquam
1145 2673 1290 2754 elegantia
1320 2673 1509 2738 eruditorum
1533 2676 1680 2755 virorum,

435 2847 527 2904 Oodeu
549 2847 701 2903 Parrhasii
751 2846 867 2904 tdieat
886 2863 936 2904 om.
1030 2852 1046 2902 3
1066 2845 1199 2902 neniatnr
1217 2847 1247 2902 in
1266 2845 1429 2904 abstinente
1449 2847 1616 2904 ιιιιιιιιιιιιι
1635 2849 1682 2903 ιιι

342 2929 424 2986 utin
442 2927 616 2985 ambitumb
635 2926 660 2982 si
679 2943 748 2999 erga
766 2927 835 2983 licet
909 2933 1100 2999 enumquam
1116 2946 1135 2982 ιι
1149 2944 1201 2985 om.
1276 2928 1499 2985 inacessariam
1515 2929 1609 3002 inquit
1623 2931 1681 2986 erit

343 3011 374 3065 et
391 3009 537 3082 genitinus
558 3025 671 3080 quoqne
690 3026 710 3063 n
733 3009 862 3065 litteram
886 3009 992 3066 babeat
1011 3013 1043 3065 nt
1066 3011 1104 3066 sit
1123 3011 1199 3082 quod
1223 3009 1316 3082 ipsam
1340 3011 1470 3080 spectare
1489 3009 1590 3067 debuit
1613 3027 1681 3067 nam

344 3091 414 3162 qnid
433 3089 625 3164 amphilogiae
645 3091 725 3160 (corr.
744 3092 777 3146 ιἰι
795 3107 881 3163 marg.
902 3088 1097 3162 amphiboliae
1116 3094 1141 3160 c)
1166 3090 1311 3147 tollendae
1337 3090 1446 3162 gratim
1466 3091 1642 3148 consuetudo
1661 3111 1682 3148 n

343 3171 470 3228 litteram
491 3170 639 3228 omiserint
658 3172 826 3244 ambiguum
901 3178 933 3227 12
953 3175 987 3228 ut
1004 3187 1022 3224 a.
1035 3172 1149 3227 nomine
1225 3177 1259 3227 14
1273 3171 1388 3243 utique]
1409 3171 1522 3242 utrique
1598 3179 1631 3228 16
1651 3177 1683 3230 et

343 3255 440 3324 tumen
458 3252 581 3324 pinguor
600 3254 629 3308 ιι
648 3255 744 3308 tamen
763 3253 857 3325 pictus
877 3251 911 3308 0:
930 3253 1028 3307 tamen
1044 3253 1142 3323 priore
1160 3253 1218 3309 loco
1237 3253 1409 3323 expunctio
1486 3250 1631 3310 inlocum
1651 3271 1682 3308 m

344 3333 419 3390 redit
503 3339 536 3396 ιθ
556 3333 740 3390 obtinendam
826 3339 858 3394 19
877 3333 910 3387 ut
929 3331 1005 3404 cum]
1025 3349 1059 3388 ac
1078 3335 1141 3387 tum
1223 3339 1256 3388 21
1277 3333 1404 3405 possum]
1424 3335 1544 3403 possunt
1624 3335 1682 3391 ele·

347 3413 475 3486 gantiam

439 3556 454 3605 1
474 3551 574 3622 quam]
595 3546 700 3620 quali
787 3549 862 3604 Nam
882 3550 1012 3620 quamuis
1030 3549 1107 3605 idem
1126 3547 1168 3604 ait
1187 3565 1243 3605 non
1263 3567 1326 3606 esse
1345 3549 1519 3606 onerandam
1536 3548 1577 3606 R:
1597 3551 1632 3618 cf.
1651 3568 1682 3622 p.

348 3637 393 3699 55,
408 3635 426 3687 3
439 3634 548 3703 negant
562 3629 735 3687 onerandam
750 3629 880 3700 pluribus
895 3630 999 3686 litteris
1015 3628 1200 3700 scriptionem
1274 3637 1290 3686 ι
1305 3647 1363 3686 non
1377 3628 1566 3686 haudandum
1580 3648 1683 3688 sonum

346 3711 479 3768 existimo
498 3712 556 3768 suis
575 3712 679 3768 litteris
699 3712 866 3768 Schmitsius
884 3712 956 3766 stud.
977 3713 1096 3782 orihoep.
1116 3727 1144 3780 p.
1164 3716 1203 3767 12
1222 3727 1256 3768 sc
1276 3710 1450 3770 Cossiodoso's'
1467 3715 1603 3782 excerptis

347 3800 363 3849 a
383 3795 416 3848 nt
434 3794 463 3849 in
483 3793 645 3849 abstinente
662 3793 829 3850 arcessitum
848 3793 906 3861 est,
924 3791 1006 3847 utin
1020 3790 1161 3847 ambitum
1176 3790 1206 3846 B.
1236 3792 1259 3848 si
1278 3809 1346 3864 ergo
1366 3794 1435 3850 licet
1453 3794 1582 3866 coniugis
1602 3793 1683 3864 geni-

349 3873 410 3930 tiuo
431 3873 510 3929 ιιιιιι
528 3873 564 3930 R.
593 3873 624 3929 in
642 3874 788 3931 abstinens
841 3872 1009 3930 mcessitum
1027 3873 1069 3928 oei
1087 3871 1117 3927 in
1137 3871 1297 3928 abstinente
1321 3874 1490 3931 arcessitum
1509 3877 1553 3932 est
1571 3893 1584 3930 s
1604 3873 1683 3930 Gom·

347 3955 466 4010 melinus
557 3959 573 4008 7
596 3954 627 4010 in
651 3953 889 4011 declinationibus
912 3952 1040 4008 litteram
1059 3952 1152 4023 perire
1170 3951 1213 4022 tt,
1237 3954 1266 4008 ιιι
1286 3953 1526 4011 declinationibus
1551 3953 1684 4010 litteram

347 4051 404 4091 non
422 4035 516 4106 perire
531 4036 638 4091 Iunius
710 4040 727 4090 8
747 4033 850 4090 decens
869 4033 996 4090 decentis
1009 4033 1104 4090 osuit
1178 4041 1195 4090 ι
1215 4035 1259 4090 Ιιι
1278 4035 1302 4090 ιι
1322 4037 1444 4091 coniunx
1462 4036 1552 4092 babet
1565 4053 1583 4090 n
1602 4034 1683 4090 litte·

348 4133 423 4187 ram,
442 4115 746 4186 necessariumg'nqnit
764 4115 832 4184 erit,
852 4117 882 4170 et
900 4114 1044 4184 genitium
1065 4133 1179 4187 quoqne
1198 4135 1216 4171 ιι
1236 4117 1362 4173 litteram
1380 4116 1500 4186 babeat,
1519 4119 1552 4171 ut
1569 4114 1608 4172 sit
1625 4131 1684 4185 quo

348 4199 412 4270 ipsa
426 4201 554 4270 spectare
569 4195 681 4252 debuit:
700 4212 768 4250 nam
783 4196 859 4265 quod
877 4194 1072 4266 amphiboliae
1087 4196 1230 4254 tollendae
1250 4198 1346 4270 gratia
1365 4195 1539 4254 consuetudo
1562 4213 1581 4250 n
1606 4195 1685 4251 litte·

348 4295 411 4334 rem
429 4279 572 4346 omiserit,
592 4277 772 4348 ambignum:
790 4295 889 4334 verum
908 4278 945 4333 ab
964 4295 997 4335 eo
1017 4279 1094 4350 qnod
1113 4281 1157 4336 est
1176 4280 1299 4336 coniunx
1323 4277 1454 4333 trabatur
1473 4281 1507 4334 ut
1531 4293 1549 4332 a
1567 4278 1685 4333 nomine

350 4377 386 4416 au
401 4361 532 4428 averto,
548 4357 624 4428 qnod
643 4363 687 4414 est
700 4358 856 4430 coniunge,
875 4375 932 4415 non
947 4376 1017 4416 esse.
1047 4361 1119 4417 Item
1135 4361 1207 4417 illud
1221 4379 1333 4428 verum,
1354 4358 1430 4428 quod
1444 4357 1562 4429 qnidam
1576 4359 1686 4429 putant

350 4440 518 4496 seruandam
539 4456 600 4496 esse
619 4439 732 4511 utrique
751 4458 770 4495 n
788 4440 917 4498 litteram
936 4439 976 4508 R,
1000 4441 1051 4496 ubi
1074 4439 1241 4512 ambignum
1260 4443 1355 4497 utrum
1373 4440 1410 4495 ab
1435 4439 1610 4495 smibesaduso
1628 4455 1686 4494 ease

350 4525 458 4580 monuit
478 4521 661 4579 Commeis'nua
752 4527 786 4577 14
809 4523 909 4593 utique
932 4522 1108 4578 senbnsdusu
1126 4537 1181 4576 esse
1199 4522 1272 4578 uidit
1290 4521 1427 4576 Serninus
1515 4527 1549 4576 16
1568 4519 1684 4591 pingor]

351 4603 473 4677 pinguor
490 4601 532 4674 R,
550 4601 654 4677 pingor
673 4601 857 4658 Gosumeis'mss
929 4601 1072 4658 inlocum
1091 4621 1120 4659 m
1139 4603 1215 4659 redit
1232 4603 1260 4657 R
1335 4608 1368 4657 ts
1388 4601 1552 4658 enuntiatur
1568 4617 1602 4656 ac
1620 4603 1685 4656 tum

351 4685 414 4742 dico
434 4685 521 4741 etiam
539 4694 614 4741 nnnc
632 4683 674 4751 R,
693 4684 743 4739 ubi
762 4701 826 4740 cnm
845 4683 909 4739 dico
928 4682 1016 4738 etiem
1034 4701 1108 4739 nnnc
1135 4685 1177 4739 oei
1200 4682 1356 4739 etiamnum
1375 4681 1518 4752 lepnsdum
1537 4682 1686 4738 summoti

259 4775 261 4780 “
353 4765 535 4822 Οιιιιιιιιιιιιιιι
584 4765 625 4821 'ib
644 4782 701 4821 non
719 4765 830 4837 possint
843 4763 879 4832 R,
898 4779 955 4819 non
970 4765 1078 4834 possim
1095 4765 1278 4822 comantibus
1332 4768 1367 4817 21
1388 4761 1534 4832 sequenda
1549 4763 1594 4818 est
1613 4780 1686 4820 non·

352 4863 497 4917 nunquam
517 4845 660 4918 elegantia
679 4847 866 4914 eruditorum,
886 4843 962 4916 quod
982 4847 1120 4914 quasdam
1139 4847 1167 4902 R

241 1863 244 1868 .
343 1806 476 1870 arerbo
496 1807 576 1890 quod
597 1817 643 1871 est
666 1811 827 1890 coniunge.
865 1828 926 1872 nou
950 1828 1018 1872 esse
1037 1813 1111 1874 item
1134 1809 1207 1872 illud
1232 1829 1347 1894 rerum,
1371 1810 1451 1893 quod
1476 1811 1597 1892 quidam
1621 1829 1678 1892 pu·
1798 1847 1799 1884 ι

341 1925 416 2001 taut,
439 1917 616 1980 servandam
640 1935 707 1980 esse
732 1921 838 2000 utique
862 1935 882 1980 ιι
906 1916 1038 1980 litteram
1061 1937 1078 1979 a
1101 1920 1198 1999 prima
1226 1921 1376 2000 positione
1401 1938 1457 2001 per
1484 1929 1601 1994 ceteras
1624 1917 1679 1980 de·
1798 1963 1799 1988 ι
