3564 5482
605 329 677 388 Alis
696 325 945 387 aaronitae
1158 399 1160 406 Ι
1371 327 1436 394 391

103 435 264 489 umam

104 523 199 589 arbor
222 541 331 606 pocus,
354 539 432 602 quae
455 537 511 584 nos
535 519 703 604 corporalia
726 536 884 602 vocamus3
908 517 964 581 alia
988 537 1065 601 quac
1090 539 1110 582 a
1134 519 1313 602 quibusdam
1338 519 1437 602 appel·

83 634 236 698 slationes
260 631 404 694 dicuntur
428 639 459 692 et
482 637 553 693 suut
576 627 793 712 incorporalia,
825 644 902 710 quae
930 626 1086 692 intellectu
1110 637 1228 694 lantum
1251 629 1341 694 motio
1368 649 1437 712 per·

104 745 278 826 cipiantur,
306 759 413 804 rerum
441 757 540 820 noque
570 737 665 800 rideri
693 756 751 800 nec
778 739 860 820 tangi
891 747 1033 820 possunt,
1062 747 1095 800 ut
1124 749 1172 802 cst
1198 741 1295 822 pictas
1323 740 1437 802 iustitia

104 852 203 915 dacus
226 849 357 934 dignitas
381 847 519 912 facundia
543 846 689 908 doctriua.
736 864 770 909 ea
794 865 850 909 nos
874 845 1049 928 appellativa
1073 846 1210 911 dicimus.

78 976 90 1018 ι
198 957 320 1022 Nemini
343 957 486 1021 accidunt
508 953 598 1038 haec,
622 954 749 1036 qualitas
772 974 869 1037 genus
893 955 988 1037 ligura
1009 973 1156 1020 numerus
1176 976 1272 1021 casus
1311 957 1438 1040 qualitas

104 1078 154 1132 est
173 1086 236 1149 quta
254 1065 453 1150 intellegitur,
471 1065 630 1146 proprium
649 1065 688 1126 sit
706 1081 817 1126 nomen
837 1082 875 1126 an
894 1062 1114 1146 appellativum
1152 1083 1263 1147 genera
1282 1068 1438 1132 nominum

104 1186 179 1241 sunt
200 1175 269 1259 1111,
293 1173 492 1238 masculinum
517 1172 694 1235 femininum
718 1181 863 1236 ανιιίονκι
882 1163 1049 1236 commane.
1081 1179 1285 1238 masculinam
1304 1185 1350 1240 est
1367 1169 1435 1260 cuii

101 1288 315 1366 praeponitur
337 1286 403 1362 itia,
427 1291 461 1346 at
484 1285 536 1345 itio
555 1290 759 1362 praeceptor:
784 1281 967 1360 fernininum
991 1291 1038 1346 ost
1061 1284 1112 1346 cui
1134 1287 1333 1367 praeponitur
1355 1285 1439 1368 hacc,

104 1405 141 1459 ut
163 1395 241 1458 haec
265 1393 381 1456 schola:
405 1401 547 1455 neutrum
571 1399 617 1454 est
640 1393 690 1454 cui
713 1394 910 1474 praeponitur
934 1390 1005 1475 hoc,
1029 1401 1064 1454 ut
1085 1391 1144 1456 hoc
1168 1395 1328 1458 scrinium:
1356 1413 1437 1458 com·

69 1523 94 1564 ιο
107 1523 203 1568 mune
223 1513 270 1566 est
288 1505 339 1566 cui
360 1502 559 1586 praeponitur
582 1495 632 1563 hic
652 1508 683 1562 et
701 1499 774 1564 ltaea
794 1509 825 1564 et
845 1501 914 1584 hoc,
938 1510 972 1564 ut
994 1504 1047 1564 itio
1070 1509 1100 1564 et
1122 1503 1201 1566 ltaac
1224 1512 1256 1566 et
1277 1505 1337 1568 ltoc
1360 1503 1439 1566 ielix.

108 1622 183 1677 sunt
207 1621 238 1676 et
260 1613 446 1695 promiscua,
470 1627 546 1692 quiae
570 1607 678 1683 Graeci
701 1603 855 1673 ἐπίκοινα
879 1609 1043 1693 appellant,
1067 1629 1136 1674 aum
1161 1611 1242 1693 quod
1266 1615 1438 1676 necessat-io

108 1721 278 1785 masculino
301 1739 412 1803 genere
436 1721 651 1802 pronuntiatur
671 1720 760 1780 etiam
781 1719 924 1782 feminino
943 1718 1144 1803 intellegitur,
1167 1719 1213 1782 rel
1233 1729 1338 1783 cantra
1356 1725 1442 1799 quoa

109 1833 256 1894 feminino
285 1831 500 1912 pronuntiator
528 1829 618 1890 etiam
642 1827 808 1890 masculino
832 1832 998 1908 accipitur,
1029 1838 1064 1892 ut
1090 1847 1196 1911 passer
1224 1830 1322 1911 aquila
1351 1849 1440 1894 anser

109 1937 249 2004 mustela.
296 1939 410 2020 figurae
435 1937 590 2000 nominum
614 1945 686 1998 sunt
709 1936 800 2020 duae,
824 1935 951 2019 simplex
975 1946 1006 2000 ct
1029 1941 1210 2022 composita,
1238 1938 1379 2022 simplex,
1407 1948 1442 2001 ut

70 2067 95 2108 ιι
110 2049 197 2132 ielix,
220 2050 402 2127 coraposito,
425 2053 460 2109 at
483 2043 602 2122 infelix.
650 2053 874 2127 componuntur
902 2053 1004 2109 autem
1032 2049 1153 2109 nomina
1182 2045 1278 2110 modis
1306 2046 1376 2110 llll:
1404 2066 1441 2111 cx

204 2247 519 2320 acascomarcos.
563 2254 685 2304 iaora.
770 2247 1001 2320 iprecipinninr
1083 2252 1252 2306 insumam
1271 2278 1306 2291 -
1326 2254 1342 2303 8
1361 2247 1441 2305 ismi-

107 2334 211 2392 ninum
229 2349 281 2390 οιιι.
356 2328 470 2386 anolo
542 2331 586 2386 eat
600 2336 665 2402 post
685 2332 816 2387 neutrum
835 2345 886 2385 οοιι.
962 2336 996 2386 10
1015 2330 1048 2385 ui
1065 2329 1112 2386 hio
1131 2331 1161 2387 ei
1179 2329 1250 2387 hoco
1268 2331 1299 2386 at
1316 2328 1371 2385 hoo
1389 2345 1440 2386 ora.

147 2423 182 2472 11
202 2413 280 2486 qood
298 2431 384 2470 οποτε
404 2429 469 2470 cum
487 2413 679 2471 necatorium
698 2431 769 2484 οπερ
787 2431 953 2483 αναγκαιως
1035 2417 1068 2467 12
1088 2411 1165 2482 quod
1183 2427 1235 2470 οιιι.
1316 2419 1349 2468 13
1369 2412 1441 2469 acci·

109 2499 190 2572 piiur
198 2512 250 2554 ent.
326 2501 360 2551 il
374 2495 495 2568 simplex
509 2494 579 2552 felix
593 2514 655 2552 απα
670 2515 708 2559 ως
722 2513 754 2551 το
768 2495 977 2566 componuntur
989 2492 1106 2551 nomina
1120 2497 1250 2552 αννθιτα
1264 2497 1296 2552 σε
1312 2515 1440 2569 ονοματα

110 2805 209 2899 ἡμεῖς
228 2804 406 2895 ἐνσώματα
424 2808 608 2894 καλοῦμεν.
630 2801 653 2873 ά
673 2804 785 2875 δὲκαὶ
804 2803 895 2895 παρά
915 2832 1022 2875 τινων
1040 2811 1266 2895 προσηγορίαι
1284 2807 1442 2894 λέγονται

110 2923 173 2987 καί
184 2919 277 2987 ἐστιν
291 2911 463 3004 άσάματα,
482 2911 582 2984 ἅτινα
595 2917 642 3006 τῷ
657 2917 707 3007 νῷ
722 2913 832 3003 μόνον
846 2913 1149 3003 καταλαμβάνεται,
1169 2910 1242 2984 ἀλλ’
1261 2913 1338 2986 οὔτε
1355 2919 1442 2985 tarro

112 3024 192 3097 οὔτε
215 3022 373 3109 ἅψασθαι
396 3021 510 3095 αὐτῶν
534 3022 697 3112 δυνατόν,
725 3020 771 3105 ὥς
794 3025 886 3093 ἐστιν
910 3018 1064 3111 εὐσέβεια
1088 3020 1290 3112 δικαιοσύνη
1317 3022 1443 3114 κόσμος

112 3134 245 3224 ἀξίωμα
268 3132 387 3221 εὔροια
411 3138 621 3205 διδασκαλία.
667 3136 772 3204 ταῦτα
794 3129 890 3222 ἡμεῖς
912 3129 1144 3221 προσηγορικὰ
1167 3133 1319 3222 λέγομεν.

85 3265 98 3306 ⁵
209 3246 262 3336 Τῷ
282 3241 425 3332 ὀνόματι
445 3248 626 3332 συμβαίνει
644 3246 765 3330 ταῦτα,
784 3238 875 3324 εἶδος
894 3242 993 3330 γένος
1012 3244 1123 3330 σχῆμα
1142 3238 1444 3331 άριθμὸςπτῷσις.

112 3353 206 3436 εἶδός
230 3355 323 3423 ἐστιν
347 3342 373 3445 ῷ
397 3365 541 3440 νοεῖται,
564 3346 586 3441 ἢ
610 3350 731 3440 κύριον
752 3359 803 3439 είη
822 3349 860 3421 τὸ
881 3348 992 3440 ὄνομα
1010 3345 1032 3438 ἣ
1051 3350 1314 3440 προσηγορικόν.
1360 3353 1442 3441 γένη

113 3465 183 3534 τῶν
223 3458 404 3550 ὀνομάτων
441 3461 528 3530 alala
569 3461 731 3550 τέσσαρα,
773 3457 954 3548 ἀρσενικὸν
996 3457 1179 3548 θηλυκὸν
1223 3457 1444 3550 οὐδέτερον

113 3567 272 3642 κοινόν.
317 3565 537 3658 άρσενικόν
562 3575 567 3654 Ι
593 3569 704 3638 ἐστιν
728 3557 775 3638 οὗ
798 3567 1073 3657 προτάσσεται
1097 3559 1228 3655 οὗτος,
1252 3567 1303 3650 ὦς
1326 3561 1444 3652 οὖτος

114 3677 132 3750 ὁ
169 3675 429 3760 διδάσκαλος·
462 3675 618 3765 θηλυκόν
647 3679 740 3748 ἐστιν
769 3666 813 3746 οὗ
838 3675 1063 3765 προτάσσεται
1091 3674 1192 3766 αὕτη,
1226 3673 1272 3760 aig
1304 3675 1389 3766 αὕτη
1422 3673 1465 3767 ἡ

77 3809 103 3850 ιο
116 3787 236 3880 σχολή·
262 3783 446 3875 οὐδέτερόν
464 3788 576 3855 ἐστιν
598 3775 639 3854 οὗ
658 3782 882 3873 προτάσσεται
901 3787 1013 3871 τοῦτο,
1037 3782 1201 3867 (ὅςτοῦτο
1220 3784 1258 3855 τὸ
1279 3792 1444 3880 σκρίνιον·

114 3895 239 3968 κοινόν
266 3896 358 3966 ἐστιν
388 3884 430 3964 οὗ
453 3885 676 3985 προτάττεται
701 3891 719 3964 ὁ
744 3895 800 3962 καὶ
823 3889 845 3983 ἡ
868 3895 925 3962 καὶ
948 3891 986 3962 τὸ
1056 3899 1179 3964 ,ἔστιν
1207 3895 1263 3964 καί
1291 3878 1445 3966 ἐπίκοινα

115 4004 286 4096 ὀνόματα,
318 3999 340 4073 ἃ
374 4007 410 4073 ol
436 4000 599 4092 Ἕλληνες
635 4005 822 4073 ἐπίκοινα
859 4001 1191 4092 προσαγορεύουσιν,
1229 4000 1328 4075 ὁπότε
1362 4001 1444 4094 ὅπερ

114 4113 311 4204 ἀναγκαίως
333 4110 501 4207 άρσενικῷ
525 4113 615 4200 γένει
635 4115 835 4202 ἐκφωνεῖται
853 4111 910 4181 καὶ
928 4115 1070 4204 θηλυκῷ
1089 4127 1234 4200 νοεῖται,
1256 4108 1278 4200 ἢ
1300 4109 1445 4193 τούναν-

113 4231 192 4296 τίον
216 4220 313 4309 ὅπερ
335 4224 477 4314 θηλυκῷ
502 4222 703 4310 ἐκφωνεῖται
726 4221 782 4290 καί
806 4218 974 4316 άρσενικῷ
997 4220 1313 4311 παραλαμβάνεται,
1337 4217 1383 4304 οἱς
1405 4221 1444 4292 τὸ

78 4354 103 4396 ιι
116 4329 292 4422 στρουθός
310 4327 407 4412 άετός
424 4327 490 4420 χήν
509 4333 604 4419 γαλῆ.
642 4329 794 4419 σχήματα
811 4332 881 4399 τῷν
901 4327 1081 4418 ὀνομάτων
1100 4331 1192 4399 ἐστὶν
1212 4327 1291 4417 δύο,
1312 4328 1445 4402 ἁπλοῦν

114 4442 174 4514 ttal
209 4439 397 4528 σύνθετον,
429 4434 576 4525 άπλοῦν,
610 4435 656 4520 ὡς
687 4436 725 4509 τό
804 4444 1035 4508 ,συντίθεται
1063 4437 1102 4508 δέ
1130 4436 1281 4527 ὀνόματα
1307 4439 1447 4530 τρόποις

115 4553 287 4640 τέτρασιν,
310 4549 346 4618 ἐκ
369 4546 434 4617 δύο
457 4552 606 4634 τελείων,
636 4545 683 4630 ὦς’
705 4544 742 4617 τὸ
772 4545 992 4634 προάστειον·
1021 4549 1056 4617 ἐκ
1085 4546 1148 4617 δύο
1177 4545 1446 4638 ἀπολειπόντων,

211 4739 227 4788 2
247 4731 480 4804 καταλαβατιται
563 4735 577 4784 i
597 4724 728 4798 θηλυκὸν
747 4759 783 4770 -
802 4734 818 4785 9
838 4723 1012 4793 διδάσκαλος
1036 4746 1086 4786 am.
1172 4735 1206 4786 10
1226 4725 1303 4788 ἐστιν
1321 4748 1373 4789 om.

122 4807 193 4870 1τᾶ
213 4810 257 4887 ol]
287 4831 336 4870 αιο
424 4807 556 4868 ἐπίκοινα
581 4811 734 4881 poemiae
761 4811 819 4866 loco
841 4826 892 4866 em.
983 4816 1017 4868 14
1034 4804 1107 4882 ὅπερ
1125 4827 1177 4868 ortt.
1267 4819 1300 4870 te
1318 4809 1446 4890 τράπσις]

120 4915 238 4967 τραποιι·

1446 5067 1487 5163 3
