3616 5482
607 359 656 416 DE
676 357 976 416 ORTHOGRAPHIA
1398 355 1461 424 137

124 565 219 629 supra
247 547 278 608 iu
307 544 390 608 Velio
420 544 524 627 Longo
553 565 626 610 usus
655 533 737 631 suns,
766 555 796 612 et
824 547 1036 610 blcnaceusem
1062 541 1141 628 766,
1170 565 1260 626 quem
1289 566 1324 608 eu
1351 543 1464 609 Veneto

125 653 230 718 codice
255 653 421 717 Politianus
445 653 616 736 descripsit.
653 673 722 718 nam
753 655 790 718 de
814 651 941 736 reliquis
963 652 1146 736 apographis
1169 653 1282 717 codicis
1305 652 1464 718 bobiensis

124 767 156 827 in
176 763 235 826 boc
255 762 334 826 iibro
353 781 415 826 non
434 763 584 846 quaesivi,
603 764 656 827 sed
671 763 916 847 Neapolitanum,
934 779 1024 844 quem
1044 763 1075 824 in
1093 779 1194 824 meum
1209 781 1299 825 ursum
1314 763 1464 828 Gustatus

125 871 272 954 bieyncire
292 872 510 958 descripserat,
529 876 617 954 sequi
636 875 709 936 satis
728 870 835 958 habui,
858 881 1020 954 propterca
1040 870 1120 952 quod
1142 870 1224 934 iruuc
1242 873 1274 934 in
1294 871 1360 936 aiiis
1378 871 1465 936 libris

125 990 267 1044 accurate
289 1001 325 1045 ex
345 981 509 1064 archetypo
525 1001 704 1064 expressum
724 1001 791 1045 esse
812 992 956 1065 expertus
976 999 1067 1045 cram.
1092 979 1303 1044 bionacensem
1319 981 1465 1066 codicem,

125 1091 178 1171 qui
203 1088 287 1152 scius
311 1089 436 1153 alterius
461 1091 566 1172 stirpis
590 1092 678 1152 testis
698 1090 822 1154 relictus
842 1101 903 1174 est,
927 1089 964 1152 ab
985 1089 1101 1152 Halmio
1120 1089 1157 1152 ad
1181 1109 1229 1157 me
1249 1091 1376 1154 missum
1399 1093 1464 1175 ipse

10 1199 11 1252 i
124 1200 254 1280 inspexi
291 1199 323 1261 iu
347 1196 559 1262 constituenda
583 1207 685 1260 autem
716 1197 845 1262 lectione
874 1199 1068 1282 praecipuam
1098 1197 1188 1262 tidem
1213 1199 1304 1264 babui
1327 1200 1464 1284 Neapoli·

125 1317 196 1370 tanc
217 1306 330 1391 codici,
353 1309 441 1370 cuius
460 1308 644 1388 scripturam
663 1309 704 1369 ita
728 1305 874 1391 exhibui,⁸
890 1317 938 1392 ut,
962 1306 1014 1371 ubi
1037 1308 1074 1371 ab
1097 1327 1132 1372 ea
1150 1307 1354 1372 recedendum
1374 1318 1466 1394 esset,

125 1433 248 1478 omnem
277 1415 510 1498 discrepantiam
540 1419 572 1480 iu
600 1416 795 1482 adnotatione
824 1417 960 1482 subiecta
988 1417 1163 1481 indicarem.
1208 1419 1344 1500 quamvis
1372 1417 1466 1481 multa

10 1529 11 1592 1
127 1527 208 1589 enim
238 1543 315 1607 quae
345 1529 376 1588 in
406 1543 443 1588 ec
474 1535 618 1608 corrupta
646 1534 718 1590 scrut
745 1536 829 1590 recte
857 1529 970 1608 scripta
999 1526 1138 1608 legantur
1166 1528 1197 1589 iu
1226 1526 1365 1590 Politiani
1396 1545 1465 1609 apo·

126 1634 257 1717 grapho,
285 1642 386 1698 tamen
411 1653 501 1716 quam
530 1638 646 1698 incerta
670 1634 762 1698 buius
789 1633 859 1698 iibri
889 1634 964 1697 fides
988 1637 1041 1712 sit,
1070 1638 1252 1718 comparatis
1276 1637 1403 1698 maxime
1427 1636 1465 1699 iis

127 1761 204 1825 quae
234 1742 313 1825 apud
337 1742 561 1806 Cassiodorium
591 1743 735 1826 leguntur
764 1743 851 1808 iaciie
879 1752 1013 1828 apparet.
1050 1763 1120 1808 nam
1144 1755 1175 1808 et
1200 1743 1290 1808 rerba
1319 1763 1465 1827 gramma·

128 1854 180 1915 tici
203 1854 236 1914 in
261 1870 297 1913 eo
322 1870 411 1934 saepe
436 1861 551 1916 temere
576 1861 689 1916 mutata
713 1862 744 1916 et
768 1852 924 1936 complura
948 1858 1076 1918 maxime
1100 1857 1130 1918 in
1160 1855 1257 1936 prima
1280 1862 1366 1935 parte
1395 1851 1465 1916 libri

10 1951 18 2032 f'
127 1961 226 2024 addita
251 1967 332 2023 sunt.
372 1959 433 2023 buc
462 1960 578 2024 accedit
602 1961 682 2044 quod
712 1971 798 2026 retus
822 1962 917 2026 codex
943 1981 1004 2026 nou
1032 1981 1160 2046 prorsus
1184 1970 1324 2027 accurate
1349 1981 1364 2023 a
1388 1961 1466 2024 Poli-

128 2072 210 2132 tiano
234 2067 354 2132 videtur
378 2069 550 2150 descriptus
573 2089 649 2133 essa.
688 2089 782 2152 quare
801 2089 921 2135 omnem
947 2091 1011 2134 eam
1037 2075 1206 2155 scripturae
1230 2071 1465 2154 discrepantiam

128 2177 302 2243 adscribere
332 2178 429 2261 nolui,
457 2178 511 2241 sed
540 2197 574 2242 ea
603 2199 679 2262 quae
710 2181 825 2244 rectius
853 2182 884 2243 in
909 2200 945 2244 eo
970 2199 1060 2263 uttam
1087 2183 1118 2244 in
1142 2177 1338 2263 Neapolitano
1363 2179 1467 2243 codice

129 2290 241 2370 scripta
271 2295 357 2351 erant
385 2287 431 2350 rel
460 2287 559 2370 aliqum
588 2289 678 2352 modo
708 2288 913 2352 memorabilia
942 2307 1010 2352 esse
1040 2287 1219 2352 ridebantur
1242 2287 1385 2370 indicari,
1411 2287 1467 2350 alia

128 2416 205 2479 qrrae
235 2397 358 2459 levioris
382 2399 528 2460 momenti
556 2407 643 2460 eraut
670 2399 768 2461 omisi.
807 2401 839 2461 in
863 2398 1008 2482 exemplis
1033 2417 1105 2460 vero
1130 2395 1292 2460 uerborum
1321 2395 1468 2476 qtracdarn

128 2509 233 2589 etiam,
263 2523 340 2588 quae
369 2506 484 2568 rectius
513 2508 544 2568 in
568 2525 604 2568 eo
628 2509 741 2589 scripta
773 2526 840 2571 esse
869 2517 1012 2591 excerpta
1040 2505 1224 2590 persuadere
1253 2504 1407 2588 videntur,
1436 2507 1467 2567 in

128 2617 322 2680 adnotatione
349 2616 452 2697 potius
480 2612 625 2678 exhibere
655 2634 744 2699 quam
772 2619 804 2680 iu
834 2626 950 2681 textum
974 2620 1111 2699 recipere
1126 2620 1375 2680 'cousentaneum
1399 2631 1467 2676 osse

129 2724 210 2788 daut
249 2725 281 2786 iu
305 2725 457 2805 excerptis
476 2722 660 2786 Cassiodorii
680 2742 749 2786 cum
768 2733 833 2787 tres
852 2723 972 2788 codices
992 2724 1118 2789 adhibiti
1137 2727 1211 2807 sint,
1236 2733 1366 2805 quorum
1391 2723 1467 2804 opti·

129 2851 198 2896 mus
227 2842 274 2894 est
297 2830 475 2914 bernensis,
502 2830 594 2894 buius
624 2830 693 2896 iibri
721 2836 903 2915 praestantia
933 2836 991 2896 iam
1020 2837 1085 2916 ipso
1115 2833 1249 2916 Martyrii
1277 2830 1356 2894 iibro
1386 2848 1467 2894 com·

128 2952 234 3024 parato
265 2942 434 3004 certissime
465 2939 670 3004 confirmatur.
720 2958 813 3021 quare
849 2941 941 3005 huius
976 2943 1098 3024 quidem
1129 2944 1311 3024 scripturam
1342 2941 1374 3002 iu
1410 2938 1466 3000 bac

130 3069 253 3132 quoque
280 3058 380 3133 parte,
409 3049 488 3112 sicut
515 3051 547 3112 in
570 3049 637 3113 aliis
660 3059 872 3132 excerptorum
901 3049 1052 3134 partibus,
1081 3053 1230 3134 integram
1253 3048 1391 3112 iudicavi.
1428 3067 1465 3111 ex

130 3157 256 3240 reliquis
279 3155 399 3220 duobus
423 3157 579 3222 codicibus
603 3158 696 3222 muita
721 3177 797 3242 quae
821 3168 927 3243 aperto
947 3161 1018 3222 vitio
1038 3168 1181 3241 corrupta
1201 3169 1288 3222 erant
1312 3161 1376 3222 sine
1402 3156 1462 3220 uiio

130 3267 329 3349 detrimento,
353 3277 387 3330 ut
409 3275 499 3353 puto,
522 3269 633 3331 omissa
657 3279 737 3332 sunt
775 3267 906 3351 denique
931 3271 1073 3352 quoniam
1099 3269 1191 3332 multa
1215 3287 1291 3349 quac
1319 3269 1350 3330 in
1376 3286 1466 3330 manu

130 3377 253 3459 scriptis
278 3375 461 3439 cassiodorii
484 3375 570 3439 libris
594 3388 738 3459 corrupta
762 3377 904 3441 seruntur
928 3396 989 3440 non
1014 3359 1388 3440 erroribus'iibrariorum
1412 3373 1466 3436 sed

131 3485 338 3568 neglegentiae
368 3488 556 3568 excerptoris
585 3485 745 3549 tribuenda
774 3495 849 3550 sunt
875 3485 920 3549 rel
951 3505 987 3548 ex
1016 3488 1132 3549 vitiosis
1156 3483 1326 3567 codicibus,
1355 3481 1467 3565 quibus

132 3593 342 3658 Cassiodorius
361 3594 516 3681 utebatur,
540 3594 578 3657 ab
598 3595 648 3658 iiio
669 3598 796 3677 repetita
817 3604 917 3679 eraut,
939 3595 1030 3658 buius
1050 3613 1171 3675 quoque
1191 3595 1311 3675 gerroris
1331 3591 1466 3674 exempla

130 3706 161 3766 in
189 3703 237 3766 bis
261 3703 395 3786 Martyrii
423 3706 575 3786 excerptis
603 3705 799 3767 inveniuntur
827 3702 969 3785 piurima,
998 3719 1128 3783 quorum
1160 3702 1269 3782 partim
1294 3701 1324 3762 in
1348 3698 1469 3763 duobus

131 3813 222 3874 etiam
249 3811 385 3894 Martyrii
413 3810 569 3875 codicibus
599 3810 705 3876 codem
734 3812 823 3875 modo
852 3819 996 3893 corrupta
1024 3810 1181 3893 leguntur,
1215 3812 1325 3891 partim
1355 3828 1393 3872 ex
1421 3809 1468 3871 iris

10 3943 11 3996 t
132 3918 217 3982 iaciia
247 3917 402 3982 emendari
429 3929 567 4001 possunt.
604 3919 679 3984 haee
708 3923 801 4002 igitur
829 3921 861 3982 in
889 3939 965 3983 nora
990 3920 1121 3983 editione
1151 3917 1348 4000 relinquenda
1372 3925 1468 4000 erant,

10 4007 11 4060 i
131 4026 376 4110 quandoquidem
399 4027 556 4091 emendata
579 4027 668 4092 lectio
692 4030 752 4092 iam
776 4047 813 4091 ex
837 4031 934 4111 ipsius
962 4029 1149 4111 grammatici
1172 4025 1250 4089 iibro
1274 4028 1336 4108 peti
1359 4034 1467 4108 potest.

10 4151 11 4202 t
132 4154 315 4218 qrramquam
343 4135 464 4199 difficile
495 4145 561 4199 erat
589 4145 703 4201 certam
728 4139 759 4200 in
783 4156 818 4200 ea
841 4156 876 4200 re
899 4139 1048 4202 rationem
1073 4147 1192 4218 tenue,
1216 4153 1314 4216 neque
1340 4133 1468 4197 mrrltum

131 4247 281 4310 interesse
305 4247 407 4327 putavi
431 4253 466 4308 ut
488 4244 607 4310 diversa
630 4249 774 4310 vitiorum
793 4265 904 4330 genera
929 4257 1068 4310 accurate
1093 4245 1362 4325 distinguerentur.

222 4353 265 4417 De
290 4351 411 4417 duobus
434 4356 637 4437 grammaticis
660 4375 791 4438 quorum
816 4357 938 4419 uomina
966 4355 1154 4438 praescripta
1179 4361 1264 4435 sunt,
1293 4351 1468 4414 tdanrcutio

132 4473 164 4526 et
185 4462 344 4546 Martyrio,
372 4462 447 4527 nibil
479 4467 643 4527 memoriae
667 4465 821 4548 proditum
845 4473 901 4528 est.
939 4463 991 4527 sed
1021 4461 1058 4526 ab
1087 4463 1276 4525 institutione
1301 4460 1469 4523 adamantii

10 4605 11 4614 1
132 4573 294 4653 patrissui
313 4591 346 4634 se
366 4573 537 4654 proiectum
552 4592 619 4636 esse
639 4576 670 4636 in
690 4575 876 4656 praefatione
895 4570 989 4636 libelii
1007 4570 1081 4634 dicit
1100 4572 1242 4652 scriptor,
1260 4586 1329 4631 cum
1350 4567 1469 4650 regulas

135 4679 288 4744 scribendi
311 4679 348 4743 ab
372 4681 429 4744 iilo·
447 4691 586 4764 acceptas
610 4685 641 4744 in
665 4680 743 4746 hanc
768 4683 977 4744 commentarii
1002 4679 1129 4742 sormam
1152 4678 1314 4766 redigeret.
1348 4696 1385 4740 ex
1409 4695 1469 4759 quo

137 4791 222 4868 sequi
245 4789 365 4852 videtur
389 4808 500 4854 nomen
523 4789 673 4872 biartyrii,
695 4790 777 4871 quod
803 4809 872 4853 cum
897 4789 991 4882 altero
1016 4806 1032 4849 a
1058 4786 1248 4850 Cassiodorio
1273 4788 1470 4851 coniunctum

137 4905 195 4979 cst,
218 4900 377 4979 proprium
401 4898 495 4962 icisse
519 4898 586 4982 iiiii,
610 4899 660 4980 qui
686 4899 785 4979 ipsum
815 4897 926 4966 ilbrum
951 4897 1130 4979 composuit.
1169 4897 1195 4958 is
1222 4914 1316 4978 porro
1344 4899 1375 4960 in
1400 4895 1468 4958 sub·
