3610 5482
615 321 665 380 DE
685 322 984 383 ORTHOGRAPHIA
1427 335 1467 398 71

122 440 145 478 ρ.
160 430 224 470 saar.
238 429 267 470 sa
283 429 309 470 r.

123 513 310 576 scribebant
340 531 396 574 nos
415 511 452 574 ad
471 512 650 576 brevitatem
664 515 879 576 festinavimus
898 514 1053 578 scribendi
1072 527 1103 579 et
1123 515 1204 580 illam
1223 520 1467 600 pinguitudinem

123 623 231 686 limare
255 622 426 707 maluimus,
450 632 510 686 tam
534 622 658 686 hercule
682 642 773 706 quam
802 618 881 687 ‘cur’
911 626 1005 706 magis
1028 628 1208 702 scribimus,
1232 646 1324 704 quom
1356 625 1467 713 ‘quor',

123 731 208 814 quod
239 749 337 813 genus
357 741 413 822 Ιεει
441 727 669 814 ἐτυμολογίας.
717 742 765 795 εει
798 734 879 796 enirn
909 727 975 795 ‘cni
1003 728 1080 817 rei',
1113 734 1194 816 quod
1228 737 1377 816 significat
1410 733 1466 800 ‘ob

124 858 217 920 quam
247 835 344 903 rem’:
377 859 413 904 ex
446 839 503 903 froc
534 843 662 904 retinuit
692 841 882 905 consuetudo
915 842 1060 906 hodierna
1094 851 1128 906 ut
1158 844 1331 908 diceremus
1363 864 1466 928 quare,

97 948 210 1030 squod
242 967 302 1010 arna
333 948 444 1032 syllaba
475 952 654 1032 castigatum
686 951 720 1013 ιιι
750 969 821 1034 cur,
858 949 940 1032 quod
971 970 1027 1014 nos
1058 957 1195 1016 contenti
1225 973 1331 1018 sumus
1362 975 1418 1038 per
1448 976 1465 1018 c

123 1055 271 1119 scribere.
309 1057 397 1121 etde
416 1059 646 1140 quaestionibus
667 1059 789 1140 quidem
813 1058 849 1121 ad
876 1069 989 1122 rectam
1009 1063 1208 1144 scriptionem
1231 1063 1465 1147 pertinentibus,

124 1174 276 1246 qnantum
298 1167 444 1228 memoria
469 1165 687 1251 suppeditavit,
713 1166 773 1248 [et]
797 1169 829 1230 in
853 1169 1024 1250 praesentia
1048 1169 1172 1232 interim
1195 1175 1268 1233 satis
1291 1173 1338 1234 sit.

215 1272 261 1335 Ad
281 1282 399 1338 ceteras
422 1276 516 1356 igitur
539 1278 734 1357 quaestiones
754 1284 954 1359 transeamus,
972 1279 1004 1339 in
1024 1275 1135 1358 quibus
1156 1279 1360 1342 animadverto
1384 1281 1463 1362 apud

101 1455 103 1460 ,
122 1382 286 1465 plerosque
308 1383 313 1462 Ι
334 1383 492 1446 confusam
511 1388 723 1448 tractationem
742 1375 946 1472 ὀρθοεπεζας
965 1395 996 1448 ει
1019 1375 1269 1469 ὀρθογραφίας,
1295 1405 1365 1449 cum
1384 1389 1465 1450 inter

82 1515 107 1554 ro
122 1511 155 1554 se
186 1491 310 1556 distent
353 1511 423 1555 nam
448 1497 479 1556 in
504 1484 691 1578 dpdosmsfq
715 1511 775 1556 non
799 1496 971 1577 quaeritur,
995 1511 1055 1575 quo
1080 1494 1169 1557 modo
1194 1493 1390 1558 scribendum
1415 1499 1463 1578 sit,

123 1619 194 1664 cum
218 1601 257 1664 ad
282 1620 386 1664 rocem
410 1601 537 1684 legentis
561 1602 716 1684 adlegatos
739 1604 779 1665 sit
807 1601 857 1664 ille
881 1605 933 1684 qui
958 1604 1094 1692 scripsit,
1119 1602 1173 1664 sed
1197 1612 1245 1666 est
1268 1606 1406 1685 quaestio
1430 1595 1461 1666 i'n

122 1708 288 1791 loquendo,
313 1717 347 1772 ut
371 1709 502 1791 forpices
526 1720 557 1773 et
581 1711 713 1793 forcipes
737 1720 769 1773 et
791 1729 914 1775 arcesso
934 1721 964 1774 et
984 1729 1116 1774 accerso.
1155 1715 1187 1774 im
1207 1711 1254 1774 his
1274 1713 1354 1776 enim
1375 1714 1461 1776 mini·
1583 1716 1587 1724 '

121 1836 207 1881 mum
238 1820 297 1880 erit
324 1817 498 1902 dinoscere,
526 1837 587 1901 quo
617 1819 706 1882 modo
735 1819 889 1883 dicantur:
919 1819 1047 1901 proinde
1076 1838 1111 1882 ac
1135 1820 1240 1882 dixero
1265 1820 1388 1883 scribes.
1427 1825 1459 1885 in
1555 1905 1559 1911 Ι

7 1909 8 1990 l
55 1909 61 1924 ⁶
119 1925 236 2008 quibus
265 1935 365 1990 tamen
393 1926 604 1991 adnotabimus
632 1936 751 1991 veteres
779 1947 836 2011 per
864 1929 1149 1992 transmutationem
1173 1926 1303 2009 syllabae
1328 1929 1460 2011 forcipes

6 2056 7 2078 ι
81 2057 105 2097 rs
119 2034 244 2098 dixisse.
284 2052 352 2097 nam
376 2045 407 2098 et
429 2034 579 2117 Vergilius
604 2031 842 2117 ‘versantque
867 2039 992 2099 tenaci
1016 2035 1163 2117 forcipe
1188 2031 1371 2099 massam’:
1400 2038 1459 2099 lor·
1514 2095 1516 2100 .

119 2147 205 2226 cipes
230 2143 358 2208 dicimus
382 2145 419 2206 ab
443 2163 480 2206 eo
504 2143 586 2226 quod
610 2145 741 2206 formum
765 2145 893 2227 capiant,
916 2144 946 2207 id
971 2153 1018 2208 est
1041 2143 1180 2206 calidum.
1221 2147 1301 2207 etin
1322 2147 1459 2227 eoquod

118 2260 169 2314 est
195 2269 320 2315 arcesso
349 2260 380 2314 et
408 2269 531 2315 accerso
559 2259 743 2332 putaverunt
772 2250 895 2332 quidam
922 2251 1125 2315 differentiam
1153 2271 1235 2335 esse,
1270 2264 1305 2316 ut
1334 2271 1481 2352 accerso¹

6 2423 7 2438 ,
118 2365 160 2424 sit
183 2379 259 2424 roco
285 2370 415 2423 tractum
439 2359 477 2422 ab
500 2360 654 2442 acciendo,
678 2377 798 2422 arcesso
822 2377 998 2422 summoveo
1022 2359 1059 2422 ab
1078 2359 1209 2423 arcendo
1229 2371 1368 2424 tractum.
1405 2362 1458 2424 sed

6 2483 7 2550 t
118 2477 317 2532 erraverunt:
345 2486 467 2532 arcesso
498 2470 579 2532 enim
605 2486 662 2550 pro
691 2487 727 2530 eo
756 2467 837 2549 quod
867 2479 914 2531 est
943 2487 1032 2531 arceo
1056 2487 1221 2550 numquam
1245 2471 1378 2551 positum
1402 2480 1458 2533 est.

6 2591 7 2612 t
80 2599 106 2639 so
120 2595 228 2640 rerum
258 2575 340 2658 quod
364 2584 472 2658 putant
495 2595 512 2638 r
537 2575 668 2640 litteram
692 2575 813 2640 obstare
845 2577 1070 2660 significationi,
1099 2588 1216 2642 errant:
1244 2577 1262 2638 d
1287 2580 1368 2640 euim
1397 2597 1457 2642 non

123 2687 226 2748 minus
250 2687 282 2746 in
306 2703 322 2746 r
346 2684 478 2748 litteram
498 2685 615 2768 transit,
639 2702 727 2766 quam
747 2687 778 2748 in
798 2703 824 2768 c,
848 2702 918 2747 cum
938 2683 1005 2747 dico
1025 2694 1056 2747 et
1075 2685 1185 2748 accedo
1205 2695 1235 2750 et
1254 2685 1458 2771 accommodo,

118 2790 257 2874 †quam
280 2792 361 2875 apud
386 2795 527 2874 antiquos
550 2795 581 2854 in
605 2810 743 2876 arrorso,
771 2793 802 2854 in
830 2795 1009 2856 arvorsario.
1051 2793 1132 2857 rande
1162 2813 1218 2876 pro
1247 2794 1395 2857 audiculis
1419 2795 1456 2858 ab

118 2899 275 2964 audiendo
295 2899 447 2964 auriculas
466 2900 596 2963 dicimus
616 2910 646 2962 et
665 2898 822 2962 meridiem
841 2919 897 2982 pro
913 2900 1012 2964 medio
1028 2902 1076 2965 die
1092 2902 1253 2984 loquimur.
1290 2902 1359 2964 ideo
1384 2921 1456 2985 ergo

194 3127 287 3187 Codes
308 3129 461 3187 Porrboss'i
498 3131 563 3186 tet
581 3129 673 3201 illam]
693 3127 803 3184 nullam
873 3131 969 3184 ttam
988 3129 1103 3186 hercule
1122 3146 1209 3200 qnam
1227 3146 1283 3202 quo
1299 3131 1391 3202 magis
1406 3130 1457 3202 qui

5 3219 6 3222 '
117 3245 209 3300 genna
224 3233 269 3285 est
287 3222 469 3302 dropatoyt‘ot
488 3232 531 3287 est
550 3229 626 3286 enim
641 3227 687 3284 cui
705 3243 750 3283 res
823 3227 938 3298 bquod
953 3227 1022 3300 una]
1042 3246 1099 3301 quo
1114 3247 1171 3286 nna
1245 3229 1453 3300 dquaestioni-

117 3309 185 3383 bus]
205 3311 467 3383 praepositionibus
559 3317 575 3366 9
600 3303 772 3379 defloraretur
792 3312 821 3366 et
840 3303 1055 3381 dodoypcqstoes
1148 3317 1182 3366 10
1207 3328 1272 3368 nam
1293 3305 1454 3378 o'qdoarretoc

5 3387 6 3468 ,
118 3408 175 3447 non
195 3393 342 3463 quaeritur
426 3400 457 3449 11
479 3393 614 3465 legentis]
634 3389 706 3462 legis
791 3395 824 3445 12
844 3406 958 3446 accerso
978 3391 1024 3448 his
1042 3392 1118 3448 enim
1200 3399 1233 3446 14
1252 3389 1453 3447 adnotanimus

5 3531 6 3542 ¹
118 3532 152 3582 lt
167 3527 299 3601 quidam]
315 3527 460 3599 quandam
534 3533 569 3583 20
583 3529 688 3600 putant
702 3544 719 3583 a
733 3527 859 3583 litteram
933 3531 968 3582 22
983 3543 1036 3598 pro
1050 3475 1184 3594 subeatis
1201 3526 1237 3582 0:
1254 3526 1454 3598 desperasse

167 3613 203 3664 23
222 3608 288 3666 ideo
307 3609 389 3682 ergo]
409 3609 439 3665 id
459 3625 527 3680 ergo

209 3815 226 3865 3
251 3813 295 3866 εει
318 3810 395 3867 enim
419 3809 466 3866 oui
490 3826 520 3866 re
543 3809 585 3864 nel
603 3807 653 3879 qni
678 3823 708 3863 re
729 3804 926 3861 Omnmcta'ous.
946 3805 1082 3862 estasim
1103 3807 1148 3863 oui
1167 3806 1209 3864 rei
1230 3807 1381 3862 Putscltiua
1442 3838 1447 3848 ·

116 3897 133 3946 t
153 3907 242 3961 quare
261 3909 318 3963 quo
336 3908 394 3948 una
413 3891 524 3963 syllaba
542 3891 715 3960 castigatum
734 3887 772 3942 sit
790 3885 832 3956 R,
850 3887 901 3943 ubi
920 3886 1092 3958 castigatum
1111 3889 1143 3944 fit
1161 3887 1248 3944 edidit
1269 3887 1452 3943 commetiens

172 3979 189 4028 e
210 3975 240 4029 et
258 3972 294 4029 de
312 3971 570 4045 praepositionibus
589 3970 705 4040 quidem
725 3969 752 4025 R
828 3974 861 4023 10
881 3985 947 4024 nam
966 3972 1126 4038 caesenam
1145 3987 1202 4025 non
1222 3968 1334 4039 quaerit
1352 3967 1392 4023 tt:
1415 3968 1450 4036 cf.

110 4070 142 4124 p.
163 4059 269 4122 66,12
359 4061 391 4110 11
415 4055 453 4112 ad
477 4071 577 4111 rocem
600 4053 674 4125 legis
693 4050 735 4120 R,
759 4050 796 4106 ad
816 4049 893 4106 vocis
916 4049 1011 4122 legem
1030 4051 1059 4106 R
1083 4054 1115 4108 im
1133 4052 1305 4122 corra'ymdt'a
1322 4055 1349 4106 et
1366 4051 1451 4106 editio

116 4135 281 4191 Commelim'
355 4140 388 4190 12
408 4141 441 4192 ut
459 4134 581 4206 forcipes
601 4137 631 4191 et
649 4131 778 4204 forpices.
808 4134 837 4188 et
860 4146 972 4188 arcesso
993 4135 1022 4188 et
1041 4150 1167 4190 accerso:
1191 4133 1237 4188 his
1257 4132 1332 4189 enim
1351 4131 1387 4188 R.
1421 4132 1451 4188 in

114 4216 160 4271 lris
175 4215 252 4272 enim
266 4215 405 4274 nactam
479 4221 512 4272 te
532 4215 638 4272 scribes
652 4215 723 4270 mihi
739 4214 842 4284 quibus
856 4217 955 4270 tamen
968 4215 1168 4271 adnotauimus
1182 4213 1211 4269 lt
1276 4220 1309 4270 lb
1323 4217 1450 4270 remont-

115 4297 183 4370 que]
209 4297 289 4370 Very.
308 4313 399 4370 peorp.
419 4297 505 4353 IIII
523 4302 578 4353 175
653 4302 686 4352 tt
706 4298 882 4368 putauerunt
901 4296 1044 4365 quandam
1062 4295 1253 4352 differentiam
1268 4311 1328 4351 esso
1344 4294 1378 4352 n.
1399 4295 1449 4352 sed

115 4377 235 4449 qnidam
254 4376 446 4435 differentiam
467 4393 527 4434 esse
546 4375 711 4444 voluerunt,
732 4379 764 4432 ut
783 4393 894 4434 arcesso
914 4377 1032 4450 quidem
1050 4377 1086 4434 ab
1106 4393 1139 4433 eo
1159 4377 1245 4432 verbo
1265 4381 1353 4445 esset,
1374 4379 1449 4448 quod

115 4463 160 4516 est
183 4475 281 4530 orceo,
305 4475 420 4516 accerso
443 4475 512 4514 vero
535 4457 572 4513 ab
596 4472 630 4513 ao
654 4457 731 4526 quod
754 4463 799 4516 εει
821 4461 902 4518 accio
921 4459 1048 4518 Scaurus
1069 4475 1097 4528 p.
1117 4463 1166 4524 26,
1182 4465 1214 4514 o':
1238 4458 1272 4525 cf.
1295 4458 1448 4530 Papirion.

115 4541 194 4612 opud
213 4533 339 4598 Cassiod.
355 4559 386 4613 p.
401 4545 481 4598 2295
556 4545 591 4594 20
611 4539 686 4608 quod
705 4542 810 4610 putant
828 4559 846 4598 o
864 4542 991 4599 litteram
1010 4538 1049 4608 R,
1071 4539 1147 4608 quod
1167 4541 1269 4609 putant
1287 4558 1301 4595 r
1319 4540 1449 4599 litteram

115 4623 301 4679 Schneiderue
323 4621 507 4694 procamiet.
531 4637 556 4678 o.
577 4619 599 4674 1
618 4636 647 4690 p.
668 4625 723 4676 639
807 4629 840 4677 tt
860 4623 980 4690 fortasse
1003 4637 1067 4676 cum
1091 4617 1212 4674 dicimus
1237 4624 1267 4677 et
1289 4624 1393 4680 accedo
1418 4627 1449 4680 et

115 4703 315 4773 commmatio,
339 4706 369 4760 et
390 4701 467 4774 apud
490 4699 623 4770 antiquos
642 4699 801 4758 invenimus
819 4703 849 4758 in
868 4717 996 4769 arvorso,
1022 4699 1051 4754 in
1070 4701 1237 4757 arvorsario.
1266 4721 1334 4758 nom
1352 4721 1446 4774 quom,

111 4801 166 4856 pro
188 4801 243 4856 quo
266 4786 415 4856 tamquam
438 4783 615 4840 scribendum
633 4797 688 4838 esse
706 4781 891 4840 Schneidmta
915 4783 1045 4847 conlocat,
1069 4798 1103 4836 cx
1120 4784 1312 4852 supertom'bms
1337 4786 1447 4840 videtur

114 4867 260 4938 repetitam
278 4882 334 4924 ease
407 4873 441 4922 2³
460 4866 491 4923 id
511 4881 578 4937 ergo
596 4863 625 4920 It
