3616 5482
362 295 428 364 170,
832 283 847 298 ““
915 283 1150 358 csssrobosn

357 409 379 448 p.
393 400 448 442 1191
462 400 486 441 P.

358 485 466 549 Graeci
497 483 642 550 cedrino
665 485 829 571 appellant,
860 489 1002 578 quoniam
1031 489 1062 551 iu
1086 507 1194 569 graeco
1223 490 1304 553 idem
1332 508 1428 572 genus
1451 489 1608 554 observari
1638 509 1701 552 non

358 595 464 675 potnit
502 604 660 676 praeterea
687 598 876 679 quaerimus,
903 615 959 658 cur
988 599 1098 660 veritas
1126 605 1157 660 et
1186 599 1322 661 seminini
1351 601 1473 680 generis
1501 601 1637 662 existens
1670 609 1709 676 ot,

358 721 505 784 superans
529 703 742 786 disyllaborum
766 721 939 767 mensnram
963 724 1018 788 per
1041 725 1073 789 v,
1096 724 1156 769 non
1180 725 1236 788 per
1260 707 1278 769 b
1308 705 1472 790 scribatur3
1501 717 1534 772 et
1557 706 1700 790 dicimus,

358 812 428 892 quia
452 828 513 873 non
538 821 585 894 est
609 813 725 893 primae
743 817 859 876 nomen
883 815 1056 898 positionis,
1075 815 1126 877 sed
1151 814 1344 878 descendite
1364 813 1467 878 mobili
1491 833 1612 897 genere.
1651 823 1701 909 est

358 921 439 980 enirn
464 937 554 982 verus
578 937 648 982 vera
674 937 793 1001 verum,
817 937 853 981 ex
878 939 939 1001 quo
959 925 1093 985 nascitur
1117 922 1276 1007 appellatio
1296 927 1421 1007 veritas,
1445 919 1478 987 et'
1498 924 1566 986 ideo
1589 927 1727 1006 primis

313 1101 319 1108 ψ
357 1027 464 1090 lormis
488 1031 537 1090 sui
561 1027 695 1110 regulam
720 1031 892 1092 necessario
916 1029 1060 1094 detonuit.
1097 1031 1186 1094 simili
1211 1031 1300 1094 modo
1319 1039 1350 1094 et
1374 1033 1509 1094 venatrix
1537 1033 1699 1097 masculini

357 1137 404 1198 sni
429 1137 577 1216 originem
602 1139 751 1219 sequitur.
916 1131 928 1140 ”

369 1226 374 1237 ’
449 1243 483 1307 Vi
511 1243 599 1326 longa
629 1245 675 1307 rel
704 1244 804 1310 brevis
833 1248 947 1309 nemini
975 1246 1124 1329 praebens
1153 1250 1288 1331 initium,
1315 1250 1342 1311 si
1370 1267 1387 1310 a
1415 1266 1544 1312 numero
1572 1249 1634 1334 bis,
1666 1251 1695 1314 id

358 1363 405 1415 est
428 1353 577 1437 secundo,
600 1357 765 1436 composita
799 1356 905 1438 luerit,
933 1373 988 1436 pcr
1012 1353 1031 1416 b
1061 1367 1175 1418 mutam
1199 1355 1359 1418 scribetur.
1396 1355 1589 1419 discretionis
1613 1362 1695 1421 enirn

356 1465 451 1544 gratia
480 1461 528 1524 bis
556 1480 702 1525 numerus
728 1480 785 1545 per
815 1462 892 1526 banc
920 1462 1052 1527 litteram
1082 1462 1240 1547 scribitur,
1275 1475 1312 1528 ut
1339 1473 1499 1548 separetur
1526 1484 1543 1528 a
1571 1469 1694 1530 nomine
1711 1487 1737 1525 ιο

356 1569 575 1653 monosyllabo,
603 1571 684 1654 qnod
712 1574 772 1635 vim
796 1581 826 1636 et
851 1550 1063 1636 necessitatem
1093 1573 1257 1656 significat,
1291 1571 1383 1636 veluti
1412 1571 1516 1656 biceps
1533 1573 1694 1657 'bilinguis

356 1677 494 1742 bilormis
523 1678 663 1762 bipatens
691 1679 847 1746 biennium
871 1681 986 1744 bimum
1010 1679 1079 1763 biga
1103 1680 1227 1745 biduum
1253 1681 1368 1744 bicolor
1391 1680 1532 1764 bipennis
1556 1681 1694 1765 biiugum

355 1806 390 1849 ac
414 1785 492 1850 talia.
530 1791 556 1850 si
580 1797 680 1851 aretem
704 1808 780 1870 pnra
805 1797 980 1852 remaneant
1004 1781 1147 1872 nt'tmero,
1171 1809 1188 1850 r
1212 1789 1381 1853 traductam
1405 1793 1443 1878 in·
1461 1795 1693 1855 consonantium

355 1902 535 1977 potestatem
569 1895 724 1962 habebunt
757 1901 898 1982 positam,
931 1907 966 1960 ut
996 1899 1092 1960 victor
1127 1900 1228 1960 vinum
1263 1900 1331 1961 vitis
1364 1901 1462 1961 vietus
1491 1900 1602 1962 vinitor
1631 1904 1693 1964 rite

430 2077 443 2126 t
465 2072 578 2128 tenilon
596 2073 625 2128 Β
644 2073 777 2130 sednilon
795 2071 855 2129 An
896 2069 1062 2129 'obseruari
1081 2089 1138 2129 non
1158 2073 1252 2144 potnit
1269 2072 1347 2130 idem
1365 2071 1530 2145 3011111Αο
1596 2081 1613 2130 3
1639 2075 1696 2132 dis-

355 2151 530 2222 syllabsrnm
541 2153 821 2226 Odeeyllsbsrnmrl
878 2153 927 2210 sed
937 2151 1057 2210 dicimus
1067 2153 1151 2210 Asc
1202 2161 1220 2210 4
1237 2153 1428 2210 descendeiB
1484 2153 1651 2226 depellatis
1667 2159 1695 2212 A

356 2233 533 2305 appellatino
543 2236 572 2291 Β
588 2235 832 2308 appellatinumG
884 2241 900 2290 9
916 2233 1074 2305 composito
1088 2233 1175 2292 inerit
1188 2235 1268 2306 parb
1282 2237 1392 2291 mutarn
1403 2234 1566 2292 scribuntur
1575 2234 1604 2291 Β
1618 2253 1695 2292 com·

357 2315 452 2387 posite
469 2316 576 2374 inerim
594 2334 646 2387 per
660 2317 679 2373 b
698 2319 809 2374 mntem
828 2316 989 2373 scribuntur
1005 2315 1107 2374 Pecs
1174 2324 1208 2374 10
1227 2317 1341 2387 separet
1358 2314 1387 2369 Β
1449 2321 1481 2371 11
1502 2315 1580 2386 qnod
1593 2317 1651 2374 uim
1668 2321 1695 2375 A

356 2397 433 2469 quod
456 2396 485 2453 ni
505 2396 530 2452 0
551 2397 619 2468 quin
638 2397 698 2458 uim
716 2399 745 2454 Β
772 2397 850 2471 qnod
873 2400 918 2455 eat
935 2396 980 2453 uis
1000 2395 1100 2452 Carrio
1192 2403 1226 2453 12
1247 2395 1389 2468 bipatens]
1413 2394 1571 2467 bipnxbenia
1591 2397 1620 2454 Β

359 2479 516 2554 lenicius]
537 2481 619 2537 uetus
638 2479 731 2536 ABG
749 2481 818 2540 Par.
848 2477 1014 2552 pavitant,
1033 2479 1107 2550 estod
1125 2484 1165 2534 est
1182 2479 1261 2550 opud
1281 2476 1407 2535 Probuirt
1430 2480 1495 2536 inst.
1514 2497 1546 2552 p.
1565 2485 1631 2549 116,
1651 2488 1694 2540 22

818 2758 1074 2818 manutenes
1094 2759 1117 2815 B
1136 2760 1184 2816 ET
1204 2759 1230 2814 V

253 3001 256 3008 ,
356 2933 489 2994 existens
512 2939 544 2992 et
571 2915 719 3012 superans
743 2929 957 3012 disyllaborum
982 2941 1155 2992 mensuram
1182 2947 1238 3010 per
1263 2949 1293 3012 v,
1323 2947 1383 2991 non
1413 2947 1468 3010 per
1492 2929 1511 2992 b
1536 2931 1695 3015 scribitur,

355 3049 386 3102 et
410 3040 552 3119 dicimus,
576 3037 657 3118 quod
679 3056 737 3100 non
753 3047 801 3100 est
824 3041 949 3119 primae·
962 3039 1121 3120 positionis
1141 3055 1250 3100 nornen
1257 3085 1266 3119 ,
1289 3037 1342 3098 sed
1368 3036 1526 3100 descendit
1549 3057 1566 3100 a
1590 3039 1695 3103 mobili

355 3165 476 3228 genere.
519 3155 566 3208 est
594 3148 674 3208 enim
704 3164 794 3208 verns
817 3165 889 3208 vera
913 3163 1034 3228 verum,
1064 3163 1101 3206 ex
1130 3163 1190 3224 quo
1219 3147 1354 3206 nascitur
1383 3125 1544 3226 appellatio
1573 3151 1695 3230 ceritas,

356 3262 388 3318 et
406 3231 474 3318 ideo
494 3254 690 3336 primiformis
705 3258 753 3319 sui
773 3253 908 3337 regulam
928 3253 1099 3316 necessario
1120 3251 1262 3315 defendit
1297 3251 1388 3315 simili
1407 3253 1542 3316 modoet
1558 3259 1693 3319 venatrix

357 3363 516 3426 masculini
539 3365 587 3425 sui
611 3365 758 3445 originem
783 3341 930 3444 sequitur.
1709 3383 1722 3423 s

446 3471 481 3533 vt
504 3472 592 3552 longa
612 3470 657 3533 vel
682 3471 782 3534 brevis
802 3474 916 3534 nomini
940 3469 1089 3553 praebens
1112 3472 1247 3553 initium,
1271 3472 1298 3532 si
1317 3489 1333 3532 a
1353 3488 1481 3532 numero
1505 3470 1567 3554 bis,
1591 3472 1621 3534 id
1645 3483 1695 3536 est

356 3579 500 3662 secundo,
519 3581 684 3661 composita
703 3581 812 3663 luerit,
838 3598 893 3661 per
912 3579 932 3640 b
952 3588 1066 3641 mutam
1086 3577 1247 3640 scribetur.
1284 3578 1477 3641 discretionis
1496 3582 1577 3642 enim
1598 3584 1695 3662 gratia

356 3687 409 3769 bis⁴
432 3705 579 3750 numerus
607 3707 663 3770 per
691 3689 768 3751 banc
796 3688 928 3751 litteram
957 3687 1116 3769 scribitur,
1145 3697 1179 3748 ut
1208 3697 1367 3768 separetur
1396 3688 1559 3754 anomine
1589 3707 1693 3752 mono·

346 3796 484 3878 syllabo,
508 3797 589 3878 quod
609 3799 668 3858 vim
689 3807 719 3860 et
739 3800 951 3860 necessitatem
971 3795 1135 3877 significat,
1156 3794 1248 3857 veluti
1267 3794 1371 3876 biceps
1391 3793 1534 3876 bilinguis
1554 3795 1694 3861 bilormis

355 3902 496 3986 bipatens
524 3903 680 3969 biennium
708 3904 823 3966 bimum
850 3903 919 3986 biga
948 3903 1073 3966 biduum
1097 3902 1213 3964 bicolor
1237 3902 1369 3984 bipinnis
1393 3903 1529 3986 biiugum
1553 3923 1588 3968 ac
1614 3906 1693 3970 talia.
1711 3927 1735 3964 ιο

278 4019 286 4026 “
357 4016 382 4076 si
406 4013 463 4075 hoe
488 4020 588 4075 autem
613 4031 688 4095 pora
712 4021 866 4075 remaneat
889 4029 1030 4093 numero,
1053 4031 1071 4071 v
1092 4011 1229 4074 traducta
1252 4013 1283 4073 in
1304 4015 1537 4076 consonantium
1560 4026 1693 4097 potesta-

358 4131 419 4184 tem
443 4122 536 4184 luerit
559 4123 670 4204 posita,
694 4130 728 4183 ut
748 4123 844 4183 victor
863 4121 966 4183 vinum
985 4121 1054 4181 vitis
1074 4121 1172 4181 victus
1192 4122 1303 4182 vinitor
1322 4124 1381 4182 vita
1405 4123 1451 4184 via
1475 4120 1564 4184 ridna
1588 4125 1694 4204 vipera

358 4235 453 4294 viator
477 4233 627 4307 vitisator,
656 4240 777 4312 praeter
801 4229 949 4309 bitumen,
973 4230 1043 4308 quia
1067 4231 1169 4291 neutri
1192 4232 1313 4310 generis
1337 4231 1507 4295 consistens
1531 4247 1694 4295 numerum

356 4339 571 4422 disyllaborum
595 4341 738 4422 excessit;
763 4336 853 4400 bilem
878 4339 969 4399 etiam
992 4335 1184 4400 discretionis
1204 4356 1308 4400 causa:
1333 4355 1400 4400 narn
1426 4339 1451 4398 si
1475 4336 1576 4400 sellem
1601 4342 1693 4421 signi·

448 4520 462 4569 t
483 4513 691 4586 disyllaborum
709 4527 858 4586 personum
881 4509 908 4565 P
925 4509 1100 4582 syllabarum
1119 4527 1281 4567 mensnram
1296 4511 1330 4566 N
1380 4515 1396 4565 11
1417 4509 1575 4581 appellatio
1590 4527 1642 4571 om.
1654 4514 1694 4582 tt,

358 4597 422 4652 cdd.
443 4595 472 4650 P
560 4603 575 4652 1
596 4594 755 4667 composite
773 4592 880 4650 luerint
896 4609 948 4663 per
966 4591 985 4646 b
1004 4594 1114 4648 mntem
1133 4593 1291 4650 scribentur
1308 4591 1343 4645 N
1358 4592 1518 4660 composite
1535 4592 1624 4650 inerit
1642 4613 1695 4666 per

229 4751 234 4757 ι
357 4679 505 4734 bmutem
523 4675 694 4734 formabitur
714 4676 742 4731 P
760 4729 775 4740 ‚
815 4680 849 4731 to
874 4673 918 4731 bis
937 4675 1038 4745 petens
1057 4673 1092 4727 N
1161 4672 1245 4744 bigae
1267 4671 1295 4726 P
1364 4671 1497 4743 bipennis
1518 4671 1547 4727 P
1621 4683 1654 4732 11
1675 4695 1699 4733 r·

331 4825 335 4834 ,
359 4759 521 4893 1111ηοῖ11
520 4758 575 4894 Nic
601 4756 817 4826 consonantium
842 4757 1014 4829 potestatem
1038 4753 1157 4820 hebebit
1180 4754 1213 4809 nt
1235 4752 1326 4810 victor
1345 4753 1571 4826 viscumrinnm
1591 4755 1621 4812 P

356 4841 472 4911 potesta
1600 4867 1602 4870 -
