3604 5486
214 1221 258 1286 lle
291 1222 471 1287 differentiis
503 1221 720 1286 vocabulorum
750 1224 844 1288 multa
872 1242 890 1286 a
918 1225 1122 1306 grammaticis
1155 1225 1267 1307 scripta
1301 1233 1386 1308 sunt,
1419 1241 1457 1286 ex

118 1331 236 1414 quibus
263 1349 298 1395 ea
326 1349 403 1414 quae
432 1329 596 1395 Putscbin's
624 1351 653 1414 p.
682 1329 770 1396 2191
801 1351 866 1416 sqq.
895 1332 990 1397 edidit
1018 1335 1135 1416 recepi,
1168 1333 1280 1416 nequid
1309 1333 1389 1415 qnod
1418 1331 1456 1395 ab

117 1440 172 1503 ilio
198 1440 314 1505 editum
337 1450 420 1504 esset
442 1443 474 1504 in
498 1459 574 1504 nova
597 1443 864 1523 grammaticorum
884 1441 1016 1506 editione
1037 1443 1103 1505 iure
1124 1441 1350 1506 desideraretur
1365 1491 1372 1505 .
1387 1461 1457 1506 nam

116 1550 242 1614 Aletrini
270 1553 509 1634 grammasscam,
542 1569 633 1632 quam
661 1553 763 1635 umbi,
796 1570 857 1615 non
891 1559 964 1634 puto
993 1570 1010 1614 a
1038 1569 1191 1634 qucquam
1224 1555 1306 1615 inter
1337 1563 1456 1615 ueteres

117 1662 335 1741 grammaticos
367 1659 536 1723 desiderari
565 1707 572 1722 .
601 1660 730 1724 alterum
762 1657 863 1724 arbem
893 1660 930 1723 de
959 1659 1139 1724 ditierentiis
1167 1659 1293 1743 librum,
1326 1662 1379 1742 qui
1410 1669 1457 1723 est

117 1767 203 1851 apud
231 1767 410 1832 Putscbium
437 1788 466 1851 p.
494 1765 583 1833 2203
613 1787 693 1854 sqq,
724 1768 866 1852 Hagenus
895 1768 999 1832 anecd.
1028 1767 1143 1833 Helvet.
1171 1789 1200 1852 p.
1229 1765 1296 1834 275
1324 1787 1390 1851 sqq.
1419 1787 1457 1832 ex

116 1875 329 1941 Bernansibns
353 1877 510 1941 codicibus
533 1885 657 1941 auctum
681 1876 803 1941 edidit.
823 1877 903 1941 idem
924 1877 961 1941 de
981 1878 1046 1941 aliis
1066 1877 1202 1942 eiusdem
1225 1881 1347 1960 generis
1371 1877 1457 1941 libris

116 1987 224 2048 infima
247 1994 346 2050 aetate
369 1988 494 2069 scriptis
517 1996 549 2049 et
572 1985 609 2048 de
633 1985 790 2050 codicibus
813 1988 845 2050 in
869 1987 981 2068 quibus
1005 1989 1027 2049 ii
1050 1989 1165 2051 inventi
1193 1995 1266 2050 suot
1293 1987 1457 2070 disputavit

117 2095 216 2177 prael.
239 2115 269 2178 p.
293 2093 395 2158 cxvii
419 2113 485 2178 sqq.
532 2094 585 2158 sed
609 2093 660 2157 illa
683 2113 760 2177 quae
790 2095 853 2158 dixi
880 2097 911 2158 ln
939 2105 1042 2158 vetere
1071 2095 1175 2158 codice
1200 2093 1342 2159 bobiensi
1375 2113 1456 2158 nunc

117 2203 317 2287 Neapolitano
336 2203 375 2266 lV
394 2204 418 2266 Α
439 2201 459 2269 8
478 2213 548 2286 post
566 2203 695 2267 Charisii
718 2206 793 2267 artis
812 2205 1024 2286 grammaticae
1043 2203 1154 2267 librum
1179 2206 1318 2286 quintum
1342 2205 1455 2286 scripta

118 2321 207 2397 sunt,
248 2312 302 2377 ubi
338 2312 445 2376 ordine
483 2313 727 2376 membranarum
768 2312 947 2395 perturbato
984 2322 1016 2376 et
1052 2315 1240 2396 interpositis
1279 2314 1456 2396 fragmentis
1517 2331 1520 2339 ·

118 2421 251 2485 Charisii
274 2431 305 2486 et
328 2421 426 2484 Servii
450 2421 488 2485 de
512 2424 632 2506 metris,
656 2424 735 2485 sicut
758 2423 789 2483 ln
813 2419 1018 2504 descriptione
1042 2425 1109 2486 eius
1128 2422 1243 2486 codicis
1261 2442 1386 2505 gramm.
1406 2422 1455 2487 lat.

118 2550 147 2593 r.
172 2529 185 2592 l
207 2551 237 2614 p.
261 2529 302 2593 XI
326 2549 392 2613 sqq.
416 2532 491 2615 dixi,
514 2534 546 2594 ln
569 2530 670 2594 tribus
692 2533 809 2613 paginis
834 2529 853 2592 i.
873 2527 943 2593 37*
968 2541 998 2594 et
1022 2532 1041 2594 i.
1065 2529 1109 2594 39
1134 2531 1278 2613 leguntur
1302 2581 1308 2594 .
1332 2534 1363 2595 in
1388 2535 1455 2614 ipso

118 2650 223 2703 tamen
247 2638 487 2704 dillerentiarnm
510 2639 612 2704 libello
636 2643 693 2702 ista
718 2637 963 2702 membranarum
982 2640 1211 2723 perturbatione
1230 2640 1306 2703 nibil
1325 2643 1455 2723 periisse

119 2767 158 2810 ex
183 2748 222 2810 iis
245 2766 322 2830 quae
346 2747 397 2810 illo
420 2748 487 2812 loon
512 2748 689 2812 dictasunt
716 2757 842 2830 apparet
865 2797 871 2810 .
897 2766 966 2811 nam
994 2757 1026 2810 et
1052 2750 1253 2832 praescriptio
1281 2751 1379 2831 posita
1407 2758 1455 2813 est

118 2861 152 2921 in
182 2867 319 2921 extrema
346 2859 454 2940 pagiua
482 2859 502 2920 l.
526 2854 569 2922 37
595 2877 629 2938 r,
657 2843 743 2937 incip
769 2855 810 2919 ἴε
834 2860 883 2937 pl’
912 2858 1015 2920 Secula
1045 2859 1121 2935 diff&
1148 2859 1244 2921 uerbo
1267 2865 1298 2921 et
1320 2861 1455 2935 nominat,

119 2967 150 3030 h.
170 2985 196 3030 e.
218 2969 373 3046 incipiunt
395 2968 479 3029 bunc
499 2970 595 3046 pluro
618 2969 789 3030 secondum
813 2967 1024 3043 differentiam
1048 2969 1212 3030 verbenam
1236 2975 1267 3029 et
1290 2971 1455 3044 nominum,

120 3078 171 3140 cui
200 3074 309 3138 deinde
338 3072 533 3139 subiciuntur
561 3075 749 3138 differentiae
779 3075 798 3138 i.
827 3071 897 3138 37*
927 3076 1016 3138 Inter
1043 3079 1189 3139 ultionem
1217 3093 1297 3159 sqq,
1327 3083 1358 3138 et
1386 3076 1454 3138 bnis

120 3187 273 3267 scriptura
296 3183 411 3247 codicis
434 3184 556 3247 videtur
579 3185 766 3266 significatus
789 3203 857 3247 esse
881 3183 901 3246 i.
924 3180 995 3248 39*
1024 3187 1125 3248 boetia
1153 3189 1255 3248 minor
1277 3218 1313 3246 ω
1336 3218 1373 3246 ω
1395 3218 1454 3246 ω.

212 3291 257 3354 lix
281 3292 387 3355 eodem
412 3292 516 3355 codice
540 3292 586 3355 vel
606 3311 644 3356 ex
663 3292 834 3376 apographo
855 3311 891 3355 ex
912 3311 947 3355 ec
968 3292 1046 3356 iacto
1065 3292 1155 3356 lanus
1174 3291 1353 3356 Parrhasius
1372 3293 1454 3356 bunc

122 3401 234 3464 librum
258 3418 319 3465 una
343 3419 413 3464 cum
437 3403 586 3465 institutis
604 3403 717 3465 artium
736 3411 768 3464 et
786 3400 942 3464 catholicis
961 3399 1054 3464 Probi
1073 3404 1190 3484 primus
1208 3401 1304 3489 edidit
1322 3400 1453 3464 vicetiae

120 3529 146 3574 a.
174 3506 259 3573 1509
284 3513 374 3592 eique
398 3509 561 3573 Frontonis
586 3529 695 3574 nomen
720 3513 929 3594 praescripsit,
957 3511 1094 3574 Cornelii
1112 3513 1277 3574 hontonis
1296 3513 1336 3574 de
1359 3515 1453 3575 nomi·

121 3638 194 3682 num
217 3621 443 3698 votorumque
465 3621 666 3696 differentias:
690 3620 728 3682 ci.
752 3637 876 3701 gramm
900 3619 949 3682 lat
969 3639 996 3682 v.
1015 3617 1054 3680 tv
1076 3638 1105 3702 p.
1124 3617 1166 3682 ix
1185 3667 1192 3682 .
1213 3622 1349 3702 quanffls
1372 3623 1454 3683 euim

121 3730 273 3810 scriptura
297 3727 411 3792 codicis
430 3731 461 3790 in
482 3727 563 3791 edito
582 3727 747 3810 exemplari
765 3728 853 3810 plane
873 3737 1014 3792 accurate
1034 3747 1176 3810 expressa
1196 3731 1329 3812 nonsit,
1353 3737 1454 3793 tamen

121 3857 159 3900 ex
187 3836 245 3899 boc
273 3854 335 3900 uno
363 3835 468 3900 codice
496 3837 661 3900 editionem
689 3836 810 3900 ductam
840 3855 908 3900 esse
936 3843 1055 3900 cerium
1084 3847 1131 3900 est
1160 3885 1167 3900 .
1195 3838 1354 3901 manifesta
1387 3839 1453 3900 eius

45 3995 49 4002 .
119 3949 167 4010 rei
190 3945 301 4010 indicia
330 3955 452 4028 praeter
480 3946 669 4029 corruptelas
698 3955 729 4010 et
757 3945 879 4010 lacunas
907 3945 1021 4009 codicis
1050 3947 1081 4008 ln
1105 3947 1237 4009 editione
1263 3948 1408 4028 repetitas
1431 3947 1453 4008 ii

121 4057 249 4119 maxime
273 4054 331 4118 loci
355 4054 517 4138 praebent,
544 4058 577 4118 in
605 4055 716 4138 quibus
739 4056 849 4119 detrita
873 4055 920 4118 rel
943 4054 1042 4118 deleta
1065 4054 1187 4118 deiectu
1210 4053 1453 4117 membranarum

119 4167 358 4256 scripturanon
383 4172 466 4227 recte
487 4163 524 4225 ab
543 4163 660 4228 editore
680 4164 817 4248 suppleta
837 4163 884 4228 rel
903 4164 994 4227 verba
1013 4165 1201 4245 gramatici
1220 4181 1280 4225 uon
1300 4161 1453 4226 intellecta

120 4276 253 4357 ratione,
277 4292 335 4356 qna
354 4277 386 4336 in
405 4271 567 4336 scribendo
587 4273 729 4337 librarius
749 4277 794 4337 uti
814 4281 1027 4349 corisuererat,
1047 4275 1230 4354 transposita
1250 4281 1322 4334 sunt
1337 4321 1343 4334 .
1359 4291 1452 4354 quare

120 4381 254 4446 dubitari
279 4384 384 4465 nequit
407 4383 481 4464 quin
506 4399 540 4444 ea
564 4385 664 4446 omnia
695 4401 771 4465 quae
799 4385 831 4445 iu
859 4385 997 4465 principe
1025 4380 1157 4444 editione
1187 4381 1274 4444 aliter
1302 4390 1392 4463 atque
1421 4383 1453 4444 in

121 4510 211 4554 manu
245 4493 360 4574 scripto
393 4489 471 4553 libro
505 4489 638 4555 exhibita
671 4500 743 4555 sunt
775 4493 967 4555 coniecturae
1000 4488 1048 4552 rel
1081 4489 1289 4571 neglegentiae
1328 4489 1453 4552 editoris

121 4600 282 4664 tribuenda
315 4603 386 4664 siut.
432 4597 586 4662 Parrhasii
619 4599 712 4662 editio
745 4603 850 4682 paucis
883 4597 1101 4664 mutationibus
1134 4598 1222 4660 lactis
1255 4601 1285 4661 in
1319 4598 1451 4660 editione

120 4711 304 4774 Ascensiana
329 4709 481 4772 Diomedis
505 4705 693 4791 aliorumque
709 4703 982 4789 'grammaticorum
1001 4726 1026 4770 a.
1048 4703 1135 4771 1516
1160 4709 1288 4789 repetita
1313 4716 1360 4769 est
1384 4756 1391 4769 .
1415 4726 1453 4770 ex

120 4818 176 4882 bac
209 4837 352 4901 expressa
386 4829 434 4881 est
465 4815 649 4880 Basileensis
682 4835 707 4879 a.
743 4812 828 4880 1527
860 4839 868 4882 :
898 4818 937 4882 ci.
970 4835 1094 4898 gramm.
1127 4816 1176 4879 lat
1211 4835 1237 4878 r.
1270 4815 1308 4878 Vl
1341 4835 1369 4898 p.
1403 4815 1452 4878 lX.
