3564 5482
519 293 696 366 axmrens
716 306 987 366 nnocvmouvn
1353 310 1419 378 441

88 492 248 557 Parrhasio
272 495 382 576 partim
406 493 463 558 alia
486 514 577 560 manu
601 497 761 582 adscriptis
786 499 970 562 coniecturis
999 497 1046 561 rel
1073 501 1148 582 ipsis
1173 499 1272 564 verbis
1297 504 1420 566 mutatis

87 611 226 665 correcta
250 611 305 666 est.

91 719 94 729 '
176 711 223 774 Hx
246 710 294 776 his
317 711 437 776 duobus
461 712 613 778 Parrhasii
637 716 793 780 codicibus
817 719 915 780 omnis
939 716 1080 780 drusiani
1104 721 1210 783 notitia
1234 721 1269 783 ad
1295 723 1420 803 eosqui

85 831 192 902 postea
225 820 271 883 rel
304 829 401 885 totum
435 820 547 884 librum
579 823 809 907 descripserunt
841 823 888 889 rel
927 823 1062 907 singulos
1100 825 1183 891 locos
1220 847 1257 892 ex
1295 849 1331 892 eo
1369 830 1420 892 de-

86 940 305 1012 prompserunt
332 939 496 1014 propagata
520 939 567 994 est
591 981 598 995 .
623 933 732 998 horum
761 938 879 1018 primus
908 934 965 997 init
997 931 1105 996 lanus
1138 932 1285 1000 Pierius
1318 935 1419 1000 Vale-

85 1041 230 1122 rianus,
254 1041 306 1122 qui
330 1041 361 1103 in
385 1039 634 1124 castigationibus
657 1045 689 1105 iu
714 1042 872 1126 Virgilium
892 1042 1004 1104 liomae
1023 1061 1049 1105 a.
1072 1039 1156 1106 1521
1177 1047 1310 1127 primum
1330 1047 1419 1110 editis

85 1167 154 1212 oum
195 1147 269 1212 allos
306 1152 531 1234 grammaticos,
569 1169 645 1234 quos
679 1170 695 1213 a
728 1151 888 1215 Parrhasio
926 1158 1098 1234 acceperat,
1135 1161 1199 1216 tum
1239 1155 1420 1220 drusianam

84 1261 208 1342 saepius
232 1260 479 1322 commemorarit
502 1307 509 1321 .
534 1257 572 1321 de
605 1259 710 1323 codiee
743 1269 845 1324 autem
878 1278 938 1342 quo
972 1277 1047 1322 usus
1076 1271 1123 1324 est
1151 1261 1257 1326 scribit
1285 1263 1359 1328 haee
1388 1268 1420 1330 in

85 1367 174 1451 Verg.
194 1367 292 1432 bucol.
315 1365 396 1453 1,80‚
421 1363 497 1432 ‘Sed
521 1371 604 1432 donc
627 1377 746 1432 noctem
771 1371 908 1451 agnoscit
926 1369 1095 1432 Arusianus
1115 1369 1232 1434 Nessus
1257 1375 1287 1435 in
1312 1374 1419 1438 eodem

85 1475 301 1540 Elocutlonum
328 1475 442 1560 libello,
475 1479 527 1558 qui
561 1475 635 1540 lalso
669 1477 725 1541 sub
755 1477 879 1540 alterius
913 1480 1034 1541 nomine
1068 1481 1298 1566 circumfertur,
1331 1485 1419 1547 cuius

84 1587 251 1668 legitimam
282 1587 512 1668 inscriptionem
548 1587 650 1648 inveni
687 1589 719 1648 in
752 1585 815 1650 lani
848 1586 1001 1650 Parrhasii
1033 1585 1236 1652 Bibliotheoa'
1269 1641 1275 1655 .
1309 1591 1419 1656 deinde

84 1695 259 1760 Nicotaus
283 1693 459 1758 Heinsius
483 1713 508 1756 a.
530 1691 631 1778 1641,
655 1705 720 1758 tum
740 1714 810 1759 curm
829 1715 885 1779 per
903 1695 1018 1778 aliquot
1036 1715 1156 1762 menses
1176 1698 1301 1782 Neapoli
1319 1720 1419 1764 versa-

84 1805 189 1888 batur,
212 1803 365 1867 Parrhasii
389 1803 509 1866 codices
534 1803 607 1866 ridit
630 1814 662 1867 et
685 1804 814 1869 alterum
838 1824 945 1868 eorum
969 1805 1161 1889 descripsit.
1186 1807 1305 1889 quade
1329 1829 1363 1872 re
1387 1813 1418 1874 iu

84 1913 205 1978 duabus
228 1912 366 1996 epistulis
390 1911 516 1994 Neapoli
539 1913 575 1976 ad
600 1913 621 1976 l.
645 1913 677 1976 F.
702 1913 886 1978 Gronovium
911 1914 989 1978 datis
1012 1917 1135 1998 scrlpsit
1154 1916 1228 1980 haec
1247 1917 1311 2000 syll.
1332 1920 1420 2001 epist.

85 2023 131 2086 ed.
155 2022 259 2086 Burm.
284 2042 310 2085 1.
333 2021 375 2084 111
399 2041 427 2104 p.
454 2018 516 2086 181
548 2021 596 2085 die
621 2019 666 2086 20
690 2021 747 2086 Mai
771 2042 797 2086 a.
825 2020 925 2107 1641,
955 2019 1116 2088 ‘Futurum
1146 2024 1232 2088 rideo
1262 2035 1295 2088 ut
1322 2035 1420 2090 aestas

84 2135 222 2216 proxima
251 2131 300 2194 hic
329 2130 402 2194 mihi
427 2132 620 2212 transigatur.
667 2131 771 2195 lnreni
799 2134 879 2194 enim
904 2133 1176 2196 Grammaticorum
1205 2134 1420 2198 nonnullorum

83 2241 234 2305 hactenns
257 2243 288 2304 ni
313 2239 400 2302 lallor
423 2239 550 2320 inedita,
583 2255 691 2320 magno
720 2239 795 2303 mihi
823 2243 893 2304 usui
925 2242 1041 2324 lutura,
1074 2259 1150 2322 qrrae
1180 2243 1303 2305 omnino
1332 2243 1420 2306 111111

83 2350 270 2414 describere.
316 2348 399 2412 lntcr
419 2366 495 2431 quos
515 2344 695 2412 Volusianus
715 2347 847 2433 lllessns,
870 2368 960 2431 quem
980 2350 1030 2413 alii
1045 2349 1219 2413 Cornelium
1233 2350 1419 2416 Frontonem

82 2459 199 2523 volunt
246 2458 466 2540 [stragmenta
491 2456 647 2521 Ciceronis
676 2476 710 2520 ac
740 2458 876 2522 Sallustii
905 2459 997 2522 multa
1027 2460 1113 2542 citat,
1146 2472 1233 2540 quae·
1251 2461 1282 2522 in
1312 2479 1418 2526 eorum

83 2568 229 2652 operibns
268 2567 381 2630 trustra
419 2574 613 2648 quaerantur.
674 2567 707 2630 ln
745 2567 907 2650 phrasibus
945 2571 1045 2631 minus
1083 2569 1202 2631 usitatis
1239 2571 1419 2634 annotandis

82 2679 277 2760 potissimum
318 2685 499 2758 occupatur,
542 2693 618 2758 quas
659 2695 697 2738 ex
734 2684 864 2758 quatuor
906 2675 1081 2740 auctoribus
1123 2676 1244 2760 selegit,
1285 2676 1418 2762 Virgilio,

82 2787 244 2870 Terentio,
273 2803 307 2848 ac
330 2776 382 2868 iis,¹
411 2802 487 2866 quos
512 2785 571 2847 iam
595 2786 755 2846 nominari.
802 2781 858 2846 Ubi
888 2782 1032 2847 Macrobii
1062 2784 1232 2848 Saturnalia
1261 2785 1417 2852 absolvero

82 2889 232 2982 (quorum
248 2895 430 2957 veterrimus
450 2893 560 2974 codex,
584 2893 636 2956 sed
657 2912 716 2956 nou
738 2891 1417 2983 11111111111111111111111111111111111111),

82 3003 120 3066 ad
145 3001 341 3066 Volusianum
364 3000 599 3065 describendum
624 2996 776 3064 transibo’
801 3051 808 3063 .
832 3000 871 3064 ih.
896 3021 924 3084 p.
952 2998 1015 3065 184
1039 3022 1143 3066 mense
1167 3003 1253 3068 lunio
1273 3024 1298 3068 a.
1320 3004 1418 3089 1641,

82 3109 185 3176 ‘Nunc
209 3133 275 3177 sarm
300 3115 331 3175 in
355 3110 555 3174 describendo
579 3111 720 3174 Arrisiani
741 3110 834 3174 lllessi
858 3109 895 3173 de
920 3111 1143 3176 elocutionibus
1166 3113 1281 3200 libello,
1304 3119 1416 3198 inquo

83 3223 252 3304 lragmenta
271 3221 427 3284 Ciceronis
451 3228 482 3282 et
501 3217 635 3282 Sallustii
659 3214 767 3283 multa’
788 3268 795 3282 .
814 3219 851 3282 de
877 3220 983 3282 eodem
1007 3223 1130 3284 invento
1150 3221 1270 3286 lsaacus
1290 3223 1415 3288 Vossius

81 3331 119 3393 ad
145 3330 179 3394 N.
205 3329 361 3395 Heinsinm
394 3331 517 3410 scripsit
549 3327 588 3390 ib.
618 3348 646 3411 p.
670 3325 737 3392 569
762 3325 881 3392 11519
907 3377 913 3390 .
939 3339 1025 3392 orant
1059 3340 1160 3394 autem
1193 3332 1313 3396 codices
1342 3344 1416 3416 tum,

11 3501 17 3512 ,
80 3458 154 3502 cum
178 3437 321 3502 Heinsius
346 3457 397 3501 eos
420 3435 555 3520 ridebat,
579 3439 609 3499 in
635 3440 818 3500 monasterio
839 3437 868 3498 S.
888 3436 1008 3501 loannis
1032 3440 1063 3501 in
1084 3438 1279 3526 Carbonaria,
1302 3443 1334 3503 in
1355 3460 1415 3524 quo

81 3547 178 3611 libros
198 3547 351 3612 Parrhasii
375 3567 411 3612 ex
435 3546 603 3610 hereditate
623 3549 749 3610 alntouii
769 3547 941 3631 Seripaudi,
966 3550 1016 3610 cui
1034 3547 1083 3610 illo
1104 3567 1156 3612 eos
1175 3549 1339 3634 legaverat,
1363 3551 1415 3615 diu

80 3668 219 3722 serratos
232 3637 310 3721 'esse
334 3666 466 3739 constat,
489 3658 665 3739 priusquam
691 3659 721 3720 in
746 3657 896 3739 publicam
921 3656 1133 3720 bibliothecam
1157 3657 1247 3721 delati
1271 3668 1369 3724 sunt.

174 3766 292 3831 Heinsii
315 3764 521 3848 apographum
545 3775 650 3847 postea
675 3784 691 3827 a
716 3765 818 3829 multis
842 3775 1022 3848 usurpatum
1041 3766 1087 3827 111
1107 3765 1207 3830 denuo
1226 3767 1414 3850 descriptum

80 3886 130 3939 est
155 3924 162 3939 .
187 3894 256 3938 nam
279 3883 401 3958 praeter
425 3893 459 3936 ea
483 3891 560 3955 quae
585 3875 649 3954 ipse
674 3872 816 3936 Heinsius
840 3875 871 3936 in
896 3875 976 3936 notis
1000 3873 1036 3936 ad
1061 3874 1218 3960 Ovidium,
1243 3875 1414 3959 Vergilium,

80 3984 235 4048 Valerium
259 3983 399 4046 Flaccum
433 3991 464 4045 ct
496 3985 527 4045 in
563 3982 741 4045 aduersariis
774 4000 812 4045 ex
843 3981 985 4044 drusiani
1022 3981 1100 4045 libro
1134 3985 1240 4068 edidit,
1278 4003 1313 4046 en
1348 3988 1414 4049 eius

80 4094 204 4158 schedis
223 4097 316 4176 petita
341 4101 414 4156 sunt
436 4111 513 4173 quae
537 4091 695 4154 loannes
719 4091 884 4154 Rhodius
906 4094 937 4155 in
962 4091 1058 4155 lexico
1079 4091 1276 4156 Scriboniano
1294 4113 1323 4175 p.
1344 4091 1413 4156 344

78 4204 119 4267 de
145 4205 345 4286 suscripsit,
378 4197 530 4264 ‘Aestuet
556 4219 590 4263 se
618 4203 671 4261 illu
700 4219 750 4262 rc:
779 4201 945 4264 Arusianus
973 4200 1091 4264 blesens
1118 4201 1170 4264 tls
1200 4203 1231 4265 in
1259 4201 1414 4286 Exemplis

79 4313 303 4396 elocutionum,
325 4310 405 4393 apud
430 4308 563 4372 Clerioos
587 4307 752 4389 Hegnlares
777 4309 900 4392 Neapoli
924 4359 933 4373 .
957 4309 1050 4373 Cuius
1080 4309 1145 4372 loco
1173 4313 1204 4373 in
1234 4310 1414 4392 quibusdam

77 4422 239 4485 corllcihus
263 4438 422 4504 perperam
447 4418 579 4482 Cornelii
599 4415 762 4479 Frontonis
785 4436 896 4481 nomen
916 4421 1063 4502 scriptum
1084 4417 1253 4483 observavit
1272 4419 1413 4483 Nicolaus

78 4525 252 4613 Heinsius',
284 4539 315 4592 et
346 4547 376 4612 p.
406 4523 472 4590 319
506 4522 649 4588 ‘rorone
674 4507 815 4588 Nicolaus
848 4525 990 4590 Heinsius
1023 4546 1094 4589 1111
1127 4525 1206 4608 apud
1230 4527 1413 4592 Arusianum

80 4638 215 4701 blessum
239 4637 310 4721 legit
334 4639 478 4716 Erumpa't
501 4655 534 4698 se
557 4637 630 4696 inde
653 4682 661 4697 .
685 4633 744 4696 Pro
774 4654 834 4717 quo
857 4634 910 4698 tls
939 4634 1016 4698 liher
1040 4635 1131 4699 habet
1154 4639 1288 4715 erumpit
1311 4633 1413 4713 inde’;

78 4749 154 4810 item
184 4765 261 4828 quae
290 4745 327 4808 dc
356 4744 461 4808 codice
491 4741 621 4825 qrrodam
650 4741 798 4805 Graevii
826 4742 982 4808 Fabricius
1014 4747 1046 4807 in
1079 4745 1178 4808 indice
1211 4743 1411 4810 bibliothecae

76 4856 189 4919 latinae
219 4874 244 4917 v.
269 4853 310 4917 111
334 4874 362 4936 p.
387 4851 454 4916 914
477 4852 608 4935 rettulit,
644 4847 795 4916 ‘drusiani
829 4853 930 4916 blessii
963 4857 1053 4936 primi
1086 4855 1202 4917 ordinis
1232 4853 1263 4918 V.
1293 4853 1324 4918 C.
1353 4855 1412 4918 cu.

134 4976 398 5011 annecterentur
412 4977 458 5008 ru.
1090 5007 1113 5052 Ἰ,
1160 4962 1195 5014 29
