3616 5482
616 349 666 408 bn
687 348 982 408 ORTHOGRAPHIA
1401 351 1466 418 135

128 543 161 600 in
189 557 219 601 m
241 539 483 616 sequentianno
513 541 562 602 nel
583 557 612 602 nt
642 545 730 620 nclp
760 547 891 604 tenetote
915 540 1016 600 Plinio
1045 546 1074 600 ct
1099 539 1273 619 Papiriano
1305 547 1336 603 et
1359 540 1472 616 Probo,

130 655 163 708 nt
187 647 299 709 irretito
323 647 452 710 imbellis
475 656 547 729 eto.;
570 646 589 710 1.
609 645 635 710 X
658 667 687 732 p.
712 644 788 724 503,
814 644 855 712 16
879 665 985 726 ntrpno
1009 649 1102 712 hiens
1125 649 1249 726 qnidam
1273 655 1304 710 et
1325 649 1471 728 Papirio·
1501 637 1504 643 ’
1603 675 1605 680 v

128 773 187 818 nna
209 763 241 818 et
264 755 386 826 Probus
409 762 472 818 tom
495 759 596 834 nopai
617 773 710 834 qnnnr
733 760 815 818 ornei
841 759 950 818 dicunt
973 754 1086 834 secere
1111 758 1333 836 praeteritum,
1361 757 1470 820 Obori·

127 867 193 928 aina
216 880 291 928 nero
314 867 396 926 naci
417 863 598 936 taeterrimi
622 863 677 926 Xll
701 884 729 946 p.
753 860 836 947 593,
862 861 903 928 13
929 868 1048 930 itliurce
1071 867 1198 928 istiusce
1217 867 1331 929 illrrcce
1353 869 1471 930 interce

9 1001 10 1012 κ
128 981 247 1038 cetereo
266 973 413 1036 dicebant
431 982 507 1037 teste
526 975 709 1054 Papiriano,
728 977 784 1052 pei
801 975 840 1038 de
858 975 1086 1053 orthographia
1109 972 1169 1038 boc
1193 977 1334 1038 ostendit.
1372 976 1470 1056 eqni·

130 1080 187 1144 bna
211 1099 247 1144 ea
271 1099 348 1164 qnae
372 1082 508 1146 meando
532 1081 598 1145 loeo
623 1083 711 1165 posui
730 1080 767 1146 de
792 1100 813 1145 n
836 1081 937 1146 littera
961 1085 992 1144 in
1017 1084 1169 1166 excerptis
1183 1103 1226 1165 ,p
1251 1079 1340 1148 2293
1364 1083 1469 1166 legun·

128 1201 191 1274 tnr3
220 1190 259 1253 de
288 1189 380 1254 verbo
409 1209 515 1270 nnpno
543 1189 599 1254 alia
628 1193 857 1274 praecipiuntur
886 1211 915 1274 p.
944 1187 1049 1275 22953
1083 1190 1199 1274 reliqna
1230 1210 1246 1252 a
1277 1189 1468 1254 Cassiodorio
1549 1273 1554 1283 Ι

126 1299 238 1362 omissa
266 1309 347 1362 eunt
384 1307 507 1383 praeter
530 1297 718 1362 Prisciennm
743 1309 844 1362 autent
872 1307 904 1362 et
927 1296 1153 1362 Cassiodorium
1182 1307 1266 1362 certa
1297 1297 1335 1362 de
1365 1299 1468 1362 ortho-

125 1408 250 1492 graphia
269 1407 422 1492 Papiniani
443 1410 615 1472 testimonia
634 1425 695 1470 non
714 1401 838 1492 scatit).
877 1424 976 1488 neque
997 1407 1034 1470 de
1054 1415 1151 1471 aetate
1172 1405 1361 1490 grammatici
1380 1409 1466 1489 quid-

126 1535 218 1602 quam
242 1527 374 1601 constat,
398 1519 457 1580 nisi
481 1516 561 1600 qnod
585 1525 654 1598 post
682 1513 831 1580 Donatum
856 1517 938 1580 vixit

133 1707 136 1712 1
217 1625 279 1690 Sed
308 1625 343 1700 Ο.
365 1625 507 1708 Papirii
535 1626 655 1688 nomine
684 1625 851 1708 inscriptus
877 1625 975 1690 lertitr
1005 1625 1105 1690 brevis
1130 1627 1367 1689 commentarius
1390 1624 1428 1690 de
1454 1635 1467 1690 t

125 1737 226 1802 littera
255 1753 325 1800 enm
354 1732 443 1798 sibilo
471 1735 678 1816 pronontiata,
707 1734 759 1816 qui
790 1735 822 1796 in
851 1741 954 1797 vetere
982 1733 1086 1798 codiee
1119 1733 1254 1798 Palatino
1282 1743 1353 1817 poet
1380 1734 1466 1798 blatii

125 1843 273 1908 Victorini
303 1842 396 1906 libros
425 1851 457 1906 et
488 1839 622 1906 libellam
650 1841 688 1905 de
716 1840 857 1906 finalibus
887 1841 1008 1925 syllabis
1037 1841 1166 1906 Maximo
1189 1841 1344 1906 Victorino
1375 1843 1464 1926 vulgo

124 1953 275 2018 tributum
294 1952 405 2034 legitur
423 1950 482 2014 hoc
501 1949 588 2013 titulo
607 1952 810 2033 praescripto,
834 1954 919 2031 incip
939 1959 961 2032 p
980 1955 1082 2030 portati
1094 1955 1218 2032 papirii
1235 1955 1462 2034 orttopropbin

8 2143 9 2146 Ἴ
121 2063 261 2142 feliciter
278 2064 390 2126 lectori
407 2069 439 2124 et
455 2062 611 2138 scriptori.
641 2057 698 2122 hoc
717 2058 830 2142 Papirii
850 2060 1053 2141 fragmentum
1072 2062 1174 2142 igitur,
1194 2060 1274 2142 qnod
1295 2060 1462 2124 Sichnrdna

8 2185 9 2254 t
123 2175 155 2236 in
178 2171 312 2235 editione
335 2168 501 2232 Basileenoi
525 2187 550 2230 a.
577 2165 661 2232 1527
687 2187 724 2231 ex
749 2168 853 2232 codice
877 2167 1012 2232 Palatino
1037 2168 1146 2253 edidit,
1172 2188 1229 2252 ego
1252 2179 1322 2252 post
1346 2171 1463 2234 Cassio·

8 2355 9 2372 χ
123 2282 202 2345 dorii
229 2287 372 2362 excerpta
401 2280 503 2362 posui,
537 2275 701 2340 Siohardus
734 2277 771 2340 ad
806 2277 1051 2361 orthographiam
1081 2278 1233 2361 Papiniani
1267 2279 1464 2344 referendum

124 2407 191 2454 aeae
220 2391 365 2472 coniecit,
394 2405 521 2470 eamque
549 2387 723 2467 opinionem
752 2405 850 2468 nuper
878 2385 1095 2450 Brambactnus
1124 2385 1161 2450 de
1190 2387 1386 2472 orthograph.
1414 2389 1463 2452 iat.

123 2517 151 2582 p.
174 2493 220 2564 55
243 2497 395 2582 probarit,
419 2498 561 2579 quoniam
585 2513 635 2558 res
659 2493 696 2557 de
721 2511 781 2576 qna
805 2497 918 2580 agitur,
949 2497 1038 2560 onius
1061 2497 1206 2560 memoria
1229 2505 1298 2560 ante
1323 2499 1462 2580 quintum

122 2605 377 2690 cormonopol
401 2604 613 2688 grammatlcoa
633 2621 694 2666 non
714 2611 810 2688 extat,
831 2601 869 2666 ab
888 2613 986 2668 aetate
1006 2604 1156 2688 Papirion!
1175 2623 1236 2668 non
1256 2605 1353 2670 aliena
1372 2617 1462 2672 osset

122 2717 268 2780 inderem
287 2714 402 2798 Papirii
424 2713 535 2778 librum
553 2712 671 2777 decimo
691 2709 813 2776 saeculo
832 2713 864 2775 in
883 2711 1025 2776 Boblenai
1050 2711 1231 2777 bibliotheca
1256 2715 1350 2780 tonse
1370 2725 1461 2780 testa·

122 2832 173 2888 tur
202 2823 292 2888 index
316 2821 456 2887 aodiontn
479 2821 674 2886 bobiensium
697 2820 815 2884 decimo
844 2821 965 2885 saeculo
995 2824 1128 2906 scriptus
1156 2823 1235 2905 apud
1259 2823 1459 2891 blnrntminm

120 2935 214 3016 antiq.
238 2930 302 2996 iol
321 2950 348 2994 v.
363 2930 404 2994 111
427 2951 456 3014 p.
470 2927 552 3014 820,
575 2933 688 2994 librario
711 2933 869 2994 Conaentii
891 2931 913 2993 Ι
930 2932 1044 2994 librum
1065 2931 1189 3010 Papirii
1211 2933 1250 2995 de
1272 2937 1463 3012 nrrnlopiol

120 3043 235 3105 librum
260 3041 280 3104 I
308 3040 453 3104 aninai
479 3042 518 3104 de
541 3058 691 3104 cometen
716 3043 872 3102 ttnnrinnm
895 3047 926 3102 et
949 3041 1121 3103 certorum.
1164 3039 1295 3122 denique
1319 3041 1460 3124 Peperini

108 3151 174 3232 qni
202 3147 316 3212 dicitnr
344 3150 458 3212 mentio
481 3149 603 3230 saepias
633 3146 709 3212 iacta
733 3157 781 3212 est
807 3149 838 3210 in
871 3146 957 3210 libris
981 3145 1018 3210 da
1042 3157 1106 3210 arte
1130 3151 1323 3230 grammatica
1348 3151 1418 3214 inde
1443 3173 1460 3215 a

122 3277 204 3322 nono
232 3255 354 3322 saeculo
382 3258 520 3349 ecripba,
547 3276 564 3320 e
593 3254 704 3339 quibua
733 3257 880 3338 quaedam
909 3265 1065 3340 excerpta,
1097 3274 1173 3337 quae
1202 3256 1245 3318 illi
1280 3257 1458 3324 tribuuntur

122 3368 211 3449 poeni
234 3367 272 3429 de
292 3383 417 3448 gramm.
437 3363 577 3450 quibusd.
597 3365 647 3428 lot.
666 3365 719 3428 ini.
739 3373 827 3428 aetat
846 3385 875 3447 p.
892 3361 944 3442 15,
964 3383 1041 3446 quaa
1060 3363 1202 3446 Hagenns
1221 3366 1326 3428 anecd.
1341 3365 1458 3432 Helvot.

122 3493 151 3557 p.
175 3473 277 3538 ceint
299 3476 392 3538 anxit
430 3474 503 3537 baec
532 3476 631 3537 omnia
661 3475 756 3555 igitur
784 3491 861 3556 quae
885 3473 1005 3556 Papirio
1029 3472 1075 3536 vel
1098 3472 1248 3556 Peperino
1280 3474 1458 3540 tribuuntur

124 3577 207 3667 (nam
233 3583 378 3666 frequens
401 3582 475 3647 haec
500 3586 655 3646 nominum
680 3585 806 3646 mutatio
830 3583 909 3665 apud
937 3584 1149 3666 grammaticos
1173 3584 1326 3648 interioria
1350 3589 1457 3650 aetatis

212 3841 240 3912 ⁶)
271 3840 419 3898 Permulta
446 3839 562 3911 qnidam
588 3858 623 3898 ax
650 3839 804 3912 Papyriani
830 3839 910 3898 libria
936 3840 972 3896 de
988 3838 1206 3911 orthographia
1231 3839 1323 3898 relata
1347 3845 1415 3898 aunt
1440 3863 1458 3900 n

122 3919 247 3980 Iohanne
267 3921 406 3979 Tortellio
424 3923 558 3981 Amatino
581 3922 611 3980 in
630 3921 842 3980 commentariis
860 3921 1055 3994 grammatioia
1073 3921 1110 3978 da
1129 3921 1337 3995 orthographia
1355 3923 1456 3980 dictio·
1510 3975 1512 3980 .

122 4021 190 4061 num
205 4021 221 4061 e
235 4001 347 4076 graecia
363 4003 519 4059 omnm
533 4020 558 4060 a
575 4009 644 4060 tait
664 4003 789 4076 primum
804 4001 896 4060 editio.
923 4019 1008 4074 qnam
1027 4001 1135 4058 librum
1149 4001 1280 4060 Oroanna
1299 4007 1328 4060 in
1343 4003 1457 4076 Apulei.

122 4083 158 4142 de
182 4084 311 4157 orthogr.
334 4083 424 4157 praei.
448 4100 476 4155 p.
500 4081 552 4140 XV
577 4087 607 4141 et
628 4101 656 4156 p.
676 4089 712 4140 ³0
735 4085 852 4156 propter
875 4083 946 4142 haec
968 4084 1032 4154 ipea
1053 4082 1218 4156 fragmenta
1241 4101 1347 4158 magno
1370 4102 1455 4158 opero

122 4165 259 4224 laudavit
298 4165 348 4223 aad
361 4181 460 4237 ‘quam
483 4163 567 4222 fldem
587 4162 658 4220 haee
681 4164 844 4237 fragmenta
866 4163 1004 4235 habeant,
1029 4165 1099 4222 satin
1122 4165 1281 4245 amatim
1305 4171 1402 4239 potent
1420 4184 1455 4225 ex

122 4247 167 4306 hia
185 4264 260 4321 qnae
278 4246 342 4322 ipae
359 4247 517 4305 Tortalliue
540 4247 570 4304 in
588 4247 714 4320 epistula
731 4247 769 4304 ad
787 4246 938 4304 Nicolaum
958 4246 1095 4315 Quintum
1113 4247 1279 4320 pontificem
1299 4247 1407 4322 scripta
1427 4254 1456 4306 ot

121 4328 307 4403 praefationi·
325 4329 389 4388 loco
407 4328 434 4387 ei
457 4328 532 4386 libro
558 4330 717 4402 praemima
734 4329 770 4386 da
794 4327 830 4384 iia
849 4326 961 4398 acrihit,
982 4327 1221 4399 ‘Accepimnaqne
1241 4329 1312 4385 haec
1331 4329 1455 4401 primum

7 4439 8 4484 t
121 4429 155 4468 ex
182 4411 352 4484 iragmamh
379 4413 478 4470 decem
505 4409 643 4467 librorum
671 4409 838 4482 Papyriani:
868 4427 938 4481 quoa
965 4409 1002 4466 de
1029 4409 1237 4480 orthographia
1264 4409 1391 4483 scripsit:
1421 4431 1455 4469 ex

121 4497 258 4568 quattuor
276 4491 358 4552 libria
376 4493 463 4552 Plinii
481 4492 518 4549 da
537 4495 599 4549 arte
618 4489 821 4564 grammatica:
841 4507 876 4548 ox
891 4489 976 4547 unico
996 4489 1069 4546 libro
1085 4489 1200 4548 Rhemii
1218 4493 1399 4563 grammatici
1419 4493 1456 4550 de

120 4579 266 4649 potactate
288 4574 464 4633 litterarum:
489 4575 532 4632 Ex
557 4573 641 4630 unico
660 4570 753 4644 Grylli
776 4571 850 4628 libro
874 4571 909 4628 do
933 4569 1097 4630 accentibus
1120 4570 1158 4627 ad
1182 4569 1350 4644 Virgilium:
1372 4573 1455 4631 onina

120 4673 212 4728 parra
229 4655 392 4730 fragmenta
405 4655 611 4728 comperimus:
630 4652 673 4710 Ex
688 4653 793 4726 Capro:
810 4671 847 4727 ex
861 4653 998 4710 Diomede
1014 4652 1050 4709 de
1070 4653 1135 4709 octo
1154 4653 1284 4725 portibus
1304 4653 1453 4712 orationis'

7 4809 8 4814 ἵ
122 4741 174 4796 etc.
190 4729 325 4794 nimirum
340 4755 396 4796 non
410 4739 504 4796 minua
519 4737 587 4793 fleta
605 4735 676 4791 haec
692 4733 836 4806 Papiriam
855 4733 1103 4806 fragmentorum,
1124 4751 1212 4806 quam
1230 4751 1304 4806 qnae
1318 4751 1353 4790 nx
1368 4733 1456 4792 Plinii

7 4817 8 4820 ’
123 4817 168 4874 val
181 4817 306 4876 fflmmii
317 4817 497 4877 Palaemonia
511 4817 558 4876 vel
568 4814 663 4874 Grillii
678 4813 758 4872 libris
772 4833 801 4872 aa
816 4815 959 4888 accepisse
973 4815 1129 4873 Tortellina
1143 4815 1300 4875 simulavit.
1322 4817 1455 4875 notitiam

122 4900 218 4956 autem
237 4915 336 4956 eorum
354 4899 491 4958 librorum
512 4897 640 4956 omnium
658 4895 695 4953 ab
715 4885 933 4954 nno'Priaoiano
953 4899 1111 4970 acceperat.
