3564 5482
356 323 424 390 400
526 395 529 400 ¹
894 321 1108 380 douram..

357 439 379 478 p.
394 429 428 470 29.
442 427 470 468 δῦ
484 425 514 468 Η.

357 532 374 576 a
398 516 487 597 citra,
510 512 638 575 inferior
656 511 791 595 iniimus,
810 515 951 596 superior
970 529 1122 597 summus,
1140 514 1225 596 prior
1243 516 1333 577 etiam
1354 517 1470 597 primus
1485 519 1526 580 od
1540 519 1694 580 adverbio

357 624 453 707 prius.
486 619 633 702 quaedam
662 628 733 684 suut
758 625 789 684 ιἰι
814 619 925 704 quibus
949 629 1066 685 tautum
1089 621 1201 704 gradus
1225 622 1427 705 superlativus
1455 625 1626 709 invenitur,
1658 633 1695 688 ut

359 732 540 796 novissimus
563 746 734 812 supremus
781 729 927 812 quaedam
951 737 1023 792 suni
1047 748 1123 811 quaa
1147 730 1275 794 diversis
1303 733 1409 814 iiguris
1437 735 1467 796 in
1497 731 1694 797 collationem

359 842 498 924 veniunt,
526 847 560 902 ut
583 838 680 902 maius
703 841 789 922 peior
811 839 977 921 pessimus,
1006 835 1106 901 bonus
1129 839 1236 902 meiior
1267 842 1414 924 optimus:
1446 841 1495 905 his
1524 845 1607 906 euim
1634 862 1694 924 per

358 967 464 1014 omues
488 957 552 1013 ires
575 947 686 1030 gradus
710 949 893 1030 comparatio
917 947 1081 1032 prooessit,
1105 965 1161 1010 neo
1181 956 1280 1012 tamen
1300 967 1392 1012 uuam
1412 951 1539 1015 sormam
1559 955 1723 1016 nominisv

358 1067 473 1124 tenent
519 1066 592 1121 suut
615 1055 671 1120 aiia
695 1054 831 1120 absoluta
855 1072 933 1137 quae
956 1053 1038 1118 uuiio
1062 1055 1184 1136 quidem
1207 1057 1303 1139 gradu
1322 1057 1491 1122 collationis
1510 1063 1695 1144 figuramur,

358 1170 512 1252 recipiunt
534 1177 637 1231 tamen
661 1165 866 1248 collationem,
894 1167 920 1228 si
944 1163 1004 1228 uiu
1027 1167 1121 1248 magis
1144 1164 1321 1229 adverbium
1345 1169 1502 1252 iungatur,
1533 1179 1567 1234 ui
1596 1174 1694 1253 magis

359 1279 457 1360 rudis,
482 1279 576 1359 magis
600 1278 684 1359 pius,
707 1283 738 1338 et
762 1276 889 1338 maxime
913 1273 1065 1358 similiter3
1088 1261 1169 1338 siout
1187 1293 1204 1337 e
1223 1278 1375 1368 contrario
1396 1279 1497 1340 minus
1515 1287 1546 1343 et
1568 1281 1693 1343 minime

359 1381 546 1472 adduntur!

450 1495 570 1559 Utimur
594 1503 694 1558 autem
719 1493 814 1576 gradu
839 1495 1110 1576 comparativorum
1134 1494 1165 1556 iu
1189 1512 1251 1557 uno
1275 1503 1306 1556 ei
1334 1494 1429 1558 aliero
1458 1515 1551 1578 prope
1582 1516 1693 1579 aequa·
1710 1513 1736 1552 u

359 1604 440 1670 libus
463 1624 497 1668 ao
521 1603 671 1668 similibus
695 1595 779 1690 (uam
804 1601 993 1666 dissimilium
1018 1605 1203 1684 comparatio
1228 1601 1308 1665 uuila
1328 1597 1402 1689 esi),
1426 1613 1460 1666 ut
1483 1599 1525 1666 ‘hi
1549 1605 1611 1668 duo
1636 1610 1695 1670 viri

360 1715 469 1799 sorios,
493 1712 546 1778 sed
569 1713 619 1776 hic
642 1713 737 1776 aitero
762 1706 891 1775 fortior'.
938 1713 1011 1775 item
1035 1713 1258 1794 comparativus
1281 1711 1394 1794 gradus
1424 1721 1454 1776 ei
1481 1709 1531 1776 his
1561 1717 1615 1796 quai
1645 1718 1696 1778 sui

360 1825 481 1906 generis
505 1831 576 1886 suut
600 1830 632 1884 et
654 1821 702 1883 his
725 1823 778 1904 qui
800 1819 925 1884 aiierius
948 1828 1020 1883 suut
1044 1827 1250 1903 eomparatur,
1273 1828 1308 1883 ut
1334 1840 1432 1903 equus
1456 1822 1589 1885 veiooior
1612 1843 1695 1905 equo

361 1932 486 2017 dicitur,
510 1933 562 2012 qui
586 1929 722 1994 eumdem
746 1931 867 2013 generis
891 1939 951 2014 est,
974 1930 1046 1992 item
1072 1928 1203 1992 velocior
1228 1948 1317 2015 caue,
1345 1933 1397 2013 qui
1417 1925 1545 1996 alterius
1569 1935 1695 2015 generis

453 2179 544 2236 Οοδνα
571 2178 772 2251 Samariense.
830 2177 911 2234 lab
939 2177 1076 2234 adverbio
1104 2196 1155 2235 οιι.
1248 2181 1357 2236 soant
1379 2180 1482 2251 quibus
1574 2187 1695 2253 oquae

362 2261 498 2322 adiuomis
577 2259 784 2332 doompariiio
865 2257 1033 2330 sequidem
1116 2257 1227 2316 Seirai
1245 2259 1387 2316 contrario
1470 2267 1504 2316 10
1523 2265 1621 2318 auiam
1640 2279 1695 2318 οιιι.
1731 2269 1743 2284 ·

453 2495 600 2570 dianoni]
628 2495 723 2552 tenuit
752 2495 896 2552 Gimre'as'ua
920 2511 951 2566 p.
978 2499 1070 2562 rou,
1097 2509 1154 2550 exo.
1174 2493 1285 2550 Choma.
1310 2511 1341 2566 μ.
1366 2499 1470 2564 536,39
1493 2539 1501 2554 .
1526 2499 1558 2552 in
1585 2501 1697 2570 yroeoa's

361 2575 567 2654 ιιρούχάρησιν
591 2579 708 2635 oovo'eov't
726 2577 862 2648 Ηνρτιιιιι
933 2575 1013 2633 uallo
1035 2575 1151 2647 quidem
1171 2574 1209 2630 M
1279 2581 1295 2632 'i
1320 2594 1372 2632 ταν
1396 2595 1494 2640 move
1516 2577 1541 2633 si
1564 2577 1606 2634 oie
1631 2583 1636 2644 Ι
1661 2600 1697 2636 τι

363 2667 470 2736 μαλλον
488 2659 580 2733 magio
592 2657 629 2714 M
702 2664 718 2714 8
734 2675 767 2713 ειι
781 2677 833 2714 τοι
847 2677 980 2715 ινανιιον
994 2675 1029 2712 ex
1043 2655 1184 2713 contrario
1199 2656 1292 2713 minus
1306 2659 1336 2713 et
1349 2656 1465 2714 minime
1481 2662 1486 2727 Ι
1501 2661 1697 2730 πραοβιιιιται

361 2745 524 2805 adiciuntur
544 2741 583 2797 M
666 2745 699 2796 10
718 2743 855 2810 χρωμιθα
873 2742 906 2796 δι
926 2737 1033 2795 utimur
1051 2741 1147 2796 autam
1169 2739 1207 2794 M
1289 2745 1322 2794 la
1340 2742 1441 2794 θαοτω
1462 2759 1544 2796 αιτιοι
1568 2741 1697 2800 uelocior

363 2843 438 2899 aquo
454 2828 458 2895 Ι
474 2829 588 2894 zaram
607 2843 658 2880 τον
678 2821 783 2878 dieitur
801 2820 851 2893 qui
867 2823 872 2894 Ι
888 2839 1047 2892 ομουγενου
1066 2839 1164 2885 ωυτως
1183 2819 1308 2878 εἰαιδοιιι
1326 2819 1439 2892 generis
1458 2822 1503 2878 est
1521 2821 1560 2878 M

362 3131 429 3204 ἀπὸ
452 3136 514 3203 τοῦ
606 3139 690 3220 μιὶοι
712 3131 769 3201 καί
791 3139 909 3220 primus
932 3128 998 3202 ἀπὸ
1021 3135 1084 3201 τοῦ
1109 3129 1335 3220 ἐπιρρήματος
1352 3142 1454 3218 priua.
1499 3130 1577 3202 τινὰ
1602 3137 1699 3203 ἔστιν

363 3245 406 3313 ἐν
430 3237 482 3324 οἷς
508 3239 619 3331 μόνον
647 3239 665 3310 ὁ
695 3237 830 3329 βαδμὸς
858 3237 876 3309 ὁ
905 3237 1132 3327 ύπερθετιιιός
1159 3237 1349 3327 εὑρίσκεται
1414 3238 1522 3310 .τιυά
1551 3247 1646 3312 ἔστιν
1674 3239 1698 3312 ἃ

364 3349 546 3439 διαφόροις
568 3348 687 3430 τύποις
710 3352 758 3429 εἰς
782 3347 961 3438 σύγκρισιν
990 3354 1120 3437 ἔρχεται
1190 3347 1346 3429 ,τούτοις
1373 3347 1439 3436 γὰρ
1468 3349 1525 3419 διὰ
1553 3349 1698 3420 πάντων

343 3487 434 3530 ,ταν
456 3461 562 3544 τριῶν
577 3460 731 3546 ’βαθμῶν
755 3455 776 3545 ἡ
802 3456 977 3546 σύγκρισις
999 3455 1228 3546 προχωρήσει,
1252 3451 1327 3526 ἀλλ’
1354 3453 1445 3544 ὅμως
1464 3455 1527 3526 ούπ
1547 3461 1614 3546 ἔχει
1635 3461 1698 3528 ἕνα
1724 3473 1728 3483 ’

362 3568 472 3640 τύπον
504 3572 567 3638 τοῦ
599 3563 778 3655 ὀνόματος.
833 3571 926 3635 ἔστιν
956 3564 1042 3634 ἄλλα
1079 3563 1230 3635 ἀπόλυτα
1263 3561 1285 3634 ἀ
1319 3563 1435 3635 ούδευὶ
1473 3563 1535 3654 μὲν
1567 3572 1696 3661 βαθμῷ
1725 3599 1736 3637 ι

365 3682 572 3766 συγκρίσεως
594 3679 776 3762 τυπούται,
804 3673 1003 3763 ἀναδέχεται
1032 3677 1148 3764 μέντοι
1177 3673 1238 3764 τὴν
1268 3672 1459 3762 σύγκρισιν,
1489 3671 1549 3744 ἐὰν
1578 3673 1699 3758 αὐτοῖς

363 3787 402 3858 τὸ
426 3790 557 3876 μᾶλλον
585 3786 752 3874 ἐπίρρημα
782 3783 1001 3873 ζευγθήσεται
1028 3783 1085 3853 καί
1117 3782 1156 3851 τό
1226 3781 1386 3872 ,ὁμοίως
1417 3780 1530 3871 ὥσπερ
1562 3787 1599 3855 ἐκ
1631 3790 1698 3855 τοῦ

365 3899 526 3967 ἐναντίου
616 3892 898 3982 προσβάλλεται1

444 4002 627 4092 ,Χρωμεθα
652 4001 689 4070 δὲ
708 4003 754 4094 τῷ
773 4004 898 4093 βαθμῷ
917 4003 986 4070 τῶν
1006 4004 1231 4087 συγκριτικῶυ
1250 4002 1288 4070 ἐν
1307 4001 1359 4070 ἕνὶ
1377 4002 1433 4071 καὶ
1453 4003 1554 4096 ἑτέρω
1570 4001 1698 4092 σχεδὸν

366 4112 523 4194 ίσοιςιιαὶ
539 4109 670 4198 ὁμοίοις
693 4111 776 4200 (τῶν
800 4106 865 4200 γὰρ
889 4106 1064 4198 ἀνομοίων
1087 4108 1263 4194 σύγκρισις
1287 4106 1428 4198 οὐδεμία
1447 4111 1566 4200 ἐστίν),
1591 4108 1637 4193 ὡς
1654 4111 1697 4182 τὸ
1715 4145 1739 4183 ιι

367 4211 489 4308 ,οὗτοι
513 4222 550 4288 οί
571 4217 634 4287 δύο
659 4215 783 4303 ἀνδρες
807 4221 958 4306 ἰσχυροί,
988 4213 1063 4286 ἀλλ’
1091 4207 1190 4297 οὗτος
1212 4221 1274 4286 τοῦ
1299 4219 1416 4306 ἑτέρου
1441 4219 1698 4308 ίσχυρότερος“.

366 4327 494 4418 ὁμοίως
524 4325 542 4397 ὁ
575 4325 789 4415 συγκριτικὸς
820 4323 956 4414 βαθμός
987 4328 1043 4395 καί
1077 4323 1211 4406 τούτοις
1244 4339 1316 4407 τοῖς
1349 4331 1412 4396 τοῦ
1438 4324 1544 4396 αὐτοῦ
1572 4329 1699 4414 γένους

367 4429 466 4508 οὖσιν
489 4437 545 4506 καί
568 4435 702 4518 τούτοις
725 4449 796 4517 τοῖς
819 4437 938 4521 ἑτέρου
961 4427 1060 4504 οὖσιν
1085 4440 1316 4522 συγκρίνεται,
1346 4433 1392 4516 ἀς
1422 4433 1460 4504 τὸ
1484 4438 1585 4518 ἵππος
1606 4438 1698 4506 θάσ-

367 4566 438 4617 σων
462 4549 567 4615 ἵππου
590 4548 721 4633 λέγεται
744 4549 806 4614 τοῦ
831 4542 1018 4633 ὁμογενοῦς
1041 4541 1154 4629 ὄντος,
1184 4539 1310 4631 ὁμοίως
1332 4544 1476 4613 θάσσων
1503 4541 1610 4625 κυνὸς
1632 4551 1698 4616 τοῦ

459 4799 582 4875 iprior]
601 4800 665 4872 pior
737 4799 886 4871 priunum.
964 4793 1033 4854 aiv
1052 4814 1103 4855 οιι.
1182 4805 1389 4869 4τρογαρησει
1472 4791 1609 4854 dodoni
1627 4796 1696 4878 μέν]

368 4883 490 4954 ονδενμε
565 4881 707 4960 ’ίμάλλον
726 4897 777 4937 om.
852 4885 1028 4954 9σῦιιριτων
1104 4886 1137 4935 14
1156 4899 1239 4936 ιτποι
1258 4897 1414 4952 ομογεναυς
