3590 5486
274 403 276 406 ,
321 338 389 406 242
926 313 1050 398 aunan

323 455 344 494 p.
358 441 419 484 asae.
434 443 460 482 aa
474 441 500 482 a.

324 535 371 590 est
393 525 530 609 dactylus
555 545 591 591 ex
615 526 702 612 longa
727 537 757 592 et
781 525 898 592 duabus
927 527 1071 591 brerlbus
1095 537 1267 612 temporum
1291 539 1449 613 quattuor,
1479 539 1513 593 ut
1543 528 1661 611 regula:

322 636 556 720 amphibrachus
584 657 620 700 ex
645 635 730 700 brari
754 647 784 702 et
809 637 897 720 longa
921 647 952 702 et
981 637 1066 701 brevi
1095 647 1267 722 temporum
1290 649 1442 723 quattuor,
1470 649 1505 704 ιιι
1534 638 1662 721 harena3

321 745 393 810 hulc
408 749 596 838 ,contrarius
625 757 671 812 est
701 749 923 832 amphimacrus
951 766 988 811 ex
1016 747 1105 832 longa
1133 759 1164 814 et
1192 749 1277 814 hrerl
1306 759 1337 812 et
1368 749 1455 832 longa
1487 759 1661 832 temporum

323 839 474 940 quinque,
497 866 531 921 ut
555 859 722 940 impotens:
745 855 890 920 bacchius
910 875 945 919 ex
965 853 1051 920 breui
1070 865 1102 920 et
1121 856 1238 922 duabus
1264 856 1361 940 longis
1381 866 1552 940 temporum
1573 861 1662 940 quln-

322 980 396 1044 que,
420 972 455 1026 ιιι
477 973 598 1049 poetae3
622 965 693 1030 hulc
713 967 885 1030 contrarius
904 973 951 1029 est
970 964 1176 1030 antibacchius
1196 983 1231 1029 ex
1252 964 1370 1030 duabus
1394 965 1492 1049 longis
1518 977 1549 1030 et
1575 966 1688 1030 brevia

323 1080 496 1154 temporum
520 1077 670 1159 quinque,
698 1085 733 1138 ut
757 1084 872 1138 natura.
910 1073 967 1138 hos
991 1083 1171 1159 sequnntur,
1195 1084 1230 1137 nt
1254 1074 1329 1158 dlxi,
1358 1075 1451 1157 pedes
1475 1061 1662 1158 tetrasyllabi

321 1177 405 1264 XVI,
423 1181 622 1265 pentasyllabi
641 1180 767 1268 XXXll,
786 1181 970 1266 hexasyllabi
989 1181 1107 1247 LXllll.
1136 1182 1188 1246 sed
1208 1181 1283 1246 baec
1303 1183 1425 1246 interim
1446 1193 1551 1246 nostro
1566 1187 1663 1266 operi,

323 1289 405 1370 qnod
429 1290 467 1353 de
491 1299 555 1354 arte
580 1293 705 1354 metrica
730 1291 885 1376 cudimus,
908 1292 982 1355 satls
1006 1309 1074 1355 esse
1097 1301 1249 1374 putamus.

359 1466 420 1534 DE
443 1467 599 1536 METRO
623 1467 878 1538 Dauumco
902 1466 1185 1536 HEXAMETRO
1209 1466 1298 1536 VEL
1321 1466 1630 1536 PENTAMETRO

415 1616 545 1682 bletrum
565 1615 746 1698 dactylicum
764 1617 989 1702 hexametrum,
1009 1612 1015 1698 Ι
1036 1615 1115 1700 qlod
1137 1626 1167 1680 et
1189 1616 1347 1681 heroicum
1367 1629 1501 1702 vocatur,
1520 1637 1558 1681 eo
1580 1617 1662 1700 qnod
1677 1635 1700 1675 u

324 1724 383 1788 hoc
403 1727 530 1789 maximo
551 1725 692 1810 heroum,
711 1725 770 1789 hoo
789 1737 836 1788 est
855 1729 989 1790 virorum
1010 1726 1143 1809 lortitrm,
1164 1725 1240 1788 iacta
1260 1735 1414 1812 canerent,
1433 1729 1546 1791 ceteris
1565 1729 1662 1788 omni·

325 1832 383 1895 bus
406 1832 566 1915 pulchrius
586 1833 759 1916 celsiusque
773 1844 833 1916 ¹est
872 1834 953 1898 unde
972 1833 1128 1918 opusculis
1147 1844 1208 1899 tam
1231 1835 1357 1919 prolixis
1376 1842 1467 1918 quam
1486 1837 1661 1916 succinctis,

324 1951 384 2006 mm
405 1941 513 2007 vilibus
533 1962 623 2025 quam
643 1943 795 2008 nobilibus
815 1953 918 2027 aptum
938 1963 1005 2008 esse
1025 1945 1193 2007 consuerit
1227 1953 1345 2008 constat
1364 1953 1466 2008 autem
1486 1963 1523 2008 ex
1542 1942 1661 2024 dactylo

325 2060 356 2115 et
379 2051 513 2134 spondeo
537 2051 584 2115 rel
616 2052 772 2132 trochaeo,
801 2055 841 2116 lta
865 2062 899 2117 ut
922 2055 1050 2136 recipiat
1068 2051 1242 2136 ¹spondeum
1270 2052 1344 2116 locis
1368 2051 1509 2117 omnibns
1538 2060 1662 2134 praeter

212 2235 220 2260 i
324 2161 480 2245 quintum,
507 2160 657 2245 dactylum
680 2169 802 2245 praeter
826 2161 982 2246 ultimum,
1011 2161 1187 2225 trochaeum
1211 2148 1282 2224 vero
1307 2161 1380 2226 loco
1398 2171 1515 2226 tautum
1539 2158 1700 2242 ultimo;1a

325 2269 386 2353 rel,
410 2279 444 2334 ut
468 2269 590 2353 quidam
614 2270 776 2355 deliniunt,
799 2271 968 2354 spondeum
992 2270 1099 2335 ultimo
1123 2270 1189 2334 loco
1209 2288 1331 2354 semper
1355 2281 1386 2334 et
1409 2268 1551 2363 omuibus
1575 2286 1661 2350 prae·

324 2388 373 2442 ter
392 2381 547 2464 quintum,
571 2379 747 2443 trochaeum
768 2400 839 2444 vero
860 2399 1024 2464 nusquam,
1047 2383 1132 2464 quia,
1156 2380 1214 2442 etsl
1231 2377 1337 2442 ¹ultima
1356 2377 1458 2442 brevis
1478 2386 1524 2442 est
1544 2387 1661 2460 natura,

326 2489 427 2551 tamen
452 2487 620 2570 spondeum
645 2488 716 2552 iacit
741 2489 777 2552 ad
802 2499 904 2552 votum
928 2495 1101 2572 poetarum,
1133 2491 1199 2571 qui,
1224 2498 1258 2552 ut
1281 2487 1501 2571 praediximus,
1524 2485 1661 2551 nltimam

325 2614 432 2659 uersus
451 2597 550 2660 omnis
570 2595 712 2680 syllabam
735 2597 945 2662 indifferenter
964 2599 1126 2680 accipiunt
1160 2596 1293 2680 alioquin
1312 2596 1480 2679 legitimum
1499 2614 1661 2660 numerum

326 2707 431 2787 viginti
455 2714 599 2788 quattuor
624 2715 795 2789 temporum
819 2726 926 2771 uersus
954 2705 1130 2769 hexameter
1154 2725 1214 2768 non
1245 2705 1380 2791 babebit,
1409 2708 1479 2788 quia
1503 2713 1550 2769 tot
1577 2703 1661 2767 illum
1675 2721 1701 2760 ao

325 2833 381 2897 pro
413 2816 461 2878 sui
491 2815 680 2898 perlectione
710 2814 823 2878 habere
855 2815 996 2900 decebat,
1028 2824 1103 2898 quot
1133 2815 1223 2878 habet
1254 2812 1331 2878 libra
1361 2815 1451 2898 plena
1482 2816 1661 2878 semuncias.

326 2921 418 2986 huius
442 2921 614 3006 exemplum

490 3031 649 3095 culmina
673 3030 785 3095 multa
808 3031 912 3114 polos
937 3031 1100 3096 radianti
1123 3032 1260 3096 lumine
1285 3030 1478 3114 complent

327 3143 386 3206 hoc
410 3152 541 3207 metrum
565 3153 635 3226 pust
653 3141 819 3205 Homerum
843 3141 959 3204 heroici
983 3160 1094 3205 nomen
1116 3143 1246 3224 accepit,
1270 3141 1407 3224 pythium
1427 3150 1513 3204 antea
1538 3139 1664 3220 dictum,

327 3241 363 3314 eo
388 3251 469 3334 qnod
493 3250 639 3334 Apollinis
663 3249 783 3314 oracula
807 3248 858 3313 illo
883 3252 943 3313 sint
968 3259 1065 3312 metro
1090 3249 1178 3312 edita.
1676 3263 1700 3303 n

418 3361 497 3426 lluic
521 3369 683 3442 cognatum
703 3368 751 3422 est
775 3367 805 3421 ιι
828 3361 914 3440 quasi
940 3357 1127 3421 lamiliariter
1146 3357 1329 3440 adhaerens,
1353 3359 1394 3420 ita
1418 3365 1452 3420 nt
1476 3359 1541 3419 sine
1567 3359 1664 3440 ipsius

328 3471 478 3553 praesidio
503 3487 668 3552 numquam
692 3467 722 3530 id
747 3471 879 3551 positum
904 3467 1045 3550 viderim,
1069 3476 1200 3530 metrum
1224 3465 1404 3549 dactylicum
1430 3475 1666 3548 pentametrum,

328 3579 408 3660 quod
438 3582 547 3663 recipit
575 3577 744 3660 spondeum
773 3576 838 3640 loco
867 3579 966 3660 primo
996 3584 1026 3638 ιι
1054 3575 1202 3658 secundo,
1232 3573 1383 3657 dactylum
1411 3574 1486 3637 locis
1513 3573 1665 3658 omnibns,

327 3687 494 3752 catalecton
519 3691 549 3750 in
574 3686 672 3750 medio
697 3695 728 3748 et
752 3685 819 3748 flue.
858 3686 948 3748 huius
973 3682 1143 3767 exemplum

492 3794 754 3878 laetanturque
778 3797 853 3876 piis
877 3795 1017 3876 agmina
1042 3802 1165 3854 sancta
1190 3792 1322 3856 choris.
1678 3805 1704 3846 ιι

333 3906 425 3970 hulrrs
444 3907 535 3969 metri
558 3923 665 3967 versus
685 3905 806 3985 quidam
831 3907 872 3966 ita
891 3901 1079 3965 scandendos
1099 3900 1275 3980 adstruunt,
1299 3911 1334 3963 ut
1357 3901 1491 3983 quinque
1511 3899 1664 3962 absolutos

329 3992 424 4099 pedes
447 4017 492 4077 eis
516 4016 616 4077 inesse
640 4011 783 4095 doceant,
806 4010 975 4092 spondeum
996 4013 1057 4073 sire
1082 4007 1233 4092 dactylum
1257 4009 1323 4073 loeo
1346 4012 1445 4093 primo
1467 4019 1498 4074 et
1521 4009 1664 4093 secundo,

328 4124 497 4207 spondeum
517 4125 609 4185 tertio
629 4140 759 4204 semper,
779 4127 886 4202 quarto
907 4129 938 4182 et
957 4121 1063 4200 quinto
1084 4128 1271 4202 anapaestos,
1291 4118 1383 4182 velanti
1407 4120 1433 4180 si
1459 4117 1541 4180 dlcas
1561 4112 1662 4199 ‘qnae-

330 4236 387 4297 rite
416 4251 508 4315 regna
538 4230 612 4314 poli,
648 4231 785 4312 quaerite
818 4245 909 4309 regna
943 4221 1031 4310 poli',
1060 4229 1196 4308 quaerite
1225 4226 1375 4308 dactylus,
1403 4243 1536 4306 regnapo
1565 4224 1663 4306 dacty-

421 4415 452 4466 11
476 4406 577 4466 celeris
593 4437 627 4448 --
644 4410 677 4462 lb
696 4405 809 4459 tantum
824 4400 927 4456 ultimo
949 4400 1034 4457 Mati.
1052 4401 1154 4458 Tbeed.
1171 4407 1237 4470 589,
1252 4405 1291 4460 23
1347 4405 1382 4455 ιι
1401 4400 1524 4455 metrum
1544 4399 1665 4470 dactyli·

329 4507 395 4548 cnm
412 4490 625 4563 pentametrum
646 4485 730 4542 Mati.
752 4483 854 4541 Tbeod.
875 4487 979 4551 590,2
1253 4507 1255 4510 v

422 4661 456 4711 ιο
469 4659 505 4722 ιι
523 4670 574 4711 om.
595 4637 651 4721 'en
671 4649 736 4706 aaa.
758 4647 820 4704 aa
896 4651 929 4702 aa
949 4645 1088 4702 definiunt
1107 4645 1185 4702 aaz
1204 4644 1333 4701 reomau
1352 4643 1393 4699 n:
1417 4645 1452 4713 as.
1477 4641 1614 4702 amona.
1633 4645 1666 4700 aa

329 4741 405 4792 metu
422 4743 531 4807 p.208,
546 4740 587 4794 26
654 4738 687 4789 18
707 4727 865 4803 quiantL
924 4733 960 4800 ιι)
975 4726 1142 4798 quietata
1157 4745 1230 4799 quaa
1246 4729 1327 4798 (corr.
1342 4727 1409 4797 qna)
1424 4725 1670 4798 rotumum?

380 4823 415 4872 ιι
434 4817 541 4889 accipit
560 4817 592 4872 F
663 4822 698 4871 ιι
718 4813 776 4870 sint
794 4809 934 4869 metro-P
949 4811 1040 4864 metro
1061 4809 1118 4867 sint
1137 4809 1163 4864 L
1183 4811 1249 4865 sunt
1267 4809 1359 4864 metro
1379 4805 1411 4862 F
1482 4813 1516 4864 33
1537 4810 1666 4880 quaerite

330 4915 419 4970 regna
439 4897 498 4970 poli
517 4897 597 4954 sanet
615 4899 751 4969 scriptum
769 4895 871 4952 babeat
891 4890 961 4959 LF,
977 4897 1074 4962 posteo
1093 4893 1211 4948 deletum
1230 4893 1262 4947 ιη
1281 4891 1318 4960 L,
1337 4891 1379 4947 ιιι
1397 4890 1532 4962 scriptum
1553 4891 1600 4960 Pf
