3616 5482
612 353 668 411 on
689 329 986 412 ounnoosaams
1405 353 1468 420 157

131 457 221 510 ,aaa
235 455 261 498 r.
908 487 921 508 .

75 619 79 626 ἱ
131 540 246 607 manus.
283 539 358 605 baec
386 541 418 604 in
447 542 559 604 ceteris
582 541 703 605 casibus
727 549 779 605 aut
806 544 838 605 in
871 537 918 602 bis
942 545 1055 603 exeunt
1078 547 1130 602 ant
1153 541 1184 602 in
1208 543 1268 624 pis,
1292 549 1327 604 ut
1350 541 1470 624 caeleps

130 649 268 733 caelibis,
292 668 405 733 auceps
428 650 569 732 avrcupie,
593 648 705 732 Cinyps
729 648 861 732 Cirrypis.
895 635 1078 711 divisionem
1106 657 1264 732 practerea
1289 648 1470 732 syllabarum

129 757 166 820 ad
185 756 222 821 bs
241 766 273 822 et
290 778 327 842 ps
346 760 551 842 pertinentem
570 756 641 820 hinc
661 755 851 841 observabis,
870 756 950 838 quod
957 805 965 840 ,
989 756 1174 840 ubicumque
1193 766 1355 841 pserunt,
1378 759 1469 822 (liridi

130 884 191 929 non
214 876 361 952 possunt,
390 866 444 930 sed
468 864 505 928 ad
531 873 710 947 sequentem
734 873 786 929 aut
810 865 1039 930 antecedentem
1063 864 1206 948 syllabam
1229 865 1470 950 applicabuntur,

90 995 103 1036 e
132 982 285 1056 tamquam
305 978 398 1040 unlus
422 974 540 1038 litterae
563 981 745 1056 potestatem
769 971 913 1058 babeant,
936 981 972 1036 ut
993 976 1139 1058 apstinui,
1164 983 1268 1058 apest
1291 977 1378 1058 tinui,
1402 993 1469 1058 aps·

131 1085 226 1167 cessi,
250 1101 304 1168 ape
328 1094 358 1148 et
381 1085 475 1165 cessi,
498 1081 666 1166 apscondo,
690 1099 744 1164 aps
763 1089 794 1145 et
812 1081 919 1146 condo.
956 1091 988 1145 at
1010 1081 1064 1146 tabl
1087 1081 1122 1146 bs
1147 1084 1275 1169 trienna,
1296 1083 1470 1148 dividantur

133 1210 259 1258 necesse
280 1201 339 1278 est,
359 1203 393 1257 ut
412 1191 546 1274 obstipui
569 1189 718 1274 obstupeo
742 1189 850 1254 obsum
874 1189 1028 1274 obstrepo.
1064 1202 1222 1273 praeterea
1245 1191 1281 1256 bs
1305 1212 1470 1276 numquam

119 1303 311 1365 coniunctas
332 1301 485 1381 ¹invenies:
509 1301 671 1364 nonenim
696 1309 826 1382 possunt
844 1301 944 1364 lacere
964 1297 1117 1382 syllabam.
1155 1309 1186 1363 et
1209 1303 1236 1364 si
1255 1303 1383 1383 primam
1403 1304 1468 1383 qui·

130 1407 199 1474 viem
223 1410 358 1474 vocalem
381 1409 524 1491 babeant,
552 1407 660 1471 lolium
691 1411 778 1490 quasi
808 1410 891 1492 ipsae
916 1417 1099 1492 consonent,
1123 1417 1157 1472 ut
1181 1407 1279 1493 trabs,
1302 1413 1372 1491 quia
1396 1410 1469 1472 dici·
1575 1447 1581 1457 ·

50 1555 57 1569 ·
91 1541 117 1582 ιι
131 1535 198 1581 mus
224 1517 354 1604 trabem3
379 1527 516 1584 ceterum
541 1519 567 1579 ei
587 1526 655 1581 ante
676 1517 811 1581 vocalem
827 1526 994 1600 ponantur,
1018 1515 1100 1581 navilo
1121 1517 1211 1580 modo
1231 1521 1469 1582 enuntiationem

130 1628 263 1709 capiunt.
293 1636 400 1692 contra
422 1645 458 1711 ps
478 1629 569 1691 etiarn
589 1629 778 1710 praepositae
799 1629 843 1690 sie
863 1636 986 1711 sonant,
1011 1635 1044 1690 ut
1067 1627 1147 1710 apud
1172 1627 1303 1692 Graecos
1327 1635 1361 1706 ψ.
1400 1647 1469 1692 ean·

130 1736 199 1800 dem
224 1740 372 1801 rationem
396 1745 472 1820 poto
495 1734 713 1800 observandam
738 1745 769 1800 et
792 1739 824 1800 in
848 1734 962 1820 verbis,
986 1753 1063 1818 quae
1086 1739 1251 1818 praeterito
1277 1746 1412 1820 tempore
1438 1745 1467 1800 et

131 1844 235 1909 loturo
258 1847 410 1910 incertum
434 1857 481 1933 est
504 1863 523 1927 p
548 1863 586 1908 an
609 1844 629 1908 b
652 1845 765 1909 babere
795 1843 933 1908 debeam.
978 1862 1046 1906 nam
1071 1846 1150 1908 siout
1173 1847 1204 1908 in
1228 1843 1350 1910 casibus
1375 1848 1469 1909 nomi·

130 1971 203 2016 nom
227 1973 248 2036 p
271 1953 372 2018 littera
395 1955 428 2018 iu
451 1953 471 2016 b
495 1962 709 2038 commutatur,
733 1962 768 2018 ut
791 1962 840 2018 est
862 1951 982 2035 caeleps
1006 1951 1138 2035 caelibis,
1162 1957 1203 2016 ita
1223 1957 1253 2016 in
1278 1954 1467 2037 temporibus

93 2079 253 2144 regnoque
284 2062 448 2126 verborum
479 2081 495 2125 e
527 2066 680 2126 contrario
711 2062 731 2126 b
761 2065 792 2126 in
823 2082 843 2144 p
875 2068 1093 2124 commutatum
1124 2060 1273 2138 videmus,
1303 2071 1338 2126 ut
1368 2061 1469 2126 scribo

129 2171 239 2252 scripsi
264 2173 449 2255 scripturus,
473 2171 558 2234 labor
581 2171 685 2254 lapsus
708 2171 864 2255 lapsurus,
894 2169 976 2233 nubo
1000 2172 1091 2251 nupsi
1120 2177 1261 2252 nuptura.
1298 2173 1369 2235 ain
1393 2173 1468 2234 anti·

91 2297 101 2306 ·
130 2281 200 2359 quis
229 2277 317 2343 libris
339 2279 517 2345 Latinorum
546 2282 696 2362 scriptum
722 2297 784 2343 non
813 2287 875 2363 est,
902 2277 956 2340 sed
985 2296 1041 2360 pro
1065 2277 1116 2340 illo
1140 2277 1200 2341 duo
1225 2295 1240 2340 s
1267 2278 1468 2362 ponebantur,

129 2386 307 2451 crotalizare
326 2388 526 2452 crotalissare.
559 2387 612 2451 sed
633 2386 764 2450 viderint
782 2385 824 2450 illi
845 2387 912 2469 qui,
931 2385 1122 2458 curn,verbis
1141 2386 1321 2468 quibusdam
1341 2389 1469 2470 integris

129 2493 316 2560 Graecorum
336 2499 381 2561 uti
404 2500 435 2562 io
455 2497 546 2561 latina
570 2496 673 2580 lingua
697 2513 760 2560 nou
779 2493 983 2578 erubuerunt,
1006 2493 1248 2559 erubescendum
1273 2495 1469 2560 crediderunt

92 2601 246 2668 solitteras
270 2622 394 2686 graecas
417 2607 637 2670 intermiscere.
675 2623 744 2668 nana
765 2607 859 2669 satius
880 2611 927 2666 est
949 2601 1055 2666 alienis
1079 2602 1157 2666 bene
1182 2605 1227 2667 uti
1251 2622 1341 2685 quam
1365 2613 1468 2668 nostra

129 2711 319 2794 ineleganter
342 2732 505 2796 apponere.

223 2821 349 2886 Praesto
381 2841 437 2887 nos
467 2841 523 2905 per
553 2839 571 2884 o
602 2818 780 2904 scribimus,
810 2828 930 2882 veteres
960 2838 1017 2902 per
1048 2839 1068 2884 u
1099 2821 1299 2902 scripserunt
1344 2819 1396 2883 sevi
1423 2823 1467 2884 sic

130 2937 252 3010 praesto
276 2929 438 2995 dicendum
463 2941 523 3016 est,
547 2938 582 2994 ut
604 2928 710 2993 sedulo
735 2937 765 2992 et
789 2937 891 3010 optato
916 2937 947 2991 et
970 2932 1087 2992 sortito.
1125 2928 1195 2992 iude
1220 2937 1251 2991 et
1279 2929 1468 3012 praestolari,

222 3109 257 3188 lii
277 3125 292 3160 a
311 3105 342 3162 in
361 3105 488 3177 antiquie
505 3104 587 3162 libris
607 3103 723 3162 Ooruut.
742 3107 806 3172 154,
826 3109 844 3160 7

224 3276 237 3324 1
258 3269 329 3325 baec
343 3267 374 3325 in
389 3267 492 3326 ceteris
506 3268 535 3324 A
553 3267 582 3326 h.
597 3264 628 3323 in
642 3265 744 3322 eatena
760 3266 785 3324 0
800 3265 830 3322 in
845 3267 1024 3338 ceteris·(oov.
1038 3267 1122 3337 haec)
1140 3265 1169 3322 Β
1225 3267 1330 3324 exeunt
1343 3282 1394 3322 our.
1411 3265 1435 3321 0

131 3353 147 3404 2
166 3365 289 3422 aucceps
310 3349 419 3421 ancipis
438 3349 466 3404 Β
541 3365 648 3421 cynpps
668 3346 780 3419 cynipie
795 3349 822 3402 A
843 3365 951 3420 cynyps
972 3347 1127 3420 cpnyoypis
1141 3347 1169 3402 Β
1189 3347 1278 3419 cinips
1294 3345 1436 3403 cinibisO

132 3429 234 3486 ahino
253 3429 420 3487 observabis
439 3429 516 3500 qaod
534 3429 563 3484 Β
582 3429 657 3485 bano
676 3427 892 3485 obseruabimns
911 3427 980 3500 quia
997 3427 1057 3484 AO
1110 3437 1127 3484 t
1145 3433 1263 3501 possent
1283 3429 1306 3483 0
1359 3431 1469 3484 otom-

132 3511 229 3585 quana]
248 3516 336 3582 tamq.
352 3513 380 3567 A
435 3515 468 3569 ut
482 3528 541 3572 om..
550 3509 643 3567 ABG
695 3510 821 3582 apstinui
834 3525 888 3582 aps
903 3514 932 3566 et
946 3509 1019 3566 tinui
1034 3513 1115 3579 (corr.
1130 3510 1220 3580 teum)
1235 3508 1359 3582 apscessi
1374 3525 1425 3581 aps
1440 3511 1470 3564 et

132 3592 204 3650 cerei
218 3591 364 3649 abscondo
379 3611 430 3666 aps
445 3595 474 3650 st
488 3592 579 3649 condo
598 3591 627 3646 Β
646 3590 772 3646 abstinui
787 3591 838 3647 aba
853 3591 883 3647 et
896 3591 976 3648 team
990 3591 1114 3648 abscessi
1129 3592 1180 3648 abs
1194 3593 1225 3646 et
1238 3589 1310 3646 cessi
1323 3591 1468 3649 abscondo

131 3673 182 3729 abe
202 3675 233 3730 et
252 3671 344 3730 coido
363 3677 392 3728 A
411 3671 538 3729 abstinui
556 3675 607 3728 aba
627 3675 657 3730 et
675 3670 749 3728 tiuui
764 3670 897 3727 similiter
911 3671 963 3728 abs
982 3675 1011 3728 et
1030 3671 1100 3729 cessi
1120 3673 1150 3727 et
1168 3670 1219 3726 abs
1239 3675 1269 3727 et
1287 3673 1377 3729 condo
1399 3672 1422 3729 0

133 3753 284 3810 afuerunt
304 3752 329 3809 0
417 3752 585 3810 diuiduntur
604 3768 716 3809 necesse
736 3770 797 3810 esse
816 3755 850 3808 ot
867 3752 995 3824 obstipui
1014 3754 1041 3808 A
1061 3751 1229 3810 diuiduntur
1246 3752 1423 3816 (diuidentur
1441 3757 1468 3817 sl

132 3850 246 3890 necans
270 3837 314 3890 est
337 3838 370 3890 ot
394 3832 530 3905 obstupui
553 3832 605 3892 Bc
629 3823 763 3888 diuidirnt
784 3849 899 3891 necesse
923 3835 969 3890 est
991 3833 1117 3905 obstipui
1137 3831 1161 3888 0
1233 3838 1248 3889 'i
1274 3837 1423 3906 praeterea
1440 3835 1468 3889 Β

131 3917 285 3986 propterea
303 3916 361 3971 AO
432 3913 529 3971 8-etsi
547 3912 571 3969 ei
589 3911 712 3984 pomam
732 3913 916 3971 Seleuciderus
933 3932 1050 3986 gramm.
1070 3916 1117 3970 iot.
1140 3913 1206 3986 lp.
1226 3919 1289 3972 222
1364 3923 1380 3972 t
1401 3915 1469 3986 quio

133 3995 254 4052 dicimos
273 3997 300 4050 A
325 4013 410 4066 quana
430 3993 552 4051 dicimus
571 3991 599 4048 B
623 4009 697 4064 quas
722 3991 886 4051 dietmaro
959 4003 993 4053 ao
1011 3993 1178 4069 mauturii
1250 4002 1281 4050 11
1304 3999 1403 4053 contra
1422 3998 1466 4070 ps}
1512 4015 1514 4022 ¹

132 4093 197 4134 cum
210 4079 291 4148 trapa
306 4076 331 4134 0
393 4077 470 4149 apud
484 4093 583 4150 grecm
598 4074 628 4130 .i.
643 4073 760 4132 tandem
774 4077 915 4133 rationem
930 4079 1004 4135 hanc
1019 4079 1089 4149 pato
1103 4076 1131 4133 Β
1194 4082 1227 4133 14
1242 4082 1399 4134 commutat
1413 4080 1472 4136 AG

172 4161 206 4214 ut
219 4157 275 4230 ert]
290 4158 320 4214 id
335 4159 417 4215 estO
479 4157 575 4215 celebs
588 4153 689 4212 celibis
704 4157 764 4234 ΑΒ
831 4164 865 4215 te
882 4159 965 4216 labor
983 4161 1081 4232 lapsus
1099 4158 1231 4230 lapsurus
1251 4173 1268 4218 s
1287 4158 1353 4214 iabo
1372 4159 1468 4231 lapsus

131 4239 262 4312 lapsam
281 4239 340 4296 AO
361 4240 428 4297 labo
452 4239 550 4296 labeus
568 4235 699 4292 labsum
718 4237 746 4292 Β
819 4239 957 4314 nuptura]
977 4257 1102 4312 nupsora
1120 4239 1180 4294 AO
1253 4243 1284 4294 tt
1305 4238 1385 4295 libris
1405 4239 1468 4296 iati-

104 4331 113 4347 ·
133 4338 234 4379 norum
248 4321 354 4380 librum
368 4322 509 4394 scriptum
523 4318 551 4374 A
571 4315 678 4388 scripta
692 4333 749 4374 non
762 4320 806 4374 est
820 4318 871 4375 sed
884 4337 936 4392 pro
951 4319 1004 4377 iila
1019 4319 1043 4375 0
1111 4325 1144 4376 ts
1163 4318 1354 4392 crotalissare]
1376 4321 1478 4377 crota·'

131 4403 200 4460 iisse
218 4403 248 4459 Β
303 4403 439 4476 uiderint]
455 4402 537 4458 bidei
552 4400 612 4457 AG
628 4397 784 4457 diuiderint
797 4401 825 4456 Β
882 4408 915 4457 19
930 4402 1084 4459 eruberont
1097 4402 1125 4456 A
1179 4416 1232 4456 nee
1246 4399 1468 4457 erubescendum

132 4483 306 4542 crediderint
325 4484 350 4542 0
372 4501 409 4541 an
433 4481 655 4541 erubescendum
680 4481 853 4539 crediderint
872 4482 971 4539 Carrio
1045 4487 1081 4537 20
1104 4480 1186 4537 nobis
1205 4479 1293 4536 satius
1313 4485 1357 4538 eat
1374 4482 1469 4540 alieno

133 4566 204 4623 bene
228 4566 273 4624 uti
298 4583 385 4638 quana
407 4568 506 4622 nostro
531 4562 710 4635 ineleganter
733 4569 862 4634 excerpto
883 4562 1002 4620 Cornmv'
1074 4565 1171 4618 nosba
1188 4560 1361 4632 ineliganter
1382 4581 1469 4636 appo·

15 4693 17 4700 ,
133 4662 199 4703 nere
219 4645 244 4702 0
265 4650 348 4702 nram
373 4647 515 4718 eliganter
539 4658 683 4714 apponere
702 4643 728 4698 A
752 4648 834 4700 niam
853 4642 1026 4714 ineliganter
1046 4643 1126 4710 (corr.
1145 4639 1260 4713 ineleg.)
1280 4659 1423 4716 apponere
1441 4645 1469 4700 Β

186 4735 222 4784 22
241 4727 400 4800 praestolor
420 4726 448 4782 A
523 4723 646 4796 veteres]
664 4725 778 4797 antiqui
795 4725 819 4782 0
888 4723 939 4780 sed
961 4721 1001 4778 sic
1022 4725 1118 4794 presto
1139 4722 1167 4778 A
1191 4722 1242 4779 sed
1264 4723 1288 4780 si
1310 4727 1425 4796 praesto
1446 4725 1471 4780 0

66 4847 74 4861 .
134 4809 183 4866 sed
201 4811 317 4882 praesto
331 4807 360 4864 Β
415 4813 451 4864 23
465 4809 499 4863 nt
511 4806 610 4862 sedulo
624 4808 655 4862 st
669 4807 770 4878 optato
789 4806 819 4862 st
837 4803 939 4862 sortito
959 4819 976 4862 s
995 4806 1027 4858 ut
1045 4802 1145 4861 sedulo
1160 4807 1190 4862 st
1209 4803 1308 4861 obtato
1328 4807 1428 4863 sortito
1442 4805 1471 4862 B

134 4895 166 4946 ot
189 4889 289 4948 udaie
313 4893 343 4947 st
365 4891 465 4962 optato
488 4885 626 4961 scriptato
645 4890 673 4943 A
698 4891 728 4944 et
747 4886 846 4944 sedulo
865 4890 895 4943 et
913 4885 1012 4943 obtuto
1032 4887 1113 4956 (eoru
1133 4887 1233 4958 optato
1252 4887 1277 4958 c)
1296 4887 1426 4959 scriptito
1447 4887 1471 4941 0
