3604 5486
361 290 429 400 524
809 329 1243 408 [conmumouvoms]

360 447 383 487 p·
398 437 460 479 alst.
474 435 530 479 stri
543 436 569 479 Ρ.

451 521 601 587 Virtutem
624 530 655 585 ct
678 521 887 586 fortitudinem
911 530 943 586 et
965 523 1099 604 vigorem
1127 531 1159 586 et
1186 521 1375 586 velocitatem
1402 532 1434 586 et
1462 523 1691 588 vehementiam.

361 633 457 694 virtus
481 631 637 694 hominum
662 649 813 694 summurn
838 630 952 694 bonvvm
975 640 1035 713 est,
1059 649 1136 713 qnae
1159 631 1191 693 in
1215 632 1352 694 oratione
1372 643 1404 696 et
1427 634 1571 696 incursu
1592 635 1692 716 potest

359 738 468 803 videri:
502 740 647 803 fortitudo
675 742 720 802 vis
748 743 886 824 corporis
913 737 950 802 ad
979 739 1174 802 sustinendos
1202 739 1335 804 labores:
1368 743 1452 824 vigor
1479 743 1573 805 animi
1601 741 1692 805 babet

360 848 533 913 elationem:
573 848 716 912 velocitas
744 848 910 932 corporalis
942 847 1094 932 celeritas,
1127 851 1214 931 qussi
1249 847 1314 910 velo
1348 849 1421 912 cita:
1458 849 1647 915 vehementia
1674 870 1691 912 a

361 959 389 1020 vi
411 970 443 1020 et
465 961 581 1042 impetn
605 961 723 1022 mentis.
1717 975 1729 1016 ⁵

450 1065 634 1130 facultatem
663 1077 694 1130 et
722 1066 903 1130 facilitatem.
951 1063 1077 1129 facultas
1110 1065 1285 1149 locupletia,
1318 1066 1446 1130 facilitas
1478 1069 1604 1130 artificis
1635 1079 1689 1132 est

359 1176 461 1256 itaque
493 1175 577 1238 dives
610 1175 781 1240 facvvitatem
815 1174 906 1238 habet
934 1174 1027 1238 muita
1055 1174 1101 1237 vel
1135 1173 1255 1238 emendi
1287 1175 1334 1238 vei
1366 1174 1549 1259 redimendi,
1582 1178 1689 1240 artifex
1781 1245 1788 1260 ,

359 1301 450 1367 opera
473 1283 649 1365 perficiendi
674 1283 855 1347 facilitatem.

450 1390 546 1456 Silere
575 1403 605 1455 et
634 1403 742 1456 unere.
790 1390 870 1455 silet
886 1393 974 1455 cuius
1004 1390 1158 1474 loquentis
1187 1411 1287 1456 sermo
1316 1396 1528 1476 comprimitur
1555 1393 1593 1456 ab
1626 1397 1689 1477 ipsa

359 1502 576 1584 significatione
600 1501 718 1566 litterae
743 1521 771 1586 a,
796 1509 876 1564 tacet
899 1503 951 1582 qui
975 1519 1013 1564 ne
1037 1501 1120 1582 ioqui
1144 1501 1267 1582 quidem
1290 1505 1398 1585 coepit.
1703 1519 1728 1558 ιι

449 1609 609 1694 ignoscere
634 1618 665 1673 et
687 1610 863 1674 concedere.
911 1612 1041 1691 ignoscit
1064 1612 1116 1691 qui
1141 1610 1365 1673 dissimulatae
1391 1629 1480 1674 nosse
1504 1611 1584 1693 quand
1609 1583 1687 1676 com·

358 1722 438 1802 perit
460 1729 492 1782 et
515 1722 555 1783 ita
575 1719 694 1782 silentio
713 1727 836 1802 peccata
850 1715 875 1799 †
890 1719 1011 1794 lecerit,
1035 1719 1176 1782 concedit
1195 1721 1248 1802 qui
1267 1721 1367 1782 omnia
1386 1729 1510 1802 peccata
1529 1720 1688 1786 condonat

448 1826 565 1891 iiahere
581 1839 611 1891 et
625 1828 790 1910 possidere.
822 1826 934 1891 babere
949 1837 1050 1911 potest
1064 1828 1154 1890 ctiam
1168 1823 1193 1907 †
1207 1829 1258 1890 fur
1273 1845 1417 1912 nequam3
1436 1828 1571 1911 possidet
1590 1849 1689 1912 nemo,

357 1939 416 2000 nisi
444 1939 496 2019 qui
524 1947 576 2000 aut
605 1936 728 1999 relictae
758 1944 809 1998 aut
837 1937 966 2000 donatae
995 1937 1040 1999 rei
1073 1946 1126 1999 aut
1155 1944 1273 2018 emptae
1307 1936 1448 2000 domiuus
1480 1947 1535 2002 est
1587 1941 1629 2001 ita
1657 1941 1688 2002 in

357 2043 487 2108 habente
511 2064 604 2128 onus,
627 2047 659 2108 iu
683 2043 856 2126 possidente
881 2063 955 2108 usus
980 2053 1035 2107 est.
1703 2061 1729 2102 rs

448 2153 558 2217 biunus
587 2163 618 2216 et
645 2153 766 2215 donum.
815 2171 926 2217 munus
955 2153 1035 2234 quod
1060 2155 1176 2216 amicus
1200 2152 1246 2214 vel
1270 2151 1365 2216 cliens
1385 2153 1431 2216 vel
1451 2153 1578 2218 libertus
1596 2156 1687 2218 oflicii

357 2281 447 2326 causa
471 2265 608 2347 mittunt,
632 2260 679 2324 vei
703 2280 814 2324 munus
839 2261 1063 2345 gladiatorium
1087 2262 1199 2326 donum
1224 2261 1305 2343 quod
1329 2261 1387 2324 diis
1410 2263 1514 2327 datur:
1537 2261 1608 2325 inde
1633 2262 1684 2326 ubi

357 2372 435 2435 dona
458 2381 627 2454 ponuntur,
655 2369 814 2432 donarium
839 2369 1015 2452 appellatur.
1062 2379 1191 2452 possunt
1220 2378 1252 2432 et
1279 2368 1328 2432 iiia
1357 2370 1451 2434 nihilo
1479 2372 1580 2434 miuus
1609 2370 1686 2435 dona

357 2482 430 2563 dici,
458 2500 534 2563 quae
563 2480 676 2543 donant
704 2475 888 2560 pauperibus
917 2477 1025 2540 divites
1054 2477 1101 2540 rei
1129 2487 1270 2560 potentes
1294 2525 1301 2538 .
1325 2475 1399 2540 hlud
1423 2497 1545 2561 quoque
1573 2479 1685 2542 donum

356 2591 523 2672 putandum
548 2599 609 2670 est,
634 2587 715 2669 qnod
740 2584 885 2649 militibus
909 2585 1039 2648 donatur
1063 2587 1239 2667 incastris,
1263 2594 1297 2647 ut
1320 2585 1439 2648 veharis
1462 2605 1582 2651 corona.
1700 2603 1728 2644 so

447 2699 568 2770 Noram,
584 2706 616 2760 et
638 2699 766 2760 noxiam.
813 2711 890 2756 noxa
914 2711 1011 2775 poena
1035 2701 1095 2773 est,
1119 2695 1208 2756 ncxla
1232 2693 1329 2776 culpa.

360 2807 364 2816 '
447 2806 600 2869 scientem
628 2815 659 2867 et
686 2806 805 2867 scitum.
852 2804 952 2866 sciens
981 2803 1034 2883 qui
1065 2803 1136 2884 scit,
1165 2803 1260 2864 scitus
1284 2805 1338 2884 qui
1361 2806 1458 2867 scitur
1481 2804 1527 2867 vei
1552 2807 1683 2869 festivus

445 2916 615 2978 Animantia
639 2922 670 2975 et
693 2911 838 2975 animalia.
886 2913 1045 2973 animantia
1074 2913 1203 2973 animam
1232 2911 1360 2995 faciunt,
1390 2914 1528 2976 atvimaiia
1556 2918 1684 2978 animam

355 3023 474 3086 habeut

445 3130 627 3213 hbspuisum
656 3139 687 3192 et
714 3128 879 3212 repulsum.
930 3126 1091 3210 ahspuisus
1119 3137 1168 3190 est
1194 3126 1232 3190 ab
1260 3127 1360 3210 aliqum
1388 3130 1509 3214 pulsus,
1542 3132 1683 3215 repulsus
1697 3147 1724 3188 sa

355 3252 438 3304 retro
462 3241 577 3322 pulsus.

446 3349 548 3412 Visum
573 3358 604 3410 et
627 3350 787 3411 visitatum.
835 3347 931 3408 visum
956 3344 1063 3428 semei,
1086 3348 1238 3408 visitatum
1263 3351 1383 3431 saepius
1407 3349 1483 3412 scito
1507 3345 1611 3431 esse!

445 3459 558 3523 hictum
592 3468 621 3522 et
655 3461 794 3520 timorem
827 3466 858 3517 et
891 3455 1083 3518 formidinem
1115 3463 1146 3517 et
1178 3473 1328 3537 pavorem.
1379 3457 1608 3530 metusmetus
1637 3467 1684 3520 est

355 3571 459 3650 animi,
485 3571 574 3631 timor
598 3576 712 3648 turmor,
742 3563 869 3626 formido
894 3565 954 3626 fert
977 3562 1131 3626 interdum
1159 3567 1320 3639 rationem,
1354 3583 1446 3646 pavor
1473 3565 1599 3648 puerilis
1627 3577 1681 3628 est

444 3676 589 3758 iicperire
614 3683 644 3736 et
668 3675 802 3736 invenire
826 3720 834 3732 .
859 3673 1028 3752 reperimus
1054 3679 1170 3753 nostra,
1194 3673 1364 3736 invenimus
1387 3672 1490 3736 ahena
1695 3691 1722 3732 so

444 3783 555 3846 Videte.
574 3793 604 3847 et
627 3784 768 3846 videtote.
815 3779 912 3841 videte
938 3783 1080 3861 imperat,
1104 3779 1236 3842 videtote
1259 3780 1388 3844 mandat

443 3891 604 3975 Proprium
629 3901 660 3954 et
682 3893 840 3974 privatum.
861 3885 865 3892 '
886 3889 1044 3969 proprium
1069 3889 1217 3968 cuiusque
1245 3892 1416 3974 proprium,
1447 3893 1597 3973 privatum
1622 3911 1680 3956 uon

353 4001 516 4084 pubiicum.

442 4197 459 4246 2
479 4185 639 4257 hominnm]
657 4183 781 4241 bominis
800 4197 817 4241 ς
891 4195 965 4251 quae
984 4182 1015 4236 si
1032 4179 1062 4236 in
1082 4180 1212 4237 ontione
1226 4181 1383 4239 Fabricius
1455 4190 1471 4239 ii
1491 4183 1574 4256 nigor
1592 4183 1679 4240 anirrd

352 4271 440 4328 bsbsi
458 4270 613 4327 elationem
633 4283 650 4328 r
669 4267 750 4340 uigos
775 4265 805 4320 ui
829 4267 859 4318 ei
883 4261 1007 4319 elatione
1030 4267 1063 4318 ssi
1084 4263 1230 4319 videbatur
1253 4263 1287 4318 N
1303 4303 1311 4320 .
1329 4263 1448 4332 fortosse
1465 4265 1547 4336 vigor
1565 4284 1585 4322 n
1604 4268 1634 4324 ri
1652 4271 1679 4324 ei

352 4352 475 4410 elatione
549 4348 666 4420 tqunsi
686 4348 810 4404 uelociia
824 4361 841 4405 ς
855 4343 937 4414 quasi
951 4343 1090 4400 uelocitas
1104 4344 1138 4398 N
1208 4344 1384 4400 nehimentis
1397 4344 1432 4400 N
1502 4351 1536 4402 10
1550 4361 1587 4402 ne
1601 4346 1679 4417 loqui

352 4433 515 4499 Fabricius,
533 4449 586 4488 nec
606 4431 684 4503 loqui
702 4430 736 4484 N
743 4445 760 4489 ς
844 4433 877 4483 ιι
897 4428 1017 4496 peccota
1034 4423 1175 4496 impunita
1193 4426 1329 4486 facetiis
1404 4432 1436 4482 1³
1457 4425 1502 4482 fur
1518 4443 1678 4498 nequams

350 4524 429 4618 foma
446 4575 532 4631 qnam
551 4558 585 4615 N
600 4558 646 4614 fur
664 4560 694 4614 et
711 4573 834 4628 nequem
853 4552 1008 4609 Fabricius
1081 4559 1115 4608 14
1134 4555 1185 4610 sni
1203 4555 1375 4610 testamento
1393 4552 1511 4608 relictas
1527 4553 1678 4612 Puiscfu'us

406 4647 439 4696 lb
458 4639 573 4714 nans]'
565 4657 609 4695 rus
629 4637 784 4695 Fauiano
869 4640 905 4690 20
924 4631 1041 4688 baliaris
1059 4647 1077 4693 s
1096 4632 1199 4688 nslisri
1218 4633 1252 4687 N
1335 4639 1370 4688 aa
1388 4633 1548 4692 nmmsnia‘s
1566 4636 1676 4694 animm

351 4721 420 4778 facit
439 4738 456 4781 s
538 4727 573 4776 ib
592 4719 818 4793 Abapnisnm-
786 4720 914 4773 -reiro
933 4713 1032 4785 pulsus
1053 4721 1116 4784 post
1134 4720 1174 4771 27
1193 4715 1266 4770 scito
1290 4733 1351 4772 esse
1375 4715 1508 4771 collocnin
1525 4718 1623 4772 aest·
1610 4734 1643 4772 sss
1659 4731 1676 4776 ς

396 4803 433 4858 ab
452 4803 549 4874 aliquo
568 4801 731 4868 Fabricius
750 4817 768 4856 s
787 4817 843 4871 qno
861 4798 895 4854 N
900 4813 917 4856 ς
990 4801 1024 4850 ii
1041 4797 1113 4852 scito
1128 4813 1145 4856 ς
1160 4795 1219 4853 scio
1233 4796 1267 4851 N
1336 4802 1371 4853 iii
1386 4795 1473 4851 timor
1486 4796 1570 4866 qnasi
1583 4799 1676 4854 tumor

351 4881 505 4939 Fabricius
577 4891 613 4940 80
631 4883 785 4956 Repperire
804 4881 838 4936 N
906 4876 1082 4951 repperimus
1101 4876 1135 4930 N
