3602 5482
367 313 434 382 366
940 311 1116 371 nostrum

368 502 516 567 columnis
545 503 667 586 scriptis
696 551 702 566 .
731 503 901 586 posteriorc
929 521 1025 584 eaque
1058 519 1118 566 uon
1152 498 1246 566 multo
1281 502 1452 564 recentiore
1486 519 1576 564 mauu
1606 519 1706 584 paura

368 617 506 676 correcta
534 619 606 674 sunt
630 658 637 672 .
660 629 768 694 graeca
792 609 883 676 rerba
907 609 1078 674 uncialibus
1101 609 1211 674 litteris
1241 629 1316 693 quas
1346 609 1448 675 dicere
1477 612 1707 695 censuerimus,

368 739 430 802 quo
448 738 559 802 genere
579 717 694 784 librarii
714 719 803 802 ruigo
821 718 1000 805 utebantur,
1024 721 1051 784 si
1069 737 1177 803 graeca
1197 719 1339 785 vocabula
1363 722 1395 784 iu
1419 719 1519 784 latinis
1542 719 1707 784 codicibus

368 826 555 923 incidebant,
584 831 697 913 scripta
721 839 751 892 et
775 847 845 893 cum
867 827 970 892 latinis
999 831 1039 892 ita
1068 831 1160 894 mixta
1188 839 1273 913 sunt,
1303 840 1338 894 ut
1366 829 1494 913 singuiis
1521 829 1569 894 rei
1595 831 1707 913 paucis

369 937 469 1002 latinis
489 937 655 1003 subiciatur
675 957 782 1022 graeca
804 940 1014 1023 interpretatio
1034 986 1041 1000 .
1061 936 1113 1002 sed
1133 940 1242 1022 primis
1260 946 1378 1002 tautum
1396 940 1470 1002 artis
1488 940 1706 1021 grammaticae

368 1045 507 1132 partibus
531 1049 648 1130 integra
671 1049 881 1131 interpretatio
905 1046 1005 1110 addita
1029 1055 1088 1132 est;
1112 1055 1181 1130 post
1200 1049 1421 1130 expositionem
1440 1048 1571 1111 nominis
1594 1067 1707 1130 graeca

370 1155 460 1221 rerba
484 1160 616 1240 primum
640 1156 848 1240 neglegentius
872 1156 972 1220 latinis
996 1157 1188 1239 interposita,
1211 1153 1320 1218 deinde
1344 1174 1472 1240 prorsus
1491 1157 1602 1220 omissa
1622 1168 1705 1220 sunt

372 1265 578 1352 apographum
593 1265 706 1330 codicis
720 1265 792 1330 cim
806 1267 921 1330 iecerat
934 1263 1133 1350 Niebuhrius,
1148 1283 1209 1347 quo
1223 1263 1396 1348 apographo
1410 1283 1486 1329 usus
1499 1263 1705 1349 Bcechiugius

371 1379 402 1440 iu
431 1376 616 1460 praefatione
645 1375 786 1440 editionis
816 1375 950 1440 Dosithei
979 1393 1004 1438 a.
1031 1371 1117 1439 1832
1146 1373 1242 1438 iactas
1271 1392 1336 1437 cam
1364 1372 1479 1438 codicis
1506 1385 1639 1459 partem,
1673 1377 1705 1437 in

372 1503 432 1568 qua
457 1485 651 1568 grammatica
675 1503 724 1548 ars
748 1485 861 1568 scripta
885 1493 946 1566 cst,
969 1481 1131 1565 descripsit
1150 1529 1157 1545 .
1176 1499 1246 1544 nam
1269 1483 1370 1565 ipsum
1389 1481 1500 1546 librum
1518 1485 1551 1546 in
1570 1481 1704 1546 editione

371 1595 482 1658 enauit
502 1591 611 1658 deinde
631 1592 662 1656 F.
682 1592 830 1658 Oehlerua
850 1591 956 1656 eodern
976 1591 1148 1674 apographo
1167 1609 1243 1656 usus
1261 1601 1378 1676 partem
1398 1595 1473 1658 artis
1491 1595 1705 1676 grammaticae

373 1701 410 1764 ah
434 1702 520 1766 initio
545 1720 643 1786 usquc
667 1701 705 1765 ad
728 1703 978 1766 commentarium
1006 1700 1044 1765 de
1073 1699 1184 1764 litteris
1212 1698 1303 1764 latine
1332 1703 1476 1786 scriptam
1504 1701 1599 1766 edidit
1626 1721 1704 1766 mus

373 1809 468 1874 Rheu.
493 1829 519 1872 r.
544 1809 623 1874 xvtt
647 1803 689 1896 (a.
715 1802 818 1897 1862)
843 1829 872 1893 p.
895 1807 938 1874 58
963 1827 1029 1892 sqq.

466 1920 574 1984 Postea
598 1919 765 2002 fragmenta
789 1922 862 1984 artis
882 1917 1018 1984 Dositbei
1042 1929 1073 1983 ει
1093 1937 1198 1983 earum
1217 1921 1349 2002 partium
1370 1939 1446 2003 quac
1466 1923 1497 1985 in
1517 1920 1705 2004 Sangallensi

374 2028 478 2093 codice
506 2038 574 2112 post
606 2028 686 2092 iiiam
714 2031 846 2112 scriptae
875 2037 947 2094 suni
970 2029 1091 2093 inventa
1115 2030 1241 2092 suntin
1265 2028 1370 2093 codice
1394 2029 1604 2094 hionacensi
1629 2028 1705 2114 601,

375 2140 463 2202 cuius
497 2139 633 2202 notitIam
667 2137 764 2202 debeo
797 2137 918 2201 Loewiu
951 2137 1053 2222 prodr.
1083 2156 1164 2220 corp.
1194 2137 1284 2220 gloss.
1312 2138 1362 2202 iat
1390 2158 1419 2223 p.
1447 2135 1513 2202 207
1539 2189 1546 2204 .
1571 2159 1641 2204 nam
1671 2143 1704 2204 iu

375 2247 510 2330 catalogo
535 2245 674 2312 codicum
697 2246 922 2312 lionaeensiunr
946 2267 972 2311 r.
991 2246 1005 2310 l
1023 2267 1052 2330 p.
1069 2243 1132 2311 121
1157 2245 1292 2311 breviter
1315 2248 1487 2331 descriptus
1511 2258 1584 2313 erat
1609 2252 1704 2332 ipsius

374 2357 445 2421 iibri
468 2359 585 2440 copiam
609 2355 684 2420 mihi
708 2357 780 2420 iecit
799 2355 907 2420 Halmii
931 2355 1104 2420 liberalitas.
1142 2359 1328 2440 compositus
1352 2344 1453 2421 autem
1477 2365 1584 2421 estex
1607 2357 1703 2421 direr-

376 2469 418 2530 sis
433 2464 677 2529 membranarum
692 2465 843 2529 iascicuiis
858 2467 971 2529 iormae
986 2465 1150 2547 quadratae
1165 2467 1300 2550 minoris,
1315 2465 1453 2548 equibus
1463 2465 1499 2529 ad
1511 2484 1634 2549 eaquae
1645 2467 1704 2530 dixi

375 2585 439 2639 tres
454 2575 668 2658 quaterniones
682 2577 849 2657 pertinent,
873 2575 924 2656 qui
944 2574 976 2637 in
991 2573 1049 2636 dne
1069 2570 1182 2636 codicis
1200 2574 1292 2656 positi
1311 2582 1382 2638 sunt
1397 2574 1416 2637 1.
1432 2571 1577 2658 59-82,
1599 2576 1704 2639 eadem

376 2685 440 2748 iere
459 2693 556 2747 aetate
576 2683 692 2767 scripti,
711 2699 770 2762 qua
786 2680 988 2763 Sangallensis
1003 2679 1098 2744 codex
1113 2683 1245 2763 scriptus
1265 2691 1312 2745 cst
1327 2731 1334 2746 .
1348 2700 1385 2746 ex
1406 2683 1453 2746 his
1472 2683 1533 2748 duo
1552 2687 1606 2767 qui
1626 2705 1704 2749 nunc

376 2792 484 2876 ultimi,
502 2791 554 2854 sed
570 2788 748 2874 perturbato
762 2789 1005 2854 membranarum
1020 2788 1126 2854 ordine
1141 2794 1222 2855 inter
1241 2811 1274 2855 se
1293 2793 1413 2856 coniusi
1427 2803 1508 2876 stant,
1526 2795 1546 2856 1.
1562 2791 1705 2878 itt-82,

378 2905 534 2968 continent
548 2901 631 2983 haec,
646 2892 769 2980 ἑνικός,
783 2889 876 2976 dard
888 2883 987 2975 οὗτος
1002 2889 1020 2963 ὅ
1036 2892 1163 2963 Κάτων
1178 2902 1364 2980 Singularis,
1380 2911 1414 2965 ai
1431 2905 1484 2966 iric
1497 2905 1573 2968 Coto
1582 2937 1628 2950 -
1638 2902 1702 2968 tit

376 3021 410 3076 ut
434 3013 556 3077 Odissia
575 3011 703 3074 Homeri
720 3011 859 3072 Aeneida
886 3008 1021 3086 Virgilii,
1044 3007 1159 3073 Dosith.
1178 3009 1215 3072 de
1236 3011 1356 3073 nomine
1371 3029 1400 3094 p.
1415 3007 1460 3074 22
1474 3012 1520 3075 cd.
1535 3011 1655 3076 ttat-
1669 3013 1704 3077 de

377 3117 540 3203 generibus
559 3127 731 3201 poematum
751 3137 780 3200 p.
799 3113 841 3180 57
857 3137 865 3180 ε
880 3117 1071 3197 &captum
1092 3120 1130 3182 de
1153 3120 1250 3183 uerbo
1269 3119 1388 3182 Euticii
1410 3122 1564 3196 θυαιιεον
1582 3121 1706 3200 soranae

376 3230 629 3294 cantuariorum
645 3228 825 3291 inchoativa
839 3228 1021 3288 meditatiuc
1037 3224 1274 3305 frequentativo
1288 3227 1434 3308 perfectu
1449 3229 1555 3308 [orma
1570 3263 1613 3276 -·-
1629 3233 1649 3295 i.
1665 3230 1683 3294 i
1685 3229 1705 3294 2

374 3355 522 3418 praesum
551 3345 653 3402 autem
683 3345 714 3399 ει
744 3337 850 3399 obsum
877 3337 978 3400 uerba
1003 3333 1130 3412 facium
1156 3355 1198 3398 ex
1229 3355 1262 3400 se
1290 3341 1464 3420 participio
1492 3359 1647 3420 praesuta
1679 3349 1707 3404 et

378 3451 489 3512 absens
521 3494 528 3509 .
558 3445 694 3508 Romani
722 3446 865 3508 sublimes
897 3447 965 3506 siue
997 3452 1138 3508 tonantes
1165 3445 1262 3508 Rome
1293 3449 1396 3510 uirtus
1423 3457 1495 3532 etc,
1526 3447 1647 3531 glossae
1678 3458 1707 3512 et

378 3566 466 3620 notae
497 3556 570 3618 uarii
597 3555 732 3636 generis:
765 3549 878 3616 172*
913 3554 1074 3616 Poemotos
1101 3556 1166 3616 tria
1194 3564 1266 3617 sunt
1293 3574 1414 3633 genem
1440 3589 1479 3602 -·
1505 3562 1635 3622 metrico
1660 3563 1709 3622 uei

378 3669 522 3730 rihtmico
553 3667 673 3742 scripta
704 3679 857 3738 sumone,
890 3661 970 3725 Beda
998 3661 1035 3724 de
1064 3671 1119 3725 art.
1147 3671 1235 3726 metr.
1263 3683 1291 3745 p.
1320 3661 1433 3743 2603:
1460 3669 1492 3730 in
1520 3667 1707 3750 marginibus

378 3777 398 3840 i.
425 3769 558 3838 tu-ta
587 3771 738 3854 adscripta
767 3778 839 3833 sunt
866 3779 1006 3852 excerpta
1036 3789 1072 3832 ex
1097 3769 1188 3853 Capri
1215 3779 1245 3833 et
1268 3773 1407 3854 Agroecii
1435 3785 1467 3838 et
1494 3773 1592 3838 Bcdae
1622 3777 1706 3840 libris

378 3885 416 3949 de
448 3881 669 3964 orthographia.
726 3881 757 3943 hi
790 3879 849 3942 drro
883 3881 1097 3962 quaterniones
1134 3890 1235 3944 autem
1274 3883 1305 3944 in
1342 3900 1378 3945 eo
1416 3883 1534 3967 codice,
1572 3903 1610 3948 ex
1649 3905 1706 3968 quo

379 3993 531 4075 desumpti
555 3999 640 4072 sunt,
665 3991 789 4052 tertium
813 3997 845 4051 et
868 3997 1009 4070 quartum
1033 3987 1133 4053 iocum
1156 3988 1347 4075 obtinebant,
1370 3993 1396 4054 si
1420 3989 1494 4056 iides
1513 4002 1560 4055 est
1581 4011 1706 4056 numero

379 4103 433 4167 iili
458 4105 487 4168 iu
508 4105 568 4166 iuro
588 4101 723 4181 margine
743 4105 894 4161 extremae
914 4099 1039 4179 paginae
1060 4098 1078 4161 i.
1099 4095 1168 4162 ta*
1188 4101 1311 4181 scripto.
1357 4099 1393 4162 ad
1418 4099 1548 4163 eundem
1572 4101 1706 4165 codicem

378 4211 551 4295 pertinebat
573 4212 599 4273 is
623 4210 782 4291 quaternio
807 4208 860 4288 qui
883 4225 964 4270 nunc
988 4217 1058 4271 ante
1082 4207 1149 4270 iiius
1172 4209 1290 4291 positus
1314 4209 1404 4271 esti.
1428 4204 1576 4285 59-66,
1601 4213 1705 4290 quiin

379 4329 514 4385 extrema
537 4320 643 4402 pagina
668 4319 816 4400 scriptum
840 4315 930 4379 hahet
954 4334 1114 4380 numerum
1139 4316 1200 4379 vti.
1242 4318 1274 4380 in
1298 4317 1355 4380 hoc
1384 4319 1497 4399 scripta
1526 4325 1573 4379 est
1603 4317 1705 4380 ultima

379 4448 449 4512 pars
473 4427 650 4511 glossarum,
674 4446 750 4510 quae
776 4434 847 4488 sunt
869 4427 901 4487 iu
922 4423 1109 4507 Sangaiieusi
1128 4426 1241 4509 codice,
1265 4444 1335 4489 eum
1358 4427 1455 4509 prima
1477 4434 1563 4507 parte
1588 4436 1704 4491 senten·

380 4542 491 4602 tiarum
517 4546 549 4600 et
571 4535 769 4619 epistularum
794 4533 950 4611 Hadriani,
980 4554 1111 4617 apovpu
1139 4553 1226 4613 seges
1250 4549 1367 4610 στασις
1384 4537 1471 4614 spico
1489 4567 1529 4580 -·
1545 4531 1706 4618 udpcgooc

380 4651 533 4726 aquarius
551 4647 812 4728 exhorruisses.
828 4646 1028 4725 θαυμασεον
1049 4658 1141 4706 εστιν
1160 4647 1337 4706 mirandum
1352 4653 1397 4707 est
1410 4663 1466 4706 και
1481 4661 1657 4708 maturiora
1678 4653 1705 4708 et

380 4759 624 4820 touuaauum-
633 4753 734 4836 βλεπε
745 4775 809 4818 ουν
824 4755 893 4816 vide
908 4739 1005 4831 igitur
1019 4774 1077 4817 ινα
1090 4773 1207 4835 ταχιον
1224 4761 1257 4816 ui
1270 4755 1403 4817 celerius
1417 4751 1530 4814 Dosith.
1542 4751 1588 4816 ed.
1599 4749 1703 4816 Boeei.

381 4862 459 4947 pao
469 4915 476 4928 .
487 4868 516 4928 in
528 4863 654 4948 singuiis
664 4866 780 4947 paginis
789 4863 968 4946 pierumque
979 4870 1131 4947 quattuor,
1146 4881 1214 4925 raro
1229 4860 1332 4944 piures
1348 4859 1393 4923 rei
1402 4862 1561 4942 pauciores
1571 4860 1703 4926 laterculi
