3616 5482
561 345 633 403 ΔΒΕ
652 346 701 404 DE
721 343 1018 404 camoenam
1389 344 1458 412 125

115 457 140 496 p.
161 446 224 490 ml
238 445 265 489 'id
278 446 304 488 Ρ.

212 532 375 615 indigenae
408 531 547 594 homines
582 533 742 620 dicuntur,
782 533 924 617 indigites
954 531 997 594 dii
1029 531 1081 611 [ne
1110 535 1204 614 geniti
1233 532 1382 618 indegites
1416 531 1459 596 dii

115 639 278 722 indidemJ.

213 750 336 814 circum
364 749 458 833 pedes
483 757 554 814 sunt
577 749 722 834 obsequia
747 768 919 833 serrorum,
947 759 1017 812 ante
1045 749 1139 831 pedes
1163 751 1343 814 anticorum:
1370 748 1455 812 luve-

118 860 199 924 nalis
222 854 357 942 ‘togati
380 867 464 922 anta
487 854 625 942 pedea’.

88 984 102 1026 a
211 967 305 1032 Insita
333 967 425 1032 arbor
453 976 501 1031 est
528 970 579 1032 cui
607 970 721 1033 incisae
750 967 882 1034 alienum
914 987 1040 1053 germen
1067 967 1246 1052 includitur3
1281 967 1375 1032 adsita
1405 969 1455 1030 cui

118 1077 267 1142 incolumi
286 1077 376 1161 aliud,
396 1077 476 1161 quod
496 1078 654 1162 sustineat,
673 1077 863 1160 adiungitur:
886 1077 1030 1142 Horatius
1050 1072 1135 1161 ‘qua
1158 1077 1318 1160 populus
1336 1077 1456 1140 adsita

118 1181 276 1270 surgit',
300 1189 413 1270 quippe
437 1204 515 1270 quae
539 1183 651 1249 vitibus
676 1189 879 1250 maritaretur.

211 1293 340 1359 Fremor
364 1304 411 1359 est
434 1312 574 1359 murmur
597 1293 770 1373 hominum,
796 1296 935 1359 fremitus
960 1296 1101 1359 lerarnm.

211 1402 338 1468 Flavum
370 1403 500 1467 dicimus
532 1401 679 1486 rubeum,
717 1407 796 1468 sicut
828 1399 947 1466 ‘llara
981 1399 1133 1488 Ceres’3
1171 1404 1291 1468 lurtum
1326 1405 1458 1488 nigrum,
1568 1455 1574 1463 .

79 1506 265 1576 m‘lurrae
289 1531 401 1596 regna
423 1505 701 1595 Proserpinae’3
726 1511 841 1575 lulvum
865 1515 953 1595 nigro
973 1512 1118 1598 rubeum,
1142 1512 1274 1577 lerinum
1298 1522 1329 1575 et
1352 1529 1458 1593 super-

119 1619 209 1705 bum,
232 1625 314 1685 sicut
337 1621 452 1686 lulium
476 1621 594 1684 leonem
618 1628 650 1684 et
673 1619 785 1685 lidram
808 1620 938 1702 aquilam
962 1629 993 1684 ei
1017 1622 1132 1686 iulium
1156 1641 1264 1686 aurum
1288 1628 1319 1685 et
1342 1616 1457 1682 ‘inira

119 1748 263 1813 pugnas
286 1731 330 1794 de
353 1730 449 1794 nube
474 1723 670 1814 tuentem',
693 1749 771 1812 quae
794 1729 922 1795 liaberet
944 1733 1066 1814 igneum
1090 1730 1202 1814 ailquid
1227 1731 1265 1794 de
1289 1728 1461 1794 caelestini

120 1838 279 1902 sordidum
302 1839 340 1902 de
363 1839 486 1921 lugubri
509 1849 561 1902 aut
583 1847 667 1902 certe
692 1840 729 1902 de
748 1840 849 1904 lanea
870 1841 1066 1925 iracundiam,
1086 1838 1092 1922 Ι
1113 1839 1150 1903 de
1170 1840 1275 1903 Turno
1295 1841 1458 1903 tristitiam.

121 1947 237 2011 lulrum
261 1956 345 2011 certe
369 1967 487 2033 aurum,
511 1950 561 2011 cui
578 1947 616 2011 ad
634 1948 778 2013 decorem
802 1949 973 2032 splendoris
993 1952 1039 2013 sui
1065 1949 1167 2030 nigelli
1190 1947 1302 2029 aliquid
1327 1944 1455 2009 additur.

82 2073 107 2114 ιε
213 2056 390 2120 Postulatur
420 2055 532 2139 aliquid
562 2055 705 2142 honeste,
731 2059 869 2141 poscitur
886 2057 1045 2140 improbe:
1074 2056 1180 2120 Cicero
1205 2059 1236 2118 in
1261 2055 1458 2119 lrumeutaria

122 2161 328 2248 ‘incipiunt
351 2165 557 2248 postulare,
579 2183 750 2250 poscere,
774 2161 933 2229 minari'.
1082 2235 1085 2242 ,

212 2274 305 2338 llum
323 2275 459 2338 virorum
479 2283 563 2338 recte
582 2273 704 2357 dicitur,
726 2281 834 2338 uterus
853 2273 1026 2358 mulierum,
1048 2281 1155 2336 venter
1175 2275 1207 2336 in
1225 2281 1357 2356 utroque
1377 2293 1460 2338 sexu.

213 2381 368 2467 Supplicia
391 2382 428 2445 de
454 2385 614 2447 tormentis
638 2382 767 2446 dicimus
791 2389 823 2445 et
846 2381 883 2444 de
908 2381 1060 2464 precibus.

215 2595 229 2643 1
249 2585 405 2659 indigenae
418 2617 452 2628 -
467 2583 607 2657 indidem]
622 2583 760 2656 indigena
774 2583 904 2641 homines
919 2584 1052 2644 dicuntur
1065 2586 1227 2660 indigentes
1242 2584 1346 2658 digane
1360 2584 1460 2656 genili.

123 2668 243 2742 Negena
255 2667 312 2726 iibi
326 2667 363 2726 de
376 2667 406 2724 Β
423 2665 575 2740 Indigenea
595 2665 760 2738 (Indigenas
775 2667 808 2738 p)
827 2666 957 2725 homines
971 2668 1117 2726 dicuntum
1136 2669 1283 2740 Indigetes
1298 2665 1460 2723 dilidam

123 2751 235 2822 (itidem
250 2753 284 2822 p)
303 2749 448 2822 indigetes
462 2747 536 2806 unde
556 2749 649 2824 genili
665 2747 706 2806 dii
725 2763 774 2820 sp.
802 2749 921 2816 scrtcasc
938 2749 1090 2824 indigenae
1103 2751 1235 2808 homines
1249 2747 1391 2818 dicuntur,
1405 2746 1461 2820 hoc

123 2835 168 2890 est
185 2832 315 2889 indidem
333 2829 439 2905 geniii,
457 2830 600 2904 indigetes
619 2829 650 2887 di
709 2835 725 2884 3
746 2827 865 2904 mcum]
886 2831 992 2888 dmum
1011 2847 1082 2888 cerr.
1101 2849 1199 2890 curans
1220 2829 1259 2886 M
1316 2825 1460 2900 tmgati]

125 2915 295 2970 lucenam.
315 2917 419 2982 7,142
506 2911 649 2968 tinuisse
668 2909 1059 2982 basanbrunnum
1079 2913 1117 2970 lii
1134 2913 1210 2969 mata
1229 2911 1257 2966 Β
1347 2911 1461 2969 uinco·

123 2994 194 3052 lomi
213 2995 253 3052 M
337 2993 406 3066 qna]
426 2993 495 3065 qnia
513 2992 541 3047 Β
559 3011 578 3064 q
598 2993 649 3048 M:
667 2991 740 3048 Hor.
759 2991 836 3062 epist.
858 2992 902 3048 II
919 2995 1242 3068 2‚170quapopu1ua
1261 2994 1357 3051 adsita
1375 2995 1460 3050 cerlis

5 3079 6 3082 ’
126 3077 280 3136 Limiiibua
299 3075 394 3134 vicina
410 3073 518 3148 refugii
536 3074 630 3146 iurgia
693 3079 710 3130 8
729 3073 869 3145 murmur]
889 3091 986 3133 rumor
1005 3091 1022 3136 ς
1090 3075 1259 3150 tiliarum]
1280 3075 1419 3134 Plausum
1432 3074 1462 3131 Β

80 3178 86 3190 ·
177 3159 265 3232 flava]
286 3157 375 3215 dauers
393 3153 435 3211 B:
460 3153 540 3227 Verg.
560 3170 651 3227 georg.
672 3157 693 3210 Ι
709 3160 748 3212 98
821 3153 937 3211 furuum
956 3157 1082 3230 nigrum
1107 3157 1245 3214 Horatius
1264 3173 1352 3229 quam
1371 3171 1460 3228 psane

6 3267 7 3292 i
125 3239 223 3298 furuae
241 3257 333 3314 regna
351 3235 549 3310 Proserpinae·
555 3253 592 3307 p:
611 3235 682 3292 Hor.
703 3253 788 3294 cam.
809 3236 852 3291 ΙΙ
869 3239 915 3304 13,
933 3243 971 3295 21
1047 3245 1082 3294 10
1101 3238 1202 3312 regna]
1222 3237 1321 3308 regine
1341 3239 1380 3294 M
1383 3237 1412 3292 Β

6 3343 7 3356 ³
124 3323 241 3391 sociasse
263 3321 375 3379 fulvum
399 3337 464 3377 aum
486 3319 570 3393 nigro
593 3317 713 3376 rubeum
787 3317 908 3374 larinum
928 3321 958 3376 et
981 3319 1135 3392 superbum
1158 3337 1210 3377 orn.
1230 3319 1311 3375 Beda
1330 3337 1361 3389 p.
1381 3321 1461 3376 2785

6 3393 7 3434 l
179 3409 212 3462 ii
233 3421 349 3476 aurum,
367 3404 401 3460 ul
419 3401 559 3475 Virgilius
576 3399 658 3456 fulva
675 3417 788 3472 pugnes
804 3418 838 3472 p:
865 3401 944 3473 Verp.
960 3402 1030 3460 Aen.
1047 3401 1123 3457 XII
1140 3405 1199 3460 792
1271 3407 1462 3473 repugnasse

126 3487 161 3543 da
178 3488 254 3544 nube
275 3487 314 3542 M
329 3501 473 3558 pugnasse
492 3483 537 3540 Du
555 3483 632 3555 pube
650 3480 679 3537 Β
761 3482 881 3539 baberet
899 3483 1029 3558 igneum]
1050 3483 1156 3540 habeta
1175 3499 1240 3540 eum
1258 3480 1287 3537 Β
1371 3487 1404 3536 13
1424 3479 1460 3538 de

125 3583 230 3626 aneae
251 3568 290 3623 M
375 3564 502 3622 tristiam
519 3562 549 3619 Β
638 3570 672 3620 14
695 3562 806 3620 fulvum
824 3581 876 3622 orn.
896 3565 926 3619 Β
1011 3565 1133 3622 addetur
1150 3564 1179 3621 Β
1267 3569 1300 3619 ib
1319 3561 1459 3636 poscitur]

125 3651 238 3720 patrm
256 3649 285 3705 Β
357 3655 391 3704 18
411 3645 564 3719 incipiuni]
592 3645 648 3704 Cic.
667 3647 700 3701 t'at
724 3645 801 3702 Verr.
821 3652 874 3704 cci.
893 3663 944 3704 sec.
965 3646 1091 3718 11134,
1111 3653 1149 3704 78
1215 3651 1248 3702 18
1268 3647 1298 3702 el
1316 3645 1352 3702 de
1369 3644 1460 3718 preci·

127 3729 177 3787 bur
195 3729 303 3787 EXPL.
325 3730 363 3786 M
379 3732 410 3787 et
427 3726 560 3802 precibus
579 3725 685 3783 diuinis
704 3743 721 3786 ς
