3602 5482
360 333 429 404 350
941 335 1101 396 avuacts

360 451 382 492 e.
396 438 424 482 ao
437 439 470 481 n.

360 527 539 610 composita,
573 533 710 588 ceterum
738 526 880 610 simplex,
909 525 1054 612 alioquin·
1071 526 1246 609 compositu.
1287 525 1452 590 Rationalis
1480 527 1596 608 speciei
1622 545 1688 588 con·

360 637 531 698 iunctiones
562 643 637 717 quot
667 631 761 700 sunt?
804 635 938 698 Numero
975 636 1080 717 viginti
1116 645 1147 700 et
1179 643 1322 717 quattuor
1361 637 1418 702 lrae
1457 645 1529 700 sunt
1567 643 1692 720 tantum,

360 742 558 825 quamobrem
580 747 760 830 composita,
783 747 963 828 praesertim
987 744 1130 828 simplex,
1152 747 1226 836 item
1250 745 1391 830 simplex,
1413 749 1547 828 itemque
1572 763 1692 828 compo

360 855 434 935 sita,-
445 855 487 918 ita
501 837 643 938 simplex,
662 855 764 936 itaque
779 855 959 938 composita,
983 855 1053 936 quia
1068 853 1204 938 simplex,
1223 857 1365 938 quonlam
1380 855 1518 939 simplex,
1537 857 1693 937 quoniam·

360 961 484 1044 quidem
511 964 690 1046 composito,
723 975 908 1046 quapropter
936 965 1117 1046 composita,
1150 981 1332 1046 quamquam
1365 967 1548 1047 composita,
1581 967 1727 1047 quippea

360 1069 502 1154 simplex,
525 1073 579 1153 qni
601 1071 744 1156 simmex,
767 1075 851 1153 atqui
874 1073 1055 1155 composita,
1083 1070 1216 1154 alioquin
1241 1073 1422 1155 composita,
1451 1073 1531 1136 enlm
1556 1072 1693 1156 simplex,

360 1181 473 1244 etenim
505 1183 685 1264 composita,
722 1182 875 1244 enimvero
909 1181 1089 1264 composita,
1127 1199 1199 1262 ergo
1233 1179 1374 1264 simplex,
1411 1179 1480 1244 ideo
1517 1183 1693 1266 composita,

359 1291 453 1371 igitur
476 1289 617 1373 simplex,
640 1289 756 1354 scilicet
779 1290 961 1372 composita,
990 1298 1126 1353 ceterum
1155 1287 1296 1373 simplex,
1328 1298 1489 1372 propterea
1519 1293 1691 1374 composita.

452 1397 534 1462 Ordo
563 1399 811 1462 coniunctionum
842 1399 896 1480 qui
930 1392 998 1460 est?
1045 1381 1112 1470 Quo
1150 1407 1297 1482 apparent
1334 1400 1577 1483 coniunctiones,
1617 1417 1690 1480 quae

360 1510 506 1591 praeponi
538 1506 668 1571 debeant
697 1515 828 1588 tantum,
861 1523 937 1588 quae
969 1504 1114 1588 subiungi
1145 1513 1277 1598 unium,
1311 1525 1387 1588 quae
1420 1515 1452 1569 et
1484 1511 1632 1590 praeponi
1663 1518 1728 1573 etro

360 1614 504 1696 subiungi
528 1663 535 1678 .
559 1622 789 1698 praeponuntur
812 1616 1043 1678 coniunctiones
1067 1623 1183 1678 tantum
1209 1633 1336 1678 numero
1361 1625 1477 1698 septem
1501 1616 1572 1700 hae,
1601 1626 1632 1680 at
1659 1636 1691 1680 ac

360 1733 407 1788 ast
436 1726 484 1786 ein
520 1726 671 1788 sinautem
698 1741 809 1788 nam*
840 1771 847 1786 .
878 1706 1107 1804 subiunguntur
1142 1727 1372 1790 coniunctiones
1409 1735 1527 1790 tantum
1566 1745 1691 1790 numero

360 1842 505 1917 quattuor
528 1832 600 1917 lrae,
629 1851 664 1896 ve
688 1851 747 1914 que
772 1851 811 1896 ne
834 1851 957 1915 qnoque
980 1880 988 1895 .
1011 1834 1071 1895 iam
1099 1842 1219 1898 ceterae
1249 1835 1480 1898 coniunctiones
1510 1833 1556 1916 [et
1584 1855 1691 1919 propo·

361 1954 477 2008 nentur
487 1952 519 2007 et
533 1941 774 2024 subiunguntur]
786 1923 1027 2025 exceptissopra
1041 1941 1131 2006 dictis
1145 1943 1411 2008 coniunctionibus
1422 1954 1453 2008 et
1462 1955 1692 2029 praeponuntur

361 2062 392 2117 et
415 2050 650 2133 subiunguntur.
1704 2070 1729 2110 ιε

269 2245 271 2251 ,
450 2161 562 2244 Figura
590 2160 701 2224 accidit
723 2158 988 2224 coniunctionibus
1013 2178 1050 2222 an
1070 2157 1165 2248 nou?
1207 2162 1337 2244 Accidit,
1367 2164 1411 2226 sic
1443 2165 1488 2226 uti
1519 2172 1551 2227 et
1581 2167 1692 2227 ceteris

360 2272 499 2356 partibus
523 2272 676 2334 orationis.
715 2264 822 2342 Quae?
860 2267 991 2351 Simplex
1022 2277 1052 2330 et
1082 2272 1246 2351 composita
1271 2317 1278 2333 .
1302 2265 1380 2352 quae
1409 2280 1510 2334 autem
1534 2274 1574 2335 sit
1598 2273 1691 2354 ligura

361 2381 488 2465 simplex
510 2388 542 2444 et
565 2377 676 2461 quibus
699 2397 737 2441 ex
760 2375 853 2441 rebus
877 2385 908 2440 et
931 2384 1005 2458 quot
1034 2376 1132 2440 modis
1162 2378 1213 2440 ilat
1240 2379 1336 2460 ligura
1365 2383 1544 2464 composita,
1573 2383 1634 2444 ianr
1661 2384 1690 2444 iu

360 2492 482 2555 nomine
506 2489 581 2552 satis
604 2489 808 2550 tractavimus
1433 2506 1436 2510 ·

452 2601 603 2661 docentus
639 2585 888 2660 coniunctionum
926 2603 1000 2678 quot
1038 2591 1130 2657 sunt?
1177 2592 1341 2678 Quinque?
1386 2592 1467 2670 Qui?
1509 2597 1730 2677 Productusao

361 2717 535 2792 correptus,
565 2716 687 2791 acutus,
717 2723 858 2789 pressus,
886 2701 1043 2786 †etlreria
1074 2712 1216 2789 utraque,
1246 2705 1277 2768 id
1309 2714 1355 2768 est
1385 2705 1539 2770 distinctio
1570 2717 1602 2770 et
1633 2727 1691 2772 non

342 2819 515 2883 distinctio
534 2864 542 2880 .
561 2835 643 2881 nunc
666 2815 698 2878 hi
725 2816 818 2879 certis
841 2813 1107 2878 coniunctionibus
1130 2832 1186 2895 per
1205 2816 1323 2896 species
1342 2814 1405 2880 dati
1419 2815 1691 2883 ,observabuntnr.

360 2938 391 2993 at
414 2947 485 2991 vero
509 2929 606 2991 ceteri
624 2934 769 2990 accentus
787 2943 843 3008 per
862 2934 980 2988 ceteras
1000 2926 1118 3006 species
1137 2925 1386 2988 coniunctionum
1406 2925 1572 3011 naturales,
1595 2927 1692 2992 idest

361 3036 527 3121 simplices,
551 3053 617 3099 esse
643 3034 818 3118 probantur.

451 3145 530 3210 Sunt
553 3146 797 3226 coniunctiones,
828 3161 920 3226 quae,
950 3161 1020 3206 cum
1044 3141 1111 3206 aliis
1142 3141 1280 3224 partibus
1310 3145 1457 3208 orationis
1480 3145 1692 3232 respondeant,
1705 3159 1730 3201 ²⁵

360 3254 516 3321 intellectu
542 3265 642 3319 tamen
665 3253 898 3336 discernuntur,
922 3261 957 3316 ut
979 3271 1029 3335 ve,
1054 3254 1080 3314 si
1104 3269 1164 3314 non
1189 3271 1259 3315 cam
1283 3257 1485 3318 commotione
1507 3257 1601 3319 animi
1623 3274 1691 3339 pro·

360 3367 532 3448 nuntiatur,
555 3367 614 3428 erit
637 3363 825 3444 coniunctio,
848 3371 882 3424 ut
906 3355 1100 3424 ‘Pariusve
1129 3356 1255 3444 lapis'3
1283 3364 1310 3424 si
1337 3381 1409 3426 aero
1439 3382 1492 3426 vae
1516 3383 1588 3428 mem
1612 3383 1691 3428 com-

362 3477 493 3538 motione
513 3475 606 3536 animi
628 3473 815 3555 proferatur,
839 3473 898 3534 erit
921 3471 1110 3554 interiectio,
1132 3477 1166 3532 ut
1190 3465 1255 3533 ‘vae
1284 3474 1395 3534 misero
1420 3468 1504 3536 mihi'
1529 3522 1536 3536 .
1561 3492 1693 3560 quoquc,

361 3586 387 3647 si
412 3601 473 3664 pro
502 3581 630 3646 ablativo
654 3600 726 3645 casu
750 3601 812 3644 nore
841 3578 1036 3662 respondeat,
1065 3579 1123 3640 erit
1151 3581 1339 3664 coniunctio,
1369 3589 1404 3644 ut
1431 3581 1509 3664 apud
1535 3581 1692 3666 virgilium

565 3717 603 3771 tu
627 3726 772 3790 quoque
797 3704 983 3770 litoribus
1007 3707 1150 3767 nostris
1174 3707 1306 3770 Aeneia
1331 3710 1454 3770 nutrix
1480 3757 1486 3770 .
1706 3722 1730 3764 so

454 4010 467 4059 t
488 4001 694 4061 coniunctionis
712 3999 740 4056 Β
814 4007 830 4056 6
849 3997 942 4072 siqui]
962 3997 1051 4070 adqui
1070 4015 1141 4056 corr.
1160 3997 1252 4070 sdqns
1271 3998 1299 4054 Β
1373 4005 1389 4056 9
1409 3999 1533 4077 quiesi]
1557 4003 1609 4076 qui
1628 4007 1693 4062 euni

360 4087 389 4142 Β
464 4090 497 4142 10
517 4085 640 4141 debeant
658 4083 768 4139 mnium
789 4085 833 4138 esi
852 4097 925 4151 qnae
944 4078 1079 4151 subiungi
1093 4080 1120 4135 Β
1196 4085 1226 4135 11
1248 4085 1463 4154 praeponuntur
1477 4085 1691 4144 coniunctiones

360 4169 473 4223 mnium
492 4183 608 4223 numero
632 4167 744 4238 septem
767 4163 802 4220 lxe
826 4161 864 4220 ad
888 4162 942 4218 hao
965 4165 1008 4218 asi
1032 4163 1075 4218 sin
1099 4162 1239 4219 sinentem
1262 4179 1328 4220 nam
1346 4163 1375 4220 Β
1393 4170 1609 4238 praeponuntur
1627 4185 1691 4225 con·

361 4247 519 4305 inunctiones
538 4264 657 4304 numero
676 4249 740 4303 octo
759 4244 815 4302 hee
833 4248 959 4312 lanium,
979 4247 1010 4300 ai
1028 4261 1061 4300 so
1082 4247 1127 4300 set
1145 4244 1205 4300 sire
1226 4261 1274 4301 sen
1293 4245 1340 4302 vel
1359 4245 1403 4302 sin
1422 4247 1563 4304 ementem
1582 4249 1692 4307 Rebus

356 4335 509 4402 nidisti.
529 4329 659 4386 lunonem
669 4329 803 4397 iudicavi,
822 4345 878 4398 quo
888 4330 1099 4396 maoecsepiem
1109 4327 1354 4386 coniunctionibus
1363 4330 1564 4401 praepositivis
1578 4332 1692 4398 acidia

360 4413 484 4470 simodo
507 4416 618 4482 septen,
642 4427 700 4468 uon
722 4427 770 4466 sex
794 4409 828 4466 od
848 4408 964 4464 dudeco
987 4407 1145 4476 adscriptae
1168 4414 1248 4464 arom
1322 4415 1355 4466 12
1375 4411 1584 4483 subiunguntur
1606 4431 1688 4484 prue-

361 4492 517 4564 posiiiones
537 4495 650 4549 tantum
669 4507 785 4548 numero
809 4493 920 4562 sepiem
939 4491 1074 4560 quattuor
1097 4489 1151 4544 hae
1175 4505 1229 4545 nae
1252 4507 1324 4561 quse
1348 4507 1402 4548 nse
1421 4509 1536 4564 quoqne
1553 4493 1582 4550 Β
1659 4502 1690 4552 ta

361 4575 411 4649 sii]
436 4574 470 4632 ut
486 4573 515 4630 Β
598 4580 632 4630 21
658 4590 774 4645 prsesns
803 4577 833 4630 ei
860 4571 941 4627 heria
966 4572 1088 4641 utraque
1113 4570 1143 4627 Β
1163 4613 1169 4626 .
1189 4569 1305 4642 hyphen
1332 4578 1358 4628 ei
1384 4571 1525 4631 diastolen
1552 4579 1692 4633 communi

361 4657 473 4712 rumine
490 4657 723 4727 comprehendisse
739 4656 849 4712 videar
866 4654 1065 4724 nominee
1137 4658 1172 4709 aa
1191 4655 1346 4727 naturales]
1366 4654 1530 4713 moralesB
1605 4663 1640 4715 26
1659 4663 1692 4716 ni

361 4738 412 4793 sni
429 4751 483 4793 uae
503 4735 527 4791 si
546 4752 603 4792 non
622 4736 810 4794 commotione
829 4735 916 4791 enimi
935 4733 1155 4805 pronuntiantur
1173 4735 1202 4792 Β
1275 4743 1309 4793 tt
1329 4735 1463 4794 Pariusve
1482 4737 1569 4812 lapis]
1589 4739 1690 4812 popius

361 4817 409 4874 uel
427 4818 510 4890 pupis
528 4817 570 4872 B.-
596 4817 674 4888 Vere.
694 4817 764 4873 Aen.
785 4817 880 4873 1593
968 4814 992 4870 si
1011 4831 1077 4872 nero
1096 4832 1132 4871 ue
1151 4816 1305 4873 commotio
1321 4861 1327 4873 .
1342 4835 1378 4874 ne
1397 4818 1425 4874 Β
1517 4817 1542 4875 si
1560 4819 1689 4880 sblstiuo

362 4915 429 4956 casu
447 4897 619 4970 respondeat
636 4899 664 4954 Β
738 4906 774 4956 ³0
793 4902 824 4955 in
844 4895 969 4970 qnoque]
998 4895 1075 4970 Ver‘p.
1095 4897 1165 4952 elea.
1193 4897 1260 4953 VII
1276 4902 1292 4954 1
