3616 5482
356 375 420 442 148
589 395 603 400 ··
840 399 841 404 ¹
906 375 1138 437 ossstououtt

353 489 376 530 p.
390 477 500 520 rear-ca
514 477 539 518 r.

354 581 525 626 consonans
548 559 750 646 perscribitur
769 564 905 650 quidem,
930 573 1067 630 ceterum
1087 569 1118 629 ln
1138 566 1322 632 enundando
1342 566 1453 632 durum
1473 577 1504 632 et
1527 564 1692 631 barbarum

354 682 450 736 sonat.
474 653 519 736 'at
542 673 568 736 si
591 674 746 756 posterius
764 672 891 737 verbum
910 673 1077 756 quamlibet
1095 683 1312 739 consonantem
1332 673 1472 739 babuerit
1491 674 1539 739 rel
1557 673 1692 738 vocalem

353 779 420 844 loco
443 783 572 864 positam
596 782 804 866 consonantis,
833 791 933 846 serrat
956 801 987 846 nr
1014 781 1133 847 litterae
1158 802 1274 847 sonum.
1312 802 1367 865 par
1390 785 1472 846 enim
1496 794 1586 867 atque
1609 781 1693 846 idem

354 898 402 953 est
425 891 530 954 vitium
554 892 595 953 ita
619 907 688 953 curn
713 889 807 952 recall
827 891 833 968 Ι
853 893 934 955 elcut
957 909 1026 955 cum
1051 903 1286 956 consonantem
1309 891 1441 956 litteram
1465 895 1644 976 exprimere.

443 1013 500 1078 Eat
533 1015 680 1098 quaedam
710 1014 811 1079 littera
839 1017 871 1080 in
898 1019 916 1081 f
944 1017 1062 1083 litterae
1089 1021 1223 1104 speciem
1256 1021 1399 1104 figurata,
1432 1039 1509 1102 quae
1542 1020 1721 1102 digammat

353 1125 539 1208 nominatur,
563 1127 633 1208 qula
656 1124 857 1208 duos'apices
881 1145 917 1189 ex
941 1146 1057 1209 gamma
1085 1127 1186 1192 littera
1215 1127 1327 1192 babere
1356 1128 1501 1192 videatur.
1538 1129 1576 1192 ad
1600 1129 1693 1192 buius

354 1232 582 1298 similitudinem
607 1237 673 1298 sunl
698 1236 797 1298 nostrl
820 1237 997 1300 coniunctas
1018 1235 1136 1300 vocales
1160 1235 1331 1319 digammon
1350 1237 1500 1320 appellare
1521 1236 1694 1321 uoluerunt,

353 1351 389 1404 ut
411 1350 459 1405 est
482 1351 585 1407 votum
609 1345 701 1426 virgo.
739 1346 842 1426 itaque
866 1345 899 1407 in
922 1346 1019 1426 prima
1043 1341 1154 1426 syllaba
1179 1344 1327 1425 digamma
1349 1353 1380 1408 et
1403 1345 1537 1408 vocalem
1556 1348 1693 1428 oportuit

353 1453 440 1534 poni,
462 1453 565 1516 fotum
589 1454 687 1536 firgo,
711 1452 793 1534 quod
817 1461 848 1514 et
871 1453 978 1517 Aeolus
1002 1453 1142 1518 lecerunt
1166 1462 1198 1516 ct
1221 1455 1337 1536 antiqui
1361 1457 1474 1537 nostri,
1497 1455 1578 1518 siout
1596 1457 1691 1536 scrip-

353 1565 422 1622 tura
452 1563 482 1622 in
512 1561 693 1643 quibusdam
721 1560 830 1624 libellis
859 1560 999 1625 declarat.
1043 1561 1122 1625 banc
1135 1561 1283 1625 litteram
1307 1561 1470 1624 Terentius
1493 1560 1587 1624 Varro
1616 1561 1689 1625 dum
1708 1575 1739 1614 10

352 1667 416 1730 vult
439 1668 663 1756 demonstrare,
686 1671 726 1733 ita
750 1667 928 1754 perscribit,
952 1685 1033 1734 vav.
1072 1672 1125 1752 qui
1149 1687 1221 1753 erpo
1245 1671 1276 1732 ln
1300 1669 1356 1734 hac
1380 1667 1493 1752 syllaba
1517 1688 1610 1734 sonus
1635 1680 1691 1752 est,

353 1774 432 1840 idern
457 1775 577 1842 litterae
602 1781 668 1842 erit.
711 1796 768 1842 nos
792 1777 881 1842 hodie
906 1793 930 1840 v
954 1778 1085 1842 litteram
1108 1782 1140 1841 iu
1163 1779 1292 1842 duarum
1316 1779 1486 1842 litterarum
1509 1787 1691 1862 potestatem

354 1887 525 1968 coegimus:
549 1905 617 1950 nam
638 1885 726 1949 modo
750 1905 806 1970 pro
826 1886 973 1968 digamma
993 1887 1152 1972 scribitur,
1175 1888 1264 1952 modo
1288 1907 1344 1970 pro
1364 1888 1467 1952 vocali.
1505 1887 1614 1950 vocalis
1635 1899 1692 1969 est,

354 1981 430 2058 curn*
448 1998 515 2078 ipsa
539 2014 651 2078 perse
675 2004 737 2059 est:
762 1995 819 2058 boc
843 1997 925 2058 enirn
949 2013 1019 2058 cum
1036 1992 1156 2066 'ceteris
1179 2015 1300 2078 quoque
1319 1995 1480 2060 'vocalibus
1504 1999 1626 2080 patitur.
1664 1999 1691 2059 si

354 2103 499 2168 cum‘alia
520 2104 615 2167 rocali
634 2113 695 2186 est,
718 2103 867 2184 digamma
887 2111 946 2185 est,
970 2122 1047 2185 quae
1068 2113 1114 2167 est
1133 2123 1312 2194 consonans.
1345 2114 1408 2168 tres
1427 2104 1545 2172 vocales
1564 2103 1690 2187 quibus·
1709 2117 1739 2157 1⁵

354 2210 423 2274 dam
446 2212 589 2276 ridentur
608 2231 675 2276 esse
700 2213 757 2276 sub
781 2232 841 2277 una
865 2213 977 2296 syllaba
996 2231 1058 2276 rae.
1105 2222 1222 2297 errant,
1245 2214 1358 2291 silita
1384 2223 1505 2296 putant:
1529 2233 1597 2276 narn
1618 2232 1691 2277 uus·

238 2325 250 2375 .'
354 2338 443 2402 quam
464 2321 542 2403 apud
563 2321 694 2385 Graecos
713 2341 812 2404 neque
832 2320 910 2404 apud
930 2320 1053 2402 Latium
1073 2339 1110 2382 ex
1130 2319 1228 2383 tribua
1251 2319 1405 2383 vocalibus
1429 2319 1539 2403 syllaba
1564 2332 1692 2385 constat.

354 2447 448 2510 quare
471 2428 521 2492 hic
547 2448 670 2512 quoque
694 2429 842 2512 digamma
867 2432 926 2493 erit
950 2424 981 2491 et
1004 2426 1081 2490 duae
1107 2428 1233 2492 vocales.

447 2555 592 2619 Similiter
611 2549 689 2619 ‘sed'
713 2555 794 2618 cadit
816 2558 847 2618 in
872 2558 1094 2637 quaestionem,
1119 2565 1149 2618 et
1172 2555 1239 2618 aliis
1262 2564 1362 2656 pert,
1386 2556 1452 2619 aliis
1476 2556 1568 2639 perd
1593 2557 1693 2640 placet

354 2661 455 2726 scribi.
493 2663 571 2745 apud
595 2665 735 2744 antiquus
759 2666 841 2727 enim
865 2665 927 2726 scio
948 2681 1009 2741 pro
1033 2662 1085 2724 aed
1115 2662 1221 2726 sedum
1251 2662 1359 2725 luisse:
1389 2663 1468 2726 unde
1492 2682 1549 2726 uos
1571 2663 1692 2727 duabus
1707 2678 1739 2718 ²⁰

354 2771 463 2834 litteris
487 2774 659 2835 novissimis
682 2771 789 2834 ablatis
812 2769 944 2851 reliquas
972 2769 1090 2832 litteras
1114 2770 1194 2833 salra
1218 2771 1236 2833 d
1265 2773 1296 2834 in
1320 2791 1379 2835 usu
1406 2771 1569 2836 habemus:
1597 2793 1688 2854 quem

355 2877 391 2942 ad
411 2879 533 2942 modum
553 2881 579 2943 ai
603 2873 732 2962 quaeras
755 2872 814 2941 ‘sat
837 2896 896 2961 qua
918 2877 1018 2940 littera
1037 2877 1131 2940 scribi
1150 2873 1318 2962 oporteti',
1342 2879 1477 2944 dicemus
1500 2890 1597 2965 pert,
1621 2883 1692 2962 quia

355 2989 508 3069 integrum
532 2991 599 3051 eius
623 2991 662 3051 sit
686 2981 793 3051 ‘satis'.

447 3212 464 3263 2
483 3208 558 3265 atsi
577 3207 625 3268 50
641 3223 674 3263 ao
693 3204 718 3262 si
735 3203 796 3261 AB
866 3205 1026 3276 quamlibet
1043 3205 1071 3261 Β
1090 3205 1240 3277 quodlibet
1258 3204 1317 3261 AO
1379 3212 1395 3261 3
1415 3211 1511 3265 serrat
1529 3226 1559 3264 nr
1576 3209 1693 3267 litterae

356 3305 456 3346 conum
476 3305 528 3346 om.
543 3291 578 3345 'A
665 3296 688 3360 t
702 3288 745 3343 ita
763 3303 828 3342 cum
846 3285 941 3342 vocali
960 3286 1130 3358 exprimere,
1149 3286 1225 3343 sicut
1242 3303 1307 3343 cum
1326 3291 1498 3344 consonante
1517 3307 1545 3345 ιιι
1564 3291 1693 3349 litteram

356 3369 532 3443 supprimere
552 3371 668 3428 aarum
688 3369 873 3426 Sebumderua
890 3385 1005 3439 mamm.
1027 3369 1075 3423 lut.
1092 3367 1113 3422 1
1125 3384 1157 3437 p.
1173 3371 1229 3423 305
1302 3372 1319 3422 b
1337 3367 1454 3434 fortasse
1471 3370 1557 3442 Apud
1571 3369 1696 3430 Graecos

359 3453 406 3508 ert
423 3452 566 3523 quaedam
668 3459 684 3507 a
704 3449 783 3522 qnia]
800 3467 872 3520 quae
887 3448 980 3506 ABG
1074 3465 1109 3504 cx
1127 3465 1242 3520 gamma
1259 3448 1345 3505 litera
1362 3449 1468 3507 habere
1486 3450 1601 3508 uidetur
1620 3454 1644 3511 G

358 3539 373 3587 7
394 3533 561 3590 coniunctas
581 3531 705 3604 vocales]
725 3534 828 3588 rectius
846 3550 864 3588 r
883 3531 1065 3588 coniunctam
1082 3527 1177 3585 vocali
1255 3535 1271 3584 a
1292 3547 1377 3600 quam
1397 3533 1427 3587 et
1446 3532 1521 3588 aeoli
1539 3533 1568 3589 A
1586 3542 1644 3605 qut
1665 3540 1695 3592 et

356 3613 414 3670 eoli
434 3613 459 3671 0
479 3631 553 3686 quae
577 3617 607 3672 et
630 3614 704 3694 aeoli
722 3614 774 3674 Βς
797 3615 875 3687 quod
901 3616 932 3669 et
950 3611 1034 3669 Aeoli
1054 3609 1155 3667 Carrio
1227 3611 1319 3668 nostri
1338 3613 1397 3671 Au
1414 3631 1471 3670 non
1489 3612 1531 3682 B,
1550 3629 1600 3670 ora.
1621 3631 1639 3675 ς

359 3702 393 3751 10
413 3695 563 3753 Terentius
577 3695 669 3752 Varro
688 3711 705 3756 ς
725 3698 862 3754 terentius
882 3712 933 3754 usu
953 3709 1016 3750 raro
1035 3690 1132 3748 ABG.
1160 3691 1296 3750 Varronis
1312 3700 1491 3766 praeceptum
1510 3712 1543 3751 ee
1561 3696 1642 3752 bbrr'a
1661 3698 1695 3752 dc

356 3777 465 3846 eripiare
493 3778 607 3848 iinpuue
634 3779 741 3835 latinae
768 3781 888 3850 petitum
911 3792 966 3832 care
988 3775 1104 3831 coniecit
1126 3771 1296 3830 Ritaclrelr'ua
1318 3781 1421 3846 quaest.
1447 3774 1567 3832 Varrort.
1589 3794 1620 3848 p.
1645 3783 1695 3846 27,

357 3859 437 3914 labris
461 3859 495 3915 de
517 3875 639 3916 moue
663 3859 752 3916 lutino
776 3861 876 3915 tribuit
901 3855 1108 3912 Wr'lmcrrrtaiua
1126 3853 1160 3908 de
1184 3853 1267 3912 Vurr.
1288 3857 1350 3911 libr.
1369 3873 1483 3928 prooem.
1503 3875 1533 3928 p.
1553 3863 1601 3914 92.
1621 3864 1696 3915 176.-

333 3941 393 4010 ‚cyi
413 3939 553 3996 Priscian.
573 3941 590 3998 l.
611 3940 633 3995 Ι
646 3958 685 4012 p.
697 3948 732 3996 15
808 3947 841 3995 11
861 3934 1013 4009 perscribit
1030 3936 1107 3992 VAV
1127 3935 1309 4004 Bituricum,
1328 3935 1481 4008 perscribit
1500 3954 1538 3994 ua
1556 3937 1615 3994 Ao
1630 3957 1694 4010 per·

357 4021 444 4079 cribit
461 4038 500 4077 ua
516 4021 545 4076 B
621 4027 653 4078 ta
674 4018 855 4092 Vlitteroru]
874 4035 894 4073 u
912 4016 934 4073 l’
951 4016 993 4072 ito
1012 4018 1040 4072 A
1114 4023 1149 4072 tt
1167 4019 1222 4074 boc
1241 4023 1256 4073 e
1276 4016 1397 4074 enimG
1471 4023 1502 4074 lb
1521 4019 1616 4076 vocali
1635 4022 1693 4094 est]
1738 4074 1747 4087 ,

357 4101 459 4158 uocale
483 4119 553 4158 corr.
573 4101 606 4158 -li
627 4101 651 4158 0
741 4108 774 4157 ta
799 4099 864 4172 rae]
889 4114 989 4154 uerum
1008 4099 1044 4156 A.
1073 4099 1194 4167 fmtusae
1218 4115 1291 4169 quae
1316 4099 1466 4170 scripserat
1485 4099 1641 4170 Cornutus,
1660 4110 1694 4158 ut

356 4184 408 4239 ltoc
426 4185 548 4255 crenpto
562 4183 697 4255 preberet
711 4200 730 4254 q
749 4183 843 4237 littero
857 4179 1037 4250 praecedente
1050 4197 1070 4234 u
1089 4180 1210 4236 litterum
1223 4198 1282 4236 ooo
1295 4181 1417 4236 oblinere
1430 4181 1534 4236 vocalia
1552 4183 1641 4237 locum

356 4283 498 4337 nmquam
516 4282 608 4337 neque
627 4263 705 4336 apud
725 4262 849 4319 Graecos
869 4259 969 4316 carro
1045 4266 1077 4316 li
1098 4264 1211 4318 constat
1226 4261 1364 4317 Similiter
1378 4276 1465 4331 quare
1482 4261 1583 4330 (qnare
1597 4277 1649 4319 cru.
1665 4255 1695 4335 s)

358 4347 378 4401 b
401 4363 514 4418 quoqne
534 4347 680 4419 digamma
704 4343 760 4400 erit
782 4344 811 4400 et
833 4342 908 4397 duae
932 4340 1046 4397 uocales
1071 4342 1205 4400 similiter
1227 4343 1278 4399 aed
1297 4342 1380 4401 ΑΒς
1405 4347 1430 4397 et
1448 4342 1538 4398 uerbis
1561 4343 1696 4401 similiter

359 4443 505 4498 qnare-
530 4427 663 4483 similiter
685 4427 717 4481 irc
740 4425 868 4496 marpirre
892 4424 998 4480 additia
1022 4422 1056 4493 θ,
1081 4426 1209 4494 conant,
1234 4440 1322 4495 quare
1349 4420 1482 4477 similiter
1506 4422 1553 4479 hic
1578 4442 1694 4496 quoqne

360 4508 506 4581 digamma
525 4508 579 4565 erit
599 4511 629 4564 et
647 4508 720 4564 duae
741 4507 854 4564 uocales
873 4503 1013 4562 similiter.
1043 4501 1099 4560 Sed
1119 4503 1220 4561 Carrio
1313 4509 1346 4559 19
1371 4503 1400 4558 in
1424 4503 1638 4574 quaestionari

360 4596 395 4645 20
414 4589 472 4646 scio
491 4590 589 4647 sedum
608 4588 696 4646 fuisse
715 4603 741 4648 s.
770 4589 805 4657 cs.
826 4587 935 4643 Obarir.
952 4603 981 4656 p.
1000 4589 1066 4652 112,
1085 4591 1103 4642 5
1123 4586 1221 4642 sedum
1242 4583 1316 4642 enim
1335 4582 1447 4654 antiqui
1465 4603 1517 4656 pro
1537 4585 1586 4642 sed
1605 4603 1695 4666 pone-

359 4670 431 4727 bant
515 4687 568 4743 pro
586 4689 637 4729 om.
656 4669 749 4727 ABG
834 4675 867 4724 ‘rt
887 4666 918 4723 in
936 4685 1020 4723 usnrn
1038 4667 1066 4722 Β
1153 4673 1188 4722 22
1213 4666 1377 4736 siquaaras
1397 4666 1442 4720 sat
1460 4665 1584 4736 qualiter
1607 4667 1695 4726 scribi
1789 4717 1794 4724 .

360 4755 474 4824 oportet
491 4753 618 4809 dicemus
637 4753 687 4812 Βς
707 4753 732 4808 si
751 4752 905 4822 quaeratur
923 4749 972 4804 a&
991 4749 1115 4818 qualiter
1128 4747 1214 4806 scribi
1233 4749 1347 4820 oportet
1365 4747 1520 4804 diceremus
1535 4749 1563 4803 A
1581 4747 1606 4804 si
1625 4766 1694 4819 que·

359 4837 407 4890 rat
430 4836 474 4890 sat
497 4835 606 4906 qualite
625 4836 707 4902 (corr.
727 4833 852 4904 qualiter
870 4835 894 4904 c)
913 4829 999 4887 scribi
1018 4833 1132 4902 oportet
1149 4830 1307 4886 diceremus
1328 4827 1362 4899 0,
1387 4829 1411 4884 si
1431 4831 1626 4901 quaereretur,
1646 4835 1693 4887 sut

361 4931 419 4988 qua
437 4913 537 4971 littera
556 4913 642 4969 scribi
662 4916 807 4986 oporteat,
826 4912 984 4970 diceremus
1006 4911 1105 4968 Carrio
1178 4909 1435 4984 qnia]quod110
1471 4957 1490 4978 ,
