3590 5486
621 311 670 370 nn
691 288 986 370 oaduooaaema
1029 387 1030 392 Ν
1410 313 1472 381 197

136 415 314 467 emme

137 501 264 584 syllabae
296 502 483 583 posteritatis
514 504 580 565 inre
612 501 744 566 detinuit
774 501 919 584 regulam.
974 499 1071 582 probo
1102 505 1182 564 enim
1216 513 1290 584 puto
1323 502 1382 567 dici
1418 523 1474 586 per

137 611 353 674 detractionem
372 628 389 671 r
410 609 543 694 litterae,
566 631 635 675 curn
652 591 843 676 ¹contrarium
863 613 929 674 eius
949 609 1100 692 exprobro
1120 613 1328 695 nuncupatur,
1351 623 1382 675 et
1406 612 1473 674 ideo

136 718 154 780 b
185 725 299 781 mutam
331 717 463 780 arbitror
493 721 701 802 apponendam
737 721 821 797 lauta
851 718 987 800 regulam
1018 735 1108 799 quam
1144 721 1174 782 in
1212 719 1384 792 nominibus
1417 739 1473 782 nos

135 827 254 890 dedisse
279 828 480 890 meminimus.
519 837 550 890 et
579 827 639 890 libo
664 847 681 891 a
709 846 818 910 graeco
847 814 1025 890 translatum
1054 845 1122 888 esse
1147 827 1340 910 confidimns,
1369 837 1403 890 ut
1427 835 1474 890 est

8 910 15 946 ³
110 929 187 997 stat
216 925 247 997 δ’
270 936 402 998 αἴθοπα
426 923 525 998 αἶνον
548 934 647 1017 λεῖβε.
686 945 843 1019 praeterea
867 937 1056 1018 quaerimus,
1085 954 1180 1017 quare
1208 933 1336 998 rerbum
1360 954 1472 999 enervo

135 1041 349 1125 disyllaborum
378 1044 614 1127 supergrediens
644 1063 805 1109 numerum
835 1053 866 1107 et
895 1045 1118 1125 coniugationis
1147 1046 1263 1126 primae
1292 1063 1327 1106 ac
1357 1045 1472 1127 primae

134 1153 247 1234 speciei
262 1154 433 1216 consistens
448 1171 509 1216 non
523 1151 613 1235 perb
634 1161 747 1216 mutam
767 1152 821 1216 sed
841 1170 927 1233 perv
947 1150 1106 1235 scribitur,
1125 1161 1156 1214 et
1176 1151 1306 1214 dicimus
1321 1155 1471 1233 quaestio·

135 1277 203 1322 nem
228 1259 394 1344 solventes,
409 1263 488 1343 ,quia
512 1281 528 1325 e
552 1261 640 1342 longa
664 1261 848 1344 praepositio
872 1267 933 1342 est,
957 1268 988 1324 et
1011 1259 1079 1322 ideo
1104 1259 1319 1342 disyllaborum
1343 1263 1473 1342 arripuit

133 1370 277 1452 regulam.

98 1490 122 1532 ιι
225 1479 285 1542 Sed
315 1481 386 1562 quia
416 1480 516 1543 evenit
536 1478 541 1558 Ι
562 1479 708 1561 quaedam
739 1478 829 1542 rerba
858 1483 889 1542 in
914 1479 1019 1543 ultima
1046 1477 1168 1561 mridem
1192 1487 1245 1540 aut
1274 1478 1471 1541 antecedente

134 1586 245 1669 syllaba
269 1589 385 1670 primae
408 1606 557 1670 personae
577 1607 594 1648 r
617 1587 750 1651 litteram
770 1608 831 1652 non
855 1587 1036 1671 habere,·in
1061 1587 1193 1650 secunda
1218 1605 1295 1681 vero,
1315 1588 1471 1649 continere
1590 1629 1593 1633 -

133 1713 279 1778 persona,
302 1703 337 1760 ut
360 1697 427 1759 rolo
451 1699 510 1780 ris,
534 1697 612 1761 malo
637 1699 745 1780 maris,
769 1697 916 1779 quaedam
939 1700 971 1760 in
994 1698 1158 1778 praeterito
1183 1705 1300 1758 tantum
1326 1695 1471 1776 perlecto,

134 1821 193 1866 non
215 1811 315 1866 tamen
335 1807 366 1866 ln
386 1806 536 1886 positione
547 1824 624 1889 sua,
644 1815 678 1904 ut
700 1805 817 1886 gaudeo
836 1809 956 1888 gavisus
975 1825 1058 1889 sum,
1077 1814 1108 1868 ct
1127 1823 1235 1868 rursus
1254 1806 1286 1866 in
1305 1805 1470 1886 praeterito

135 1912 271 1993 perlecto
290 1932 308 1972 ι
331 1913 462 1976 lilteram
486 1917 609 1997 penitus
629 1934 690 1977 non
714 1913 843 1977 habento
868 1913 941 1977 alias
960 1932 1111 1997 personas
1135 1915 1167 1976 in
1191 1910 1381 1993 temporibus
1405 1911 1470 1974 aliis

137 2027 354 2038 ———--

226 2074 239 2124 l
261 2068 392 2125 deuouit
409 2069 469 2126 Ac
484 2069 650 2126 retinuit-B
724 2077 741 2126 2
761 2071 886 2142 exprobo
904 2069 933 2126 B
1016 2077 1032 2126 3
1052 2069 1082 2126 in
1102 2065 1265 2126 hominibus
1285 2067 1313 2122 A
1332 2067 1362 2122 in
1382 2064 1472 2124 omni-

134 2149 186 2204 bus
209 2149 271 2204 ΒΟ
360 2157 377 2206 t
401 2152 434 2206 ul
458 2182 493 2193 -
517 2151 607 2226 λεῖβε]
630 2156 664 2207 ul
687 2155 703 2206 d
728 2150 775 2206 oni
800 2152 834 2206 do
859 2148 1100 2214 eouaotrtotne
1124 2152 1208 2206 codes
1232 2149 1472 2219 senescente,

135 2225 487 2290 ΕΠΙΔΕΘΟΠὸΟΙΝΟΛΒΕ
506 2231 534 2286 Β
554 2228 912 2292 ΜΕΤΙΔΕΦΠὸΟΙΝΟΝΒΕ
930 2234 973 2302 Δ,
991 2249 1043 2288 orn.
1064 2231 1109 2292 os
1172 2229 1380 2302 equituris
1399 2247 1470 2289 corr.

135 2311 200 2384 quis
219 2329 235 2368 e
256 2310 292 2382 G)
317 2313 361 2368 est
384 2311 471 2383 longa
494 2312 670 2384 praepositio
690 2315 720 2370 el
742 2313 808 2370 ideo
825 2311 887 2368 AG
971 2320 1005 2370 to
1030 2313 1081 2370 sed
1099 2330 1155 2384 qao
1174 2316 1256 2384 (corr.
1277 2311 1472 2384 quincussis

134 2397 158 2463 (t
174 2395 244 2464 roa.)
262 2393 291 2448 B
310 2391 360 2449 sed
379 2394 477 2486 euenii
496 2395 523 2450 A
543 2393 595 2450 sed
613 2411 687 2467 quae
707 2394 820 2451 euenire
841 2391 865 2450 0
937 2399 969 2449 12
989 2393 1108 2464 quidam
1126 2391 1156 2450 in
1175 2393 1331 2466 praeterito
1350 2391 1379 2448 R

596 2645 785 2706 uaerrsn
803 2647 853 2704 nu
873 2649 897 2704 a
916 2647 1011 2706 sor
1091 2623 1095 2626 ’

133 2797 277 2880 regulam.
314 2798 410 2880 probo
434 2800 514 2860 enlm
541 2808 615 2880 puto
639 2797 698 2861 dlci
729 2818 785 2882 per
808 2799 1028 2862 detractionem
1051 2818 1068 2861 r
1090 2799 1224 2882 lltterae,
1253 2817 1322 2862 curn
1352 2805 1470 2860 contra-

132 2909 209 2970 rium
235 2909 302 2969 eius
331 2907 482 2990 exprobro
511 2917 718 2991 nuncupatur,
747 2917 777 2971 et
805 2907 873 2971 ideo
902 2908 921 2969 b
951 2918 1065 2970 mutam
1094 2906 1226 2970 arbitror
1256 2909 1288 2970 in
1319 2908 1470 2986 scriptura

132 3025 236 3079 tenere
265 3018 347 3078 iuxta
375 3014 511 3097 regulam
539 3034 630 3097 quam
658 3017 690 3080 in
718 3017 892 3080 nominibus
920 3015 1040 3079 dedisse
1071 3017 1280 3078 meminimus„
1311 3021 1341 3076 et
1370 3013 1430 3075 libo
1454 3033 1471 3074 a

132 3143 241 3207 graeco
269 3123 449 3187 translatum
479 3141 546 3186 esse
575 3125 769 3208 confidimus,
804 3134 839 3189 ut
866 3135 913 3188 est
942 3119 996 3190 ἐπὶ
1025 3116 1056 3188 d'
1083 3125 1214 3188 αἴθοπα
1243 3113 1342 3185 οἶνον
1370 3119 1471 3201 λεῖβε.
1521 3115 1527 3131 ’

107 3239 288 3315 ιριιοῑιιιια
326 3233 515 3314 miserimus,
550 3251 643 3314 qrrare
681 3233 806 3296 verbum
838 3252 949 3296 enervo
985 3232 1206 3316 disyllaborum
1236 3228 1471 3312 supergrediens

132 3359 293 3403 nnmerum
319 3349 349 3402 et
373 3343 594 3422 coniugationis
619 3345 734 3424 primae
758 3360 793 3404 ac
817 3343 931 3425 primae
957 3344 1069 3423 speciei
1094 3343 1266 3403 consistens
1291 3356 1350 3401 non
1375 3337 1470 3420 perb

132 3459 247 3512 mutam
276 3449 329 3512 sed
357 3467 413 3530 per
438 3469 454 3508 r
478 3450 651 3530 digammon
681 3450 840 3532 scribitur,
869 3458 900 3513 ct
923 3451 1052 3514 dicimus
1077 3452 1286 3531 qtraestionem
1310 3445 1471 3527 solventes,

132 3557 212 3638 quod
238 3557 366 3638 elonga
391 3560 575 3639 praepositio
600 3567 659 3640 est,
684 3567 714 3620 et
738 3558 806 3621 ideo
830 3557 1046 3639 disyllaborum
1070 3557 1198 3636 arripuit
1223 3553 1366 3635 regulam.

223 3665 283 3728 Sed
317 3667 388 3746 quia
417 3669 517 3729 evenit
545 3665 692 3748 quaedam
722 3664 812 3726 rerba
842 3667 874 3726 in
902 3664 1005 3726 ultima
1035 3662 1158 3744 quidem
1187 3671 1240 3724 aut
1272 3661 1470 3724 antecedente

95 3789 118 3828 ιι
131 3773 242 3854 syllaba
268 3776 383 3855 primae
408 3793 555 3854 personae
576 3793 593 3834 r
618 3773 748 3834 litteram
772 3791 833 3834 non
857 3771 983 3854 habere,
1007 3775 1039 3835 in
1059 3772 1191 3860 secunda
1217 3791 1287 3833 rero
1312 3773 1469 3833 continere

131 3901 275 3964 persona,
300 3893 334 3945 ut
358 3883 424 3944 rulo
449 3885 507 3966 vis,
531 3882 609 3945 malo
633 3883 741 3962 maris,
766 3879 913 3960 quaedam
938 3882 969 3942 in
993 3883 1158 3962 praeterito
1183 3889 1300 3943 tantum
1325 3879 1473 3963 perlecto,

131 4009 191 4054 non
213 3999 312 4054 tamen
332 3993 363 4054 in
384 3993 534 4072 positione
554 4008 621 4071 sna,
645 3997 678 4049 ut
698 3987 814 4069 gaudeo
833 3991 954 4068 gavisus
973 4007 1056 4072 sirm,
1075 3999 1107 4052 et
1126 4007 1234 4051 rursus
1255 3987 1315 4067 [in]
1336 3994 1469 4068 praeter·

130 4101 172 4160 ito
197 4099 335 4181 perlecto
359 4117 376 4158 v
399 4097 532 4160 litteram
555 4099 678 4178 penitus
702 4115 763 4159 non
786 4097 931 4178 habente,
958 4096 1030 4160 alias
1053 4115 1199 4179 personas
1223 4099 1253 4158 in
1280 4094 1468 4176 temporibus

130 4207 196 4270 aliis
225 4205 351 4268 eandem
381 4215 484 4269 tenere
513 4206 660 4289 litteram,
689 4212 722 4268 ut
750 4207 816 4266 rivo
846 4207 918 4287 vixi,
955 4204 1112 4270 sciendum
1142 4205 1222 4285 quood
1253 4206 1343 4266 etiarn
1373 4203 1421 4265 illa
1452 4223 1470 4264 r

94 4331 116 4371 u
131 4315 263 4379 litteram
284 4315 416 4377 rocalem
440 4334 496 4398 pro
516 4321 712 4377 consonante
725 4313 856 4376 babeant
874 4316 905 4376 in
926 4316 1084 4396 scriptura.
1123 4316 1149 4374 si
1176 4331 1246 4374 vero
1270 4315 1469 4394 praeteritum

130 4421 362 4505 supradictum
391 4426 422 4486 in
451 4421 504 4485 bui
528 4424 635 4485 autin
659 4424 685 4484 si
709 4432 761 4484 aut
785 4424 815 4484 in
841 4424 888 4503 psi
917 4420 1044 4502 syllabas
1072 4421 1202 4503 desinat,
1232 4438 1286 4501 per
1310 4419 1329 4481 b
1355 4428 1469 4482 mutam
1522 4411 1526 4422 “

131 4533 196 4594 sine
211 4530 305 4594 dubio
320 4531 503 4616 scribentur,
518 4541 552 4595 nt
572 4528 703 4613 praebeo
722 4530 859 4613 praebui,
877 4529 968 4592 iubeo
988 4530 1072 4611 iussi,
1092 4528 1191 4589 scribo
1212 4531 1319 4610 scripsi
1340 4547 1375 4590 ac
1390 4529 1469 4591 talia.

131 4645 348 4657 c——n—

221 4693 240 4744 l
259 4683 321 4762 lna]
340 4687 423 4746 Horu.
440 4689 462 4744 I
463 4689 481 4748 l.
495 4689 523 4746 A
538 4693 596 4746 462
663 4692 678 4741 l
698 4687 840 4744 soluentes
860 4685 936 4757 qaod
955 4685 1043 4756 longo
1056 4684 1086 4740 N
1106 4684 1281 4741 solventesa
1298 4684 1388 4757 longa
1407 4685 1435 4740 P

133 4774 165 4824 to
180 4769 347 4842 managos
367 4785 488 4841 persono
506 4773 540 4825 ot
559 4768 624 4825 volo
641 4769 669 4822 P
687 4766 832 4824 continere
851 4771 885 4823 ut
903 4767 969 4823 volo
984 4765 1018 4820 N
1077 4771 1111 4822 13
1131 4781 1188 4821 non
1202 4765 1356 4821 habentem
1371 4765 1437 4821 NP

135 4854 167 4905 tt
181 4847 259 4920 quod
273 4846 361 4905 eiiam
375 4847 455 4904 illam
467 4849 496 4905 P
508 4866 623 4921 qaoque
635 4849 722 4904 etiam
733 4847 814 4904 illam
823 4847 858 4903 N
912 4855 945 4905 ttl
958 4847 988 4903 in
1004 4845 1028 4902 si
1042 4850 1093 4902 eat
1106 4845 1137 4902 in
1145 4845 1191 4902 bei
1200 4845 1229 4902 P
1239 4847 1268 4902 in
1284 4847 1309 4903 si
1323 4851 1374 4904 aut
1384 4849 1429 4920 pai
1437 4849 1471 4904 N
