3590 5486
608 327 659 384 uit
679 325 976 386 ΟΒἜΗΟΘΒΑΡΗΙΑ
1393 323 1460 394 209

122 443 143 482 p.
156 429 213 472 2820
227 427 253 470 Β.

211 513 356 597 Harpyia,
379 513 460 596 quod
484 531 627 596 graecum
650 534 762 581 nomen
786 526 845 599 est,
868 534 924 598 per
947 535 966 598 y
988 530 1132 598 graecum
1155 523 1303 598 sequente
1326 517 1338 577 i
1360 513 1458 578 latino

121 623 318 694 scribendum
342 630 402 706 est,
423 623 428 700 Ι
449 625 592 704 quoniam
615 623 694 706 apud
719 642 772 688 eos
795 644 831 687 vr
855 622 1065 705 diphthongon
1089 631 1145 686 est

137 779 139 782 -
213 733 287 815 Ara,
317 750 386 795 com
411 731 505 795 altare
536 733 699 816 siguificat,
726 735 792 796 sine
816 733 1037 817 adspiratione,
1067 751 1137 796 cum
1161 751 1233 796 roro
1257 731 1357 796 cubile
1386 750 1457 815 por·

121 859 244 925 corum,
267 857 338 904 cum
361 839 565 923 adspiratione
589 839 794 904 scribendum.

96 997 109 1038 ⁵
422 1043 426 1052 ·
503 1018 507 1026 ’
668 998 915 1069 OONOLVSIO

214 1129 412 1214 Congregatis
446 1133 553 1214 igitur,
589 1113 669 1214 quae
696 1151 753 1214 per
783 1151 876 1216 snpra
906 1131 1004 1194 dictos
1034 1131 1257 1216 orthographos
1288 1133 1460 1196 necessario

121 1241 245 1320 repperi
270 1240 363 1304 luisse
384 1241 569 1322 conscripta,
594 1257 675 1302 nunc
696 1240 786 1304 linem
809 1238 879 1303 libri
899 1239 1020 1303 domino
1040 1242 1160 1304 iurante
1182 1242 1334 1305 iaciamus.
1373 1241 1461 1304 datur

122 1348 203 1409 enim
228 1347 362 1430 intellegi
386 1367 452 1411 rem
476 1349 565 1410 nimis
589 1347 695 1410 utilem
720 1348 829 1430 luisse,
852 1365 929 1428 quae
954 1356 998 1411 tot
1022 1367 1055 1411 ac
1080 1351 1172 1412 tantis
1196 1349 1371 1412 auctoribus
1391 1366 1460 1430 cog·

123 1457 262 1518 noscitur
286 1475 354 1519 esse
377 1464 519 1539 uacua,
547 1459 703 1541 moniam,
732 1457 832 1538 siquid
861 1475 878 1518 a
907 1457 1062 1539 prioribus
1084 1462 1334 1540 praetermissum
1359 1465 1419 1540 est,
1444 1475 1461 1518 a

87 1577 109 1616 ¹⁰
122 1562 324 1645 sequentibus
348 1573 468 1628 constat
489 1565 656 1647 impletum.
694 1568 868 1629 meminisse
892 1576 993 1628 autem
1017 1563 1163 1630 debemus
1188 1567 1366 1648 frequenter
1389 1568 1460 1628 arti·

122 1672 254 1755 graphos
278 1673 316 1736 de
335 1673 549 1756 orthographia
569 1683 715 1738 tractasse
734 1683 765 1737 et
788 1675 900 1737 iterum
920 1673 1140 1756 orthographos
1160 1674 1196 1737 de
1217 1677 1349 1757 partium
1367 1673 1459 1736 decli·

123 1782 246 1843 natione
276 1781 470 1865 disseruisse,
503 1801 572 1844 cum
601 1790 702 1851 tamen
730 1800 782 1844 res
811 1780 868 1844 sibi
893 1761 1068 1863 repugnare
1101 1782 1267 1846 rideantur.
1306 1801 1356 1844 ars
1380 1785 1462 1846 enim

123 1897 233 1952 tractat
255 1889 294 1953 de
317 1893 452 1974 partium
475 1890 694 1976 declinatione,
717 1890 931 1973 orthographia
954 1909 1026 1953 vero
1050 1891 1197 1971 quemad
1221 1891 1344 1953 modum
1369 1888 1461 1953 scribi

124 1995 233 2060 debeat
251 1998 403 2083 designat,
423 1998 504 2080 quod
523 2001 656 2080 partium
675 1999 836 2062 declinatio
856 1997 966 2062 decora
985 1999 1130 2080 repperit
1158 1997 1216 2059 hoe
1235 2001 1261 2060 si
1280 2000 1312 2061 in
1332 1999 1461 2060 auetori-

89 2117 112 2158 1⁵
126 2103 183 2168 bus
207 2125 330 2190 semper
353 2106 536 2190 intenderis,
564 2116 599 2169 ut
626 2126 682 2188 pro
711 2105 785 2170 locis
809 2109 873 2170 suis
902 2109 999 2188 posita
1023 2102 1183 2186 diligenter
1207 2107 1349 2188 accipias,
1378 2104 1462 2168 nullo

123 2232 229 2278 errore
254 2215 433 2296 fatigaberis
473 2234 555 2278 nuno
580 2219 697 2278 animos
719 2216 855 2297 legentes
879 2217 987 2296 erigite
1011 2223 1041 2277 et
1054 2271 1056 2274 .
1069 2214 1198 2294 gaudete
1223 2221 1324 2277 tantos
1347 2213 1384 2276 ad
1409 2231 1462 2276 vos

123 2325 242 2404 priscos
261 2326 435 2407 pervenisse
450 2333 599 2407 auctores,
616 2332 650 2386 ut
668 2327 714 2386 eis
729 2324 854 2415 cqedere
873 2323 1040 2387 indubitata
1055 2333 1157 2386 mente
1172 2321 1316 2386 debeatis.
1339 2339 1461 2405 possem

124 2431 246 2512 quidem
266 2433 405 2514 Aquilam
428 2443 459 2496 et
479 2431 712 2514 Quintilianum,
736 2431 790 2496 sed
811 2442 841 2494 et
859 2434 994 2512 Avitum,
1018 2449 1095 2513 quos
1118 2450 1179 2494 non
1206 2431 1280 2495 nulli
1304 2434 1336 2494 in
1359 2428 1461 2492 ortho-

122 2541 266 2624 graphiae
290 2544 398 2623 peritia
417 2540 669 2630 laudandosnesse
693 2549 891 2625 putaverunt,
915 2559 992 2622 quos
1012 2549 1112 2603 tamen
1131 2541 1326 2603 venturasic
1346 2537 1459 2601 Christi

87 2659 111 2700 2⁰
125 2652 246 2713 nomine
266 2649 424 2714 celerrime
445 2651 645 2732 sustinemus,
668 2649 878 2730 superioribus
897 2647 1073 2711 auctoribus
1093 2647 1212 2710 addere.
1251 2647 1303 2712 sed
1323 2664 1461 2710 necessa·

6 2801 7 2810 ι
124 2760 205 2821 rium
229 2776 290 2820 non
314 2767 361 2820 est
383 2755 542 2838 multiplici
561 2773 688 2818 numero
708 2757 779 2820 dare
803 2756 969 2840 licentiam,
992 2775 1063 2820 cum
1082 2776 1143 2820 non
1162 2759 1223 2820 sint
1242 2759 1365 2820 omnino
1389 2754 1461 2817 dell·
1513 2808 1518 2818 .

125 2869 179 2929 niti
213 2868 319 2949 quanti
347 2864 385 2928 de
413 2864 517 2928 eadent
546 2883 580 2926 re
604 2863 739 2928 scribere
763 2865 945 2929 maluerunt
982 2886 1050 2930 nam
1074 2869 1100 2930 ai
1127 2866 1288 2930 duodecim
1315 2843 1461 2928 horarum

124 2977 220 3057 spatia
254 2972 333 3038 diem
365 2976 505 3057 protinus
534 2972 685 3055 complere
715 2982 899 3058 noscuntur,
933 2977 959 3036 ai
992 2973 1151 3037 duodecim
1186 2992 1306 3057 qnoque
1342 2991 1462 3036 menses

124 3101 238 3147 annum
258 3081 380 3146 volubili
400 3084 543 3145 varietate
562 3083 743 3165 restituunt,
766 3069 792 3144 si
816 3081 977 3145 duodecim
997 3085 1083 3164 signa
1102 3082 1242 3145 caelestia
1261 3084 1355 3145 totius
1375 3080 1462 3144 nobis

87 3201 111 3243 ²⁵
125 3191 232 3254 circuli
258 3210 379 3275 campos
399 3191 493 3256 solida
513 3189 699 3253 rotunditate
719 3190 918 3274 concludunt,
942 3189 1033 3253 debet
1057 3189 1145 3254 nobis
1167 3192 1291 3254 omnino
1311 3191 1463 3273 sulficere,

125 3301 206 3382 quod
226 3319 264 3364 ex
283 3300 443 3364 duodecim
462 3299 735 3381 orthographorum
754 3298 840 3362 libris
860 3299 1074 3362 rectitudinem
1094 3301 1263 3382 scripturae
1288 3297 1462 3363 docentium

126 3407 286 3472 delloratas
309 3408 429 3492 regulas
452 3410 583 3491 posteris
607 3407 749 3489 legendas
774 3407 906 3471 exhibui.

14 3493 17 3503 ¹
216 3516 333 3600 Valete,
356 3518 480 3602 iratres,
501 3525 592 3598 atque
611 3517 642 3579 in
662 3515 850 3579 orationibus
870 3518 978 3578 vestris
998 3517 1003 3594 1
1025 3519 1084 3581 mei
1103 3535 1253 3580 memores
1274 3536 1340 3580 esse
1360 3516 1462 3599 digua·

125 3628 213 3709 mini,
242 3629 294 3708 qui
323 3645 376 3688 vos
404 3627 485 3688 iuter
509 3634 610 3688 cetera
635 3632 665 3686 et
692 3622 729 3685 de
754 3623 992 3706 orthographiae
1009 3625 1121 3686 virtute
1146 3633 1177 3688 et
1205 3625 1243 3687 de
1266 3624 1461 3690 distinctione

219 3771 233 3820 t
257 3763 398 3822 Pr'a'act'att.
424 3762 553 3835 Harpyia
572 3766 618 3829 37,
637 3765 675 3816 12
749 3765 766 3815 a
785 3777 836 3818 aru
854 3766 900 3832 53,
919 3767 959 3818 20

219 3895 233 3944 t
254 3890 355 3962 arpyia
372 3891 449 3962 qnod
466 3889 495 3946 B
513 3885 657 3960 harpygie
676 3903 749 3957 quae
769 3886 932 3960 Oarpygia
950 3903 1005 3960 qna
1023 3888 1052 3944 A
1140 3891 1277 3959 sequente
1296 3891 1306 3946 i
1324 3889 1415 3948 latino
1433 3889 1462 3948 Β
1517 3876 1536 3892 ’

125 3968 258 4040 sequenti
276 3969 307 4024 in
324 3970 415 4027 latino
435 3972 462 4027 A
482 3969 612 4040 sequenti
630 3966 641 4023 i
659 3967 752 4025 latinu
772 3967 797 4023 0
886 3975 902 4024 2
921 3970 952 4042 yi
969 3969 998 4025 Β
1015 3970 1047 4041 iy
1064 3968 1124 4025 AG
1213 3976 1231 4026 4
1256 3989 1320 4028 cum
1338 3988 1407 4028 rere
1426 4001 1461 4013 ·-

126 4047 322 4120 adspiratione
336 4065 387 4107 om.
402 4047 462 4106 AO
523 4049 702 4125 scribendum
717 4053 761 4105 eat
781 4050 805 4106 0
868 4058 884 4108 6
904 4051 1093 4125 Congregatis
1107 4051 1196 4124 igitur
1210 4069 1283 4123 quae
1297 4069 1349 4124 per
1363 4069 1461 4124 supra·

125 4129 218 4188 dictos
237 4129 266 4186 Β
285 4129 432 4204 Congretia
451 4131 533 4202 (Cum
552 4130 644 4203 grecia
664 4130 701 4200 0)
721 4129 809 4204 igitur
827 4132 904 4202 quod
923 4151 1008 4205 snpra
1027 4133 1119 4192 dictos
1139 4133 1198 4190 Ae
1268 4133 1330 4206 per]
1350 4133 1427 4204 apud
1445 4147 1463 4192 s

178 4217 194 4268 7
215 4210 285 4268 libri
301 4211 330 4268 Β
348 4211 424 4268 libro
443 4210 502 4267 At)
572 4217 588 4268 8
608 4211 739 4284 intellegi
757 4214 830 4287 rem]
849 4213 1047 4285 intellegerem
1066 4231 1136 4273 corr.
1156 4231 1198 4271 -re
1217 4215 1245 4270 Β
1320 4219 1353 4270 12
1373 4213 1462 4270 disse·

124 4310 187 4350 rere
205 4291 267 4350 Ao
357 4298 390 4349 ta
416 4292 556 4366 partium]
576 4293 682 4349 artium
699 4293 792 4350 ABG
814 4294 962 4352 nominum
981 4296 1082 4352 Gamo
1174 4303 1209 4351 14
1235 4295 1311 4367 qnod
1335 4295 1462 4368 partium

125 4373 283 4432 declinatio
301 4374 330 4430 Β
348 4375 399 4446 qui
417 4375 543 4446 partium
562 4373 717 4431 declinatio
735 4377 763 4431 A
783 4376 833 4446 qni
851 4377 976 4450 partium
996 4377 1185 4434 declinatione
1207 4375 1231 4432 0
1251 4393 1325 4449 qnae
1347 4377 1378 4433 in
1397 4394 1462 4448 par-

125 4456 200 4513 tium
220 4455 413 4514 declinatione
432 4457 534 4514 Carrio
606 4456 735 4528 repperit
752 4457 813 4513 AO
829 4459 988 4530 reppererit
1005 4459 1033 4514 B
1109 4462 1142 4513 te
1161 4455 1330 4528 fatigaberis
1349 4457 1378 4514 Β
1396 4459 1462 4518 iati-

125 4539 204 4609 garia
222 4535 283 4594 Ao
353 4536 462 4609 erigere
481 4540 509 4594 A
584 4543 618 4594 17
638 4539 744 4610 possim
763 4539 879 4610 quidem
899 4539 1045 4611 Opossim
1064 4537 1114 4610 qui
1132 4541 1161 4593 A
1179 4554 1393 4609 possemque..
1415 4544 1463 4598 aed

125 4635 181 4690 qne
200 4633 257 4674 rae.
275 4617 305 4672 Β
397 4622 431 4674 te
450 4618 656 4691 orthographia
673 4617 733 4674 AO
821 4625 857 4675 20
876 4619 1068 4676 necessarium
1086 4634 1143 4675 non
1162 4621 1206 4675 eat
1222 4618 1252 4673 Β
1271 4621 1462 4679 necessarium

126 4702 171 4754 est
188 4697 251 4754 ΑΟ
319 4704 355 4755 22
374 4700 503 4771 protinus
522 4717 573 4757 om.
594 4698 618 4756 0
689 4705 724 4755 25
743 4715 875 4771 eampum
894 4699 954 4756 Ad
1028 4707 1064 4757 26
1083 4699 1314 4772 artigraphorum
1332 4704 1393 4760 Ao

126 4785 160 4837 tt
178 4781 294 4852 regular
312 4797 363 4839 orn.
382 4784 411 4839 A
466 4783 595 4854 posteras
614 4781 752 4853 legendas
771 4781 798 4836 A
817 4785 946 4853 posteros
964 4781 1087 4854 legenda
1107 4781 1131 4837 0
1183 4788 1218 4839 28
1237 4783 1325 4852 atque
1342 4801 1394 4841 om.
1409 4785 1465 4842 Aa

200 4871 235 4921 29
254 4866 304 4936 qui
321 4881 373 4922 nos
391 4865 422 4922 in
442 4867 540 4926 cetera
555 4863 614 4921 Ao
630 4880 700 4934 quos
718 4863 793 4920 inter
812 4867 907 4920 cetera
925 4864 953 4918 Β
1045 4864 1074 4920 et
1092 4863 1190 4935 priore
1209 4864 1267 4920 loeo
1290 4881 1342 4922 om.
1361 4867 1389 4921 Β

72 4955 76 4962 ’
181 4975 342 5010 omumcr
356 4975 444 5008 aarum
464 4976 510 5008 m.
1210 4961 1244 5010 tt
