3590 5486
443 321 494 380 mc
512 321 613 381 aare
631 322 744 382 55555.
763 324 814 382 55
833 323 882 382 oc
902 323 1090 382 onrnoon.
1246 397 1249 406 ,
1367 323 1435 392 223

93 517 155 592 est,
180 507 370 592 eandemque
394 508 523 573 sormam
551 514 693 594 repetivit
717 511 849 576 Giiesius
872 511 970 576 Bedae
995 531 1043 596 op.
1067 531 1093 575 r.
1117 510 1155 575 Vl
1177 532 1206 597 p.
1233 511 1332 597 lsqq.
1366 531 1435 578 nam

93 636 281 701 quamquam
304 617 442 681 codicem
464 617 659 684 Derieianum
683 616 773 686 3826
797 639 878 684 nono
902 619 1039 703 saecuio,
1067 629 1101 684 ut
1130 623 1185 705 ait,
1213 624 1362 705 scriptum
1385 621 1435 685 ad·

93 724 252 810 hibucrat,
280 719 382 790 tamen
405 743 502 808 pauca
526 716 563 790 ex
587 747 623 792 eo
648 727 752 793 codice
777 729 961 811 emendavit,
990 727 1107 810 reliqua
1131 747 1167 792 ex
1198 729 1329 794 editione
1353 729 1435 794 Dasi-

92 833 190 898 ieensi
206 854 246 898 .a.
272 829 360 898 1563
388 837 553 919 expressit,
585 837 700 902 codicis
728 847 830 903 autem
859 839 1042 920 scripturam
1080 837 1185 918 paucis
1212 838 1288 900 locis
1316 839 1347 901 in
1376 838 1435 900 bne

93 942 239 1008 editionis
257 943 420 1008 adnotavit
449 946 530 1008 inter
549 948 762 1027 grammaticos
781 956 884 1010 autem
902 945 983 1010 bunc
1002 943 1102 1007 Bedae
1121 943 1233 1007 librum
1253 963 1313 1008 non
1333 948 1436 1008 inveni

93 1061 255 1135 receptum
274 1063 344 1118 ante
363 1053 556 1137 Putsehium,
580 1057 634 1136 qui
652 1073 723 1118 eum
743 1064 896 1136 tamquam
919 1055 1031 1116 incerti
1050 1053 1209 1136 scriptoris
1231 1052 1357 1131 iibrum,
1381 1054 1436 1118 sed

91 1157 193 1223 bedae
224 1160 314 1245 euim
341 1161 491 1226 tributum
520 1164 552 1226 in
580 1162 639 1226 dne
668 1165 771 1246 operis
800 1182 828 1246 p.
853 1157 943 1225 2775
957 1179 1022 1244 sqq.
1051 1160 1217 1225 codocavit
1261 1162 1335 1226 mibi
1362 1179 1435 1226 sero

93 1271 286 1352 propositum
310 1271 367 1335 iuit
391 1281 426 1335 ut
444 1279 560 1334 remota
583 1280 725 1354 pravast
748 1289 838 1352 saepe
858 1287 964 1332 manca
984 1272 1134 1353 scriptura
1159 1269 1311 1334 editorum
1335 1287 1436 1334 exem·

93 1375 226 1458 pierium
250 1377 287 1442 ad
310 1378 401 1442 fldem
425 1382 724 1464 manuscriptorum
747 1377 896 1441 librorum
920 1375 1082 1440 lectionem
1101 1394 1284 1442 revocarem.
1318 1381 1349 1441 in
1374 1397 1434 1462 quo

93 1487 224 1549 maxime
244 1485 415 1551 Parisinum
436 1497 467 1551 et
480 1487 779 1571 biontepessuianum
798 1487 936 1550 codicem
954 1494 1078 1549 secutus
1093 1503 1175 1568 sum3
1194 1484 1434 1550 rariusheiden·

94 1595 136 1656 sis
165 1594 281 1658 codicis
309 1597 463 1677 scriptura
490 1614 562 1660 cum
589 1595 707 1677 vulgata
736 1597 932 1658 consentiens
960 1593 1135 1675 recipienda
1170 1593 1236 1658 init.
1287 1593 1435 1658 lectiones

94 1711 196 1766 autem
225 1703 365 1768 codicum
393 1704 578 1785 accuratius,
607 1721 698 1784 quam
727 1720 783 1784 per
806 1719 840 1764 sc
869 1703 900 1764 in
930 1699 988 1764 hoc
1017 1703 1166 1783 scriptore
1196 1701 1436 1785 desiderabatur,

94 1810 272 1874 indicandae
297 1820 398 1888 eraut,
420 1819 582 1894 propterea
607 1810 688 1893 quod
708 1809 802 1873 multa
820 1827 837 1872 a
856 1808 937 1872 Beda
956 1827 992 1872 ex
1013 1807 1237 1891 antiquioribus
1256 1809 1433 1874 auctoribus

94 1917 274 2003 deprompta
298 1926 384 2002 sunt,
407 1937 484 2000 qnae
508 1920 604 2000 siquis
628 1937 698 1981 cum
721 1919 760 1981 iis
783 1935 861 2000 quae
886 1935 967 1980 nunc
991 1915 1071 1998 apud
1094 1915 1161 1980 iDos
1185 1917 1328 1981 seruntur
1351 1935 1432 1981 com·
1562 1961 1564 1966 .

94 2044 201 2108 parare
226 2027 303 2111 vnit,
327 2025 486 2090 sciendum
509 2035 571 2110 est,
595 2026 668 2108 quid
691 2028 722 2090 in
745 2025 833 2088 Dbris
857 2043 947 2088 manu
973 2025 1095 2106 scriptis
1118 2024 1246 2106 legatur.

122 2113 134 2140 ’
183 2126 335 2217 Antiquae
364 2143 466 2196 autem
490 2134 671 2198 eruditionis
700 2133 844 2216 reliquias
868 2133 948 2215 apud
971 2131 1082 2196 Dedam
1107 2135 1244 2198 inventas
1267 2136 1298 2197 in
1324 2137 1432 2217 primis

95 2241 231 2318 Charisia
251 2251 282 2306 et
301 2241 438 2306 Diomedi
460 2242 565 2306 deberi
592 2244 654 2307 dixi
677 2261 803 2326 gramm
821 2243 871 2306 iat.
891 2261 917 2304 r.
937 2240 950 2303 i
969 2261 997 2325 p.
1017 2239 1122 2305 xxiii.
1155 2241 1327 2306 aCharisio
1351 2243 1432 2305 enim

94 2359 125 2411 51
147 2351 270 2412 nomina
293 2353 575 2435 grammaticorum,
598 2369 808 2433 quaecumque
832 2353 864 2413 in
888 2350 946 2412 hoc
969 2348 1047 2412 iibro
1070 2348 1224 2434 leguntur,
1248 2359 1278 2413 et
1301 2350 1431 2432 piurima

94 2467 232 2522 veterum
257 2461 442 2542 scriptorum
467 2459 603 2542 exempla
625 2462 721 2543 petita
745 2469 824 2522 sunt.
863 2475 1046 2539 quamquam
1070 2460 1173 2540 copiae
1198 2461 1309 2522 veteris
1333 2477 1431 2540 gram·

94 2569 196 2630 matici
221 2566 337 2630 chda
361 2570 402 2631 ita
422 2571 621 2632 circumcisae
645 2577 731 2650 sunt,
755 2576 790 2631 ut
812 2583 908 2650 pauca
932 2568 963 2629 in
988 2564 1035 2630 bis
1059 2569 1211 2648 excerptis
1234 2567 1339 2630 relicta
1363 2570 1433 2649 siut,

94 2691 168 2754 qnae
201 2675 239 2738 ad
271 2687 445 2760 corruptam
475 2679 507 2740 in
538 2675 643 2740 codice
675 2675 802 2738 Charisii
836 2675 1017 2756 scripturam
1049 2674 1266 2740 emendandam
1302 2676 1431 2758 aliquam

94 2783 256 2846 utilitatem
284 2783 422 2848 babeant
464 2783 516 2846 sed
546 2791 668 2867 praeter
696 2786 793 2866 ipsius
817 2782 946 2846 Charisii
974 2779 1087 2844 librum
1111 2781 1191 2846 Dede
1215 2782 1353 2847 adhibuit
1383 2772 1434 2845 ex?

94 2901 198 2974 cerpta
223 2893 330 2956 similia
353 2891 555 2956 Bobiensibus
583 2891 643 2954 iliis
672 2910 748 2974 quac
776 2900 847 2974 post
870 2890 1040 2954 charisium
1065 2891 1154 2954 edidi.
1192 2910 1261 2954 nam
1285 2900 1316 2954 et
1346 2910 1432 2954 roca·

94 2998 163 3063 buia
182 3001 331 3082 quaedem
350 3019 427 3083 quae
447 3002 478 3062 in
498 2999 545 3062 hia
564 2999 637 3062 soiis
656 2999 800 3082 leguntur
819 3001 950 3082 recepit,
974 3009 1008 3062 ut
1030 3016 1058 3079 p.
1074 2995 1163 3064 2790
1182 3003 1272 3077 luter,
1297 3020 1326 3082 p.
1341 2997 1431 3066 2795

92 3111 304 3186 proverbium,
329 3119 360 3172 et
383 3106 520 3189 exempla
544 3099 622 3190 quae
646 3128 662 3170 a
687 3108 823 3172 Charisio
848 3111 973 3193 omissa,
1002 3111 1032 3169 in
1058 3110 1209 3190 excerptis
1233 3109 1333 3172 addita
1359 3118 1433 3173 sunt

96 3217 246 3300 exhibuit,
269 3237 298 3300 p.
317 3213 406 3281 2788
431 3221 507 3294 iugo
531 3233 653 3280 versum
674 3215 810 3299 Vergilii,
834 3235 862 3298 p.
882 3212 973 3278 2794
992 3235 1062 3294 pax
1085 3216 1256 3299 exemplum
1281 3216 1430 3280 SaDustii:

95 3326 131 3388 ci.
155 3326 272 3390 Charis
296 3345 325 3410 p.
348 3320 407 3408 33,
431 3321 483 3388 30.
509 3321 568 3409 32,
592 3322 613 3388 6
637 3335 668 3388 51
692 3344 756 3389 exc.
779 3345 808 3408 p.
832 3319 914 3405 550,
938 3321 968 3387 5.
998 3320 1080 3406 548,
1104 3320 1133 3388 8.
1171 3325 1264 3388 semei
1287 3345 1316 3408 p.
1341 3321 1430 3388 2799

95 3434 124 3495 in
147 3453 174 3496 v.
198 3435 330 3512 sulphur
353 3444 385 3497 et
407 3437 574 3512 scrupulus
598 3436 662 3516 ipse
686 3433 802 3497 addidit
824 3431 959 3512 exempla
978 3429 1101 3512 Vergilii
1125 3441 1156 3494 et
1179 3432 1329 3514 Terentii,
1353 3452 1430 3514 quae

95 3560 192 3622 neque
222 3541 301 3624 apud
325 3541 495 3605 Charisium
525 3561 622 3624 neque
651 3545 682 3606 in
708 3543 860 3623 excerptis
888 3539 1045 3620 leguntur,
1073 3538 1126 3600 sed
1157 3541 1278 3622 saepius
1302 3541 1339 3603 55
1364 3541 1430 3603 51115

95 3652 297 3728 grammaticis
320 3649 453 3713 adbibita
477 3661 557 3716 sunt.
600 3669 671 3714 cum
695 3648 838 3712 Diomede
866 3656 988 3728 praeter
1012 3663 1046 3708 ea
1077 3665 1154 3727 quae
1183 3650 1214 3709 in
1243 3651 1331 3710 initio
1361 3647 1430 3711 iibri

96 3755 130 3818 de
154 3759 236 3818 notis
261 3757 430 3821 litterarum
450 3761 561 3840 scripta
582 3768 654 3821 sunt
677 3759 805 3819 maxime
830 3753 1026 3816 consentiunt
1050 3753 1259 3818 adnotationes
1283 3755 1320 3818 de
1344 3775 1430 3838 prae·

96 3863 295 3943 positionibus
319 3869 359 3929 55
382 3875 413 3929 51
437 3887 478 3930 ex
501 3885 529 3948 p.
554 3863 653 3948 2776,
678 3869 709 3928 in
734 3884 762 3946 p.
787 3859 887 3946 2788,
907 3879 968 3941 pro
991 3880 1019 3942 p.
1041 3857 1140 3939 2794,
1162 3882 1257 3942 super
1281 3883 1309 3945 p.
1329 3861 1430 3942 2798,

95 3975 149 4034 sub
167 3992 199 4054 p.
213 3969 302 4036 2799
322 3983 354 4036 51
373 3972 409 4037 de
427 3973 570 4036 adverbio
590 3980 625 4038 ut
643 3992 671 4055 p.
687 3969 791 4036 2803:
816 3972 853 4033 ci.
869 3970 963 4032 Diom.
979 3989 1007 4052 p.
1024 3967 1089 4032 411
1107 3989 1172 4052 sqq.
1193 3981 1223 4033 51
1242 3991 1270 4053 p.
1286 3970 1362 4055 408,
1380 3971 1430 4036 10.

96 4099 162 4144 nam
188 4099 264 4163 quae
289 4089 446 4164 praeterea
465 4081 502 4144 ad
526 4081 657 4144 eundem
677 4092 833 4145 auctorem
854 4078 965 4140 5515551
989 4087 1117 4158 possunt
1141 4079 1177 4141 de
1202 4080 1377 4142 nominibus
1401 4090 1431 4142 et

96 4191 321 4253 constructione
345 4188 508 4252 verborum
536 4189 648 4252 leviora
671 4199 744 4252 sunt
772 4199 803 4253 et
834 4187 871 4250 ab
895 4186 961 4248 aiiis
986 4187 1075 4249 etiam
1101 4189 1164 4267 peti
1193 4196 1342 4267 poterant.
1380 4187 1429 4248 iiia

95 4316 164 4361 vero
189 4299 228 4361 de
255 4296 365 4362 litteris
389 4306 420 4360 et
436 4295 484 4360 'de
512 4296 786 4380 praepositionibus
816 4298 907 4360 etiam
938 4297 968 4356 in
998 4304 1062 4357 arte
1088 4293 1223 4357 Dosithei
1251 4315 1279 4376 p.
1307 4293 1347 4358 13
1364 4317 1429 4379 sqq.

96 4415 175 4490 etp.
200 4404 325 4490 42sqq.
350 4409 462 4489 scripta
486 4415 570 4488 sunt,
599 4414 630 4468 et
654 4385 717 4468 oon
739 4406 818 4469 nuiia
843 4424 879 4468 ex
912 4403 960 4464 his
983 4404 1155 4464 accuratius
1178 4421 1269 4483 quam
1293 4423 1327 4466 ea
1352 4424 1428 4486 quae

96 4517 172 4598 apud
203 4514 377 4578 Diomedem
405 4513 549 4597 leguntur
578 4533 648 4577 cum
677 4517 827 4596 excerptis
856 4513 954 4576 Bedae
984 4512 1187 4576 consentiunt.
1226 4529 1319 4593 quare
1350 4513 1428 4576 haud

96 4627 157 4685 scio
181 4641 219 4686 an
242 4623 318 4686 haec
341 4623 389 4686 rei
412 4642 448 4706 ex
472 4625 538 4706 ipso
562 4622 699 4686 Dosithei
727 4621 773 4684 vei
798 4641 834 4685 ex
858 4622 949 4686 simiii
973 4620 1050 4684 iibro
1074 4622 1176 4701 potius
1200 4637 1290 4701 quam
1315 4641 1331 4682 a
1361 4621 1451 4685 Dio·

97 4731 179 4792 mede
204 4730 368 4813 repetenda
393 4734 462 4795 sint
500 4730 609 4795 deinde
634 4749 704 4792 sero
730 4731 819 4812 Capri
844 4741 874 4792 et
894 4731 1034 4813 Agroecii
1057 4727 1128 4790 iibri
1152 4727 1190 4789 de
1215 4728 1428 4812 orthographia

97 4841 270 4920 saepissime
298 4857 314 4900 5
339 4837 420 4900 Dede
448 4843 586 4923 usurpati
614 4850 692 4903 sunt.
739 4857 807 4902 nam
836 4845 867 4902 51
895 4859 932 4901 ex
961 4837 1175 4921 orthographia
1204 4836 1309 4921 Capri,
1338 4857 1429 4920 quem
