3604 5486
248 337 253 350 ‘
376 342 442 411 518
823 342 1013 421 [corusca
1040 339 1269 420 nnouroms]

375 534 578 600 basileensem
603 545 633 599 et
657 533 819 602 Putscbius
843 548 875 601 et
898 537 1047 619 Georgius
1071 534 1228 600 Fabricius
1259 531 1543 601 ‘Grammaticorum
1571 545 1711 600 veterum

375 643 467 708 libelli
504 643 541 708 de
578 647 764 728 proprietate
798 655 829 710 et
861 645 1041 709 differentiis
1076 647 1225 708 sermonis
1258 640 1369 710 Latini'
1406 644 1526 730 Lipsiae
1560 665 1585 708 a.
1623 642 1710 708 1569

376 756 473 817 secmi
505 761 590 839 suut,
624 773 640 816 e
674 754 784 838 quibus
817 753 982 818 Putschius
1016 753 1139 836 quidem
1172 773 1281 838 pauca,
1318 754 1474 819 Fabricius
1508 774 1579 818 vero
1614 752 1710 816 merita

375 880 429 924 sus
471 865 646 926 coniectura
689 867 823 928 mutavit.
893 861 1023 926 Fabricii
1068 864 1232 928 editionem
1278 863 1387 928 deinde
1428 863 1636 928 Gothoiredns
1680 866 1711 925 in

374 971 550 1035 auctoribus
582 971 691 1036 launae
724 973 843 1056 linguae
877 975 1018 1056 repetivit
1049 1021 1056 1034 .
1087 981 1192 1056 postea
1230 975 1361 1036 inventis
1398 974 1537 1056 epistulis
1575 983 1607 1036 et
1643 990 1710 1033 ora·

375 1080 509 1145 tionibus
533 1081 696 1144 Frontonis
720 1081 832 1146 iactum
857 1090 903 1146 est
927 1091 961 1146 ut
985 1082 1034 1145 hic
1059 1101 1181 1165 quoque
1205 1081 1295 1164 liber,
1325 1085 1467 1165 quoniam
1491 1081 1561 1145 inde
1585 1100 1603 1142 a
1627 1082 1709 1162 prin·

375 1191 442 1272 cipe
467 1188 600 1253 editione
625 1191 746 1254 nomine
767 1190 929 1254 Frontonis
949 1191 1115 1273 inscriptus
1135 1190 1304 1274 terebatur,
1328 1189 1428 1254 denuo
1448 1191 1601 1254 ederetur.
1640 1209 1708 1251 nam

375 1301 509 1382 primum
531 1297 627 1362 blaius
651 1318 722 1362 eum
745 1299 871 1364 editioni
895 1299 1059 1363 Frontonis
1080 1298 1296 1364 Mediolanensi
1320 1298 1444 1382 adiecit;
1468 1297 1522 1361 sed
1541 1302 1568 1361 is
1587 1309 1709 1391 praeter

375 1427 487 1492 paucos
512 1406 609 1493 locos,
632 1411 663 1473 in
688 1408 799 1492 quibus
822 1411 1009 1491 antiquiores
1034 1408 1183 1474 editiones
1207 1407 1357 1492 adhibuit,
1382 1407 1520 1471 Putschii
1544 1407 1708 1471 editionem

376 1520 556 1601 expressit.
585 1518 694 1582 deinde
722 1518 803 1581 idem
832 1518 909 1581 liber
937 1527 1080 1601 receptus
1108 1526 1156 1582 est
1183 1519 1215 1580 in
1243 1516 1407 1580 editionem
1436 1515 1664 1580 Berolinensem
1691 1535 1708 1578 a

377 1625 543 1690 Niebuhrio
578 1637 610 1692 et
642 1629 707 1690 eius
741 1629 845 1690 amicis
880 1629 1002 1711 iactam,
1036 1629 1068 1690 in
1100 1645 1160 1709 qua
1188 1625 1405 1710 Buttmannus,
1437 1628 1490 1708 qui
1524 1626 1595 1689 huic
1629 1627 1708 1708 parti

374 1739 477 1818 operis
495 1736 640 1819 praefuit,
659 1745 690 1800 et
709 1735 854 1800 lectiones
873 1739 1011 1820 priorum
1031 1736 1199 1800 editionum
1219 1744 1250 1797 et
1269 1753 1340 1798 suas
1354 1735 1577 1818 adnotationes,
1596 1753 1708 1817 paucas

377 1847 467 1908 etlam
485 1842 654 1908 lleindorlii
672 1845 834 1928 adposuit.
849 1845 959 1908 horum
979 1849 1075 1928 copiis
1094 1845 1225 1928 denique
1240 1844 1336 1907 blaius
1351 1847 1382 1907 in
1397 1843 1530 1908 Romana
1544 1843 1707 1907 Frontonis

376 1953 509 2018 editione
533 1973 608 2018 usus
632 1963 687 2018 est.

466 2061 563 2147 llaec,
586 2081 662 2147 quae
687 2063 760 2126 mihi
785 2063 902 2127 collatis
926 2066 1006 2127 inter
1030 2083 1062 2126 se
1087 2062 1310 2146 exemplaribus
1334 2062 1405 2126 olim
1433 2066 1590 2147 impressis
1620 2064 1705 2128 iacile

376 2182 598 2255 apparuerunt,
621 2175 773 2256 enarrari,
797 2182 832 2236 ut
855 2191 915 2235 uno
935 2172 1132 2255 Neapolitano
1151 2171 1255 2236 codice
1279 2171 1362 2236 hunc
1385 2172 1521 2237 libebum
1545 2177 1705 2237 memoriae

376 2281 528 2362 proditum
553 2300 621 2344 esse
650 2281 886 2362 intellegeretur.
934 2301 971 2345 ex
1000 2301 1059 2364 quo
1090 2280 1179 2345 simul
1209 2280 1282 2345 illud
1311 2291 1451 2366 apparet,
1479 2301 1590 2345 nomen
1614 2282 1705 2346 Fron·

255 2428 264 2446 .
378 2392 458 2453 tonis
481 2393 512 2454 in
537 2393 674 2474 principe
698 2390 832 2454 editione
856 2390 990 2455 additum
1016 2391 1128 2454 nullam
1152 2393 1365 2454 auctoritatem
1388 2390 1515 2474 habere,
1544 2391 1597 2454 sed
1622 2390 1707 2453 reia

375 2498 536 2563 Parrhasio
560 2499 606 2562 vel
630 2498 667 2562 ab
692 2518 728 2562 eo
752 2501 803 2580 qui
828 2498 1047 2582 apographum,
1074 2518 1134 2581 quo
1158 2498 1208 2561 ilie
1234 2498 1390 2581 utebatur,
1413 2500 1529 2563 iecerat
1552 2503 1707 2563 inventum

376 2627 451 2672 esse.
499 2609 598 2672 eidem
622 2611 740 2672 auctori
759 2605 796 2669 ab
816 2606 898 2671 Italis
917 2608 1059 2672 drusiani
1078 2607 1181 2672 blessii
1204 2608 1340 2690 exempla
1365 2608 1570 2672 elocutionum
1594 2606 1706 2671 tributa

376 2737 442 2780 esse
468 2737 559 2802 supra
582 2737 610 2800 p.
634 2715 703 2780 444
726 2716 797 2780 diri.
844 2717 881 2780 de
905 2719 1099 2799 grammatica
1123 2727 1224 2780 autem
1248 2717 1411 2781 Frontonis
1440 2717 1578 2782 doctrina
1605 2719 1628 2779 ii
1656 2718 1706 2798 qui

374 2827 432 2890 hoc
457 2831 656 2891 instituerunt
675 2826 820 2910 Gellium,
842 2846 860 2889 a
884 2845 945 2908 quo
969 2845 1058 2908 saepe
1083 2825 1164 2889 iilius
1189 2829 1372 2890 mentionem
1398 2828 1506 2890 iactam
1530 2845 1598 2890 esse
1623 2845 1705 2907 repe·

376 2936 508 3020 ciebant,
532 2947 687 3001 auctorem
712 2935 853 2999 vitientur
877 2937 975 2998 secuti
999 2955 1081 3010 esse.
1122 2954 1183 2998 nou
1208 2938 1354 2998 maiorem
1383 2937 1473 2998 fidem
1506 2933 1596 2998 habet
1620 2933 1706 2996 Plinii

377 3064 500 3128 nomen,
529 3045 609 3128 quod
636 3044 858 3108 Lindemannus
887 3047 918 3106 iu
949 3046 1006 3106 dne
1031 3045 1174 3108 editionis
1197 3045 1326 3108 Charisii
1350 3065 1377 3126 p.
1406 3041 1468 3106 176
1494 3046 1607 3126 posuit,
1639 3063 1705 3106 cum

376 3158 646 3238 praescriptionem
679 3153 748 3216 libri
782 3153 838 3215 hoc
876 3154 965 3216 modo
1003 3157 1145 3236 scriptam
1183 3153 1353 3238 exhiheret,
1393 3154 1509 3232 Incipit
1545 3172 1630 3216 nnnc
1663 3155 1705 3214 Pl.

377 3265 515 3326 Secundi
543 3265 724 3340 differentia
751 3265 916 3325 uerborum
944 3272 975 3324 et
1003 3267 1166 3326 nominum.
1214 3274 1352 3325 ceterum
1380 3280 1438 3342 qus
1462 3273 1559 3326 aetate
1588 3259 1705 3326 libellus

377 3375 509 3454 scriptus
543 3380 638 3456 esset,
671 3391 761 3453 quern
795 3370 884 3453 paulo
917 3373 1120 3452 antiquiorem
1150 3390 1217 3434 esse
1242 3381 1330 3454 puto,
1361 3389 1451 3453 quam
1480 3370 1628 3452 plurimos
1656 3373 1705 3452 qui

339 3503 344 3509 ·
378 3500 458 3543 rtunc
478 3489 644 3562 supersunt
663 3482 896 3543 commentarios
915 3479 952 3541 de
976 3478 1169 3555 dillerentiis,
1194 3483 1308 3543 certius
1328 3479 1446 3552 deliniri
1466 3489 1583 3564 posset,
1606 3479 1704 3563 siquid

378 3590 414 3652 de
439 3591 590 3652 Antonino
614 3591 808 3671 grammatico
832 3607 860 3670 p.
885 3584 1006 3671 5252?
1030 3587 1179 3670 appellato
1203 3597 1394 3670 compertum
1418 3587 1607 3652 haberemus.

469 3701 502 3762 ln
526 3719 601 3762 nova
626 3699 759 3762 editione
784 3697 945 3760 lectionem
969 3697 1005 3759 ad
1030 3698 1120 3760 iidem
1149 3697 1263 3760 codicis
1287 3696 1489 3781 Neapolitani,
1521 3717 1612 3780 quem
1637 3698 1704 3760 olim

378 3829 448 3872 cum
475 3809 613 3872 Putschii
642 3808 774 3871 editione
804 3806 1006 3890 contuleram,
1034 3810 1170 3870 reuocari
1196 3855 1202 3869 .
1232 3810 1263 3870 in
1291 3806 1483 3870 adnotatione
1512 3806 1649 3870 subiecta
1677 3816 1704 3869 et

378 3919 491 3981 codicis
515 3927 545 3980 et
568 3921 715 4001 principis
744 3915 884 3978 editionis
913 3916 1145 3999 discrepantiam
1174 3919 1322 3997 integram
1351 3915 1488 3998 exhibui3
1516 3935 1552 3978 cx
1582 3916 1703 3998 reliquis

378 4027 560 4091 editionibus
590 4046 625 4089 ea
653 4045 730 4108 quae
760 4025 963 4089 memorabilia
992 4045 1058 4088 esse
1087 4025 1266 4089 ridebantur
1295 4025 1395 4088 addidi
1420 4074 1426 4088 .
1450 4035 1608 4108 praeterea
1637 4043 1701 4088 cum

378 4137 459 4200 Reda
483 4138 514 4199 in
539 4135 784 4218 orthographiam
808 4155 892 4197 suam
917 4137 1063 4216 quaedam
1088 4155 1123 4197 ex
1154 4135 1211 4197 boe
1240 4135 1317 4198 libro
1347 4138 1526 4218 recepisset,
1553 4137 1585 4198 in
1614 4135 1701 4197 altera

378 4246 579 4308 adnotationis
612 4253 696 4327 parte
734 4245 817 4306 locos
855 4243 936 4306 illius
974 4248 1027 4325 qui
1064 4244 1124 4307 huc
1157 4247 1311 4326 pertinent
1343 4263 1448 4306 omnes
1483 4242 1612 4305 indicari
1641 4291 1647 4303 .
1675 4245 1702 4304 in

323 4403 329 4420 .
378 4356 484 4419 eodem
512 4354 579 4418 ioco
613 4374 707 4436 pauca
740 4373 777 4417 ex
806 4352 909 4414 codice
938 4352 1201 4435 blontepessulano
1229 4351 1297 4416 306
1327 4372 1405 4415 nono
1439 4351 1559 4414 soeculo
1593 4355 1701 4433 scripto

379 4475 534 4548 excerpta,
559 4483 635 4545 quae
660 4467 724 4545 ipse
749 4482 870 4545 quoque
894 4481 931 4524 ex
956 4461 1012 4524 boc
1033 4461 1109 4524 libro
1130 4465 1223 4544 petita
1243 4469 1328 4544 sunt,
1352 4463 1439 4542 posui
1460 4509 1466 4522 .
1486 4463 1517 4522 in
1542 4479 1578 4522 eo
1603 4460 1701 4522 codice

379 4577 459 4638 enim
493 4581 614 4657 praeter
642 4572 715 4636 alios
744 4564 780 4635 de
810 4573 988 4635 differentiis
1017 4571 1231 4634 vocabulorum
1260 4571 1492 4634 commentarios
1523 4569 1542 4629 i.
1571 4564 1699 4632 stt-58

378 4681 489 4764 legitur
513 4682 715 4764 amplissimus
735 4682 773 4743 de
794 4681 849 4743 hoc
868 4697 979 4762 genere
1001 4678 1077 4743 liber
1096 4680 1201 4744 ordine
1221 4680 1390 4744 litterarum
1412 4677 1591 4758 dispositus,
1615 4695 1699 4758 quem

381 4791 532 4854 lluebneri
556 4811 647 4874 opera
671 4791 857 4872 descriptum
882 4787 1040 4872 habebam,
1064 4793 1156 4868 incip.
1177 4790 1375 4866 differentiae
1393 4789 1537 4849 similium
1556 4789 1700 4848 orationis

377 4905 559 4980 pareliano
588 4905 736 4964 Cicerone
760 4909 790 4962 et
813 4902 852 4962 ob
877 4903 947 4961 aliis
971 4901 1161 4976 sapientibus
1190 4901 1266 4959 uiris
1294 4901 1326 4959 in
1354 4915 1444 4959 sensu
1469 4904 1499 4958 et
1526 4898 1699 4958 litterature

376 5203 385 5242 l
