3604 5486
332 325 334 332 a
373 273 441 344 520
823 273 1012 352 [noman
1039 273 1270 352 murnum]

372 389 395 429 p.
409 379 469 422 1191.
484 379 538 422 8198
551 377 576 421 P.
1354 376 1357 383 '

373 464 516 530 obsessor
539 475 600 550 eat3
624 469 678 548 qui
700 467 862 552 inpugnat,
885 486 940 551 per
963 469 1063 531 omnia
1087 468 1229 530 inimicus
1252 474 1307 530 eat
1354 470 1457 552 itaque
1480 477 1597 552 pugnat
1619 487 1708 532 exer·

373 577 466 658 citus,
489 583 704 657 oppugnantur
727 575 774 638 rei
798 584 896 638 eastra
920 574 967 640 voi
991 575 1096 656 urbes,
1120 577 1328 659 inpugnantur
1352 579 1477 641 inimici.

463 681 573 746 Album
596 691 628 748 st
651 683 820 748 candidum
867 683 969 748 album
992 694 1100 748 natura
1124 686 1171 769 iit,
1194 684 1356 750 candidum
1379 705 1462 750 eura.

465 791 564 858 Decus
588 802 619 856 et
643 791 793 856 decorem.
840 793 934 858 denus
957 793 1097 872 honoris,
1121 794 1214 858 decor
1237 796 1361 860 iormae.

461 900 587 985 Pompei
619 904 756 985 porticus
789 910 820 967 et
852 891 994 986 Pompe'ia
1027 913 1059 966 et
1086 901 1276 988 Pompeiana.
1329 905 1468 990 Pompei,
1501 907 1527 968 si
1556 906 1735 988 possidet35

372 1009 528 1095 Pompeia,
551 1012 579 1074 ai
600 1009 779 1096 publicarit,
798 1011 993 1096 Pompeiana,
1018 1014 1045 1075 si
1068 1015 1099 1076 in
1123 1012 1249 1078 aiteriua
1272 1013 1509 1077 dominationem
1533 1017 1622 1077 venit

463 1119 593 1184 satietas
616 1131 647 1184 et
670 1123 822 1186 saturitas.
868 1123 991 1184 satietas
1015 1124 1145 1208 ventris,
1168 1125 1312 1209 saturitas
1336 1125 1436 1186 animi.
1457 1117 1462 1203 Ι

463 1226 611 1311 Obiurgat
634 1247 704 1294 aum
734 1231 822 1293 cuius
846 1228 935 1294 habet
958 1239 1154 1315 potestatem3
1183 1241 1285 1294 monet
1308 1241 1434 1314 propter
1457 1230 1707 1314 benivolentiam

372 1336 525 1423 admonet,
558 1346 593 1403 ut
626 1339 785 1403 confirmet
818 1341 1007 1422 memoriam
1044 1348 1230 1422 summouet,
1264 1349 1298 1402 ut
1335 1342 1431 1422 possit
1465 1339 1603 1404 ordinate
1637 1361 1706 1424 pro·

371 1449 519 1511 nuntiare.
565 1449 658 1530 igitur
682 1450 712 1510 in
737 1447 916 1532 obiurgante
938 1457 1087 1532 potestas,
1116 1451 1148 1512 in
1176 1457 1319 1512 monente
1348 1447 1565 1534 benivolentia,
1594 1453 1625 1512 in
1655 1449 1745 1512 ari-10

374 1564 516 1620 monente
541 1559 700 1640 memoria,
724 1559 754 1619 in
779 1565 990 1632 summouente
1014 1555 1157 1619 officium.

463 1653 604 1730 Antinum
637 1675 668 1730 et
700 1677 795 1729 retus.
842 1667 975 1729 anticum
1008 1674 1056 1728 est
1088 1665 1168 1746 quod
1202 1667 1333 1728 armarit
1365 1673 1487 1748 patrum
1521 1669 1707 1750 memoriam,

372 1781 460 1837 retus
483 1792 632 1839 annorum
655 1773 821 1838 multorom
845 1777 938 1838 sentit
961 1773 1134 1838 utilitatem.
1181 1777 1283 1837 vinum
1312 1774 1369 1838 hoo
1398 1774 1507 1838 meiius
1535 1786 1596 1852 est,
1625 1777 1706 1858 quod

372 1883 407 1946 iit
429 1891 589 1947 vetustum.

464 1991 580 2056 Sartrix
605 2001 636 2056 et
659 1995 847 2056 sarcinatrix.
894 1995 1004 2056 sartrix
1028 2011 1106 2075 quae
1122 1994 1237 2080 sarcit,
1266 1995 1444 2056 seminatrix
1469 2012 1546 2076 quae
1571 1997 1706 2058 saruiuas
1720 2011 1742 2049 1⁵

372 2111 480 2164 serrat

463 2208 571 2274 Videre
596 2222 627 2276 et
649 2221 787 2294 spectare
812 2221 843 2274 et
865 2213 979 2276 intueri
1003 2220 1034 2274 et
1053 2213 1188 2294 aspicere
1209 2219 1240 2272 et
1258 2229 1385 2274 eernere
1406 2220 1437 2274 et
1455 2212 1703 2275 animadvertere.

372 2320 508 2383 ridemus
524 2330 639 2406 natura,
658 2330 831 2404 spectamus
845 2320 1013 2404 voluntate,
1034 2323 1189 2384 intuemur
1204 2339 1287 2402 cura,
1307 2323 1470 2402 aspicimus
1485 2340 1521 2383 ex
1540 2323 1705 2404 inproviso,

371 2429 637 2494 animadvertimus
661 2441 692 2493 et
715 2433 869 2494 cernimus
892 2431 1000 2494 auimo.

462 2538 623 2603 Ostentum
647 2549 678 2602 et
699 2549 875 2622 portentum
900 2549 930 2602 et
954 2548 1123 2602 monstrum
1153 2548 1184 2601 et
1212 2539 1393 2620 prodigium.
1439 2549 1594 2602 ostentum
1623 2539 1703 2621 quud
1718 2555 1742 2593 ευ

369 2657 492 2730 praeter
511 2648 762 2712 consuetudinem
782 2649 923 2731 otiertur,
944 2659 977 2710 ut
996 2658 1069 2731 puta
1089 2649 1115 2709 si
1134 2646 1273 2710 videatur
1293 2655 1373 2711 terra
1393 2646 1500 2710 ardere
1521 2648 1567 2712 rei
1586 2648 1703 2711 eaelum

371 2756 418 2820 rei
441 2775 538 2822 mare:
562 2767 736 2841 portentum
762 2757 841 2838 quod
867 2775 958 2839 porro
983 2765 1014 2819 et
1037 2754 1153 2820 diutius
1174 2766 1274 2819 manet
1293 2758 1490 2840 futurumque
1511 2757 1702 2840 postmodum

370 2865 482 2948 aliquid
504 2868 668 2949 signifieat:
698 2877 865 2928 monstrum
891 2873 938 2926 eat
962 2871 1068 2926 eontra
1092 2873 1244 2948 naturam,
1275 2875 1309 2927 ut
1333 2875 1379 2928 est
1403 2865 1606 2928 Minotaurus:
1635 2884 1702 2948 pro·

370 2974 484 3057 digium
514 2974 594 3057 quod
623 2994 724 3038 mores
753 2975 881 3057 iaciunt,
910 2992 966 3055 per
995 2971 1076 3055 quod
1105 2972 1322 3036 detrimentum
1352 2983 1554 3057 exspectatur.
1601 2977 1701 3056 itaque

370 3086 423 3165 qui
452 3084 588 3168 prodigia
623 3085 737 3148 iaciunt
768 3083 888 3166 prodigi
921 3092 1081 3165 vocantur,
1114 3085 1144 3144 in
1178 3090 1297 3144 ostento
1331 3085 1439 3145 raritas
1472 3082 1700 3145 admirationem
1715 3099 1738 3138 as

370 3193 455 3275 iacit,
479 3195 509 3254 in
534 3205 670 3257 monstro
694 3203 797 3256 reatus
822 3192 896 3254 ordo
921 3201 1046 3254 naturae
1066 3191 1213 3273 vincitur,
1236 3192 1267 3252 in
1291 3201 1433 3272 portento
1453 3191 1594 3254 diii'ertur
1612 3210 1698 3254 eaen-

370 3309 433 3384 tus,
456 3303 487 3364 io
511 3301 648 3384 prodigio
673 3302 852 3365 detrimenta
877 3301 1095 3382 significantur.
1157 3354 1161 3368 ,

459 3407 593 3472 Turbam
620 3419 652 3472 et
680 3411 890 3492 frequentiam.
936 3416 1083 3490 angustus
1112 3405 1197 3470 loeus
1227 3409 1298 3472 iacit
1331 3409 1466 3492 turbam,
1499 3411 1700 3492 frequentiam

370 3515 539 3581 multitudo.
1309 3599 1314 3608 Ι

459 3627 550 3691 Putat
574 3639 604 3690 et
627 3631 808 3712 suspicatur.
855 3629 907 3709 qui
931 3635 1032 3709 putat,
1060 3628 1142 3688 omni
1171 3645 1283 3708 genere
1312 3638 1408 3713 errat3
1438 3631 1492 3711 qui
1520 3631 1737 3713 suspicatione

371 3736 483 3818 aliquid
506 3736 645 3820 pervidit.
1278 3753 1281 3762 ’

459 3909 492 3959 12
512 3901 758 3974 intentationum
777 3904 906 3958 etvetus
926 3945 932 3957 .
952 3901 1104 3972 antiquum
1123 3905 1167 3958 est
1186 3903 1263 3974 quod
1282 3906 1398 3975 patrum
1418 3905 1541 3960 excessit
1563 3905 1698 3962 memoria

370 3987 398 4057 (i.
418 3985 611 4056 memoriam),
631 3984 713 4056 qnasi
731 3987 799 4040 anie
819 3987 927 4048 aeinmr
947 3987 1029 4040 retus
1049 3984 1126 4054 quod
1145 3983 1203 4040 iam
1223 3986 1383 4042 veteratum
1403 3988 1460 4056 eat,
1485 3986 1518 4040 ni
1537 3983 1634 4041 vinnm
1654 3987 1697 4040 vel

369 4068 463 4124 oleum
483 4067 542 4123 cod.
563 4066 655 4122 Morti.
732 4063 892 4122 assertrix
912 4064 992 4120 Beda
1010 4069 1121 4134 288,29

459 4214 655 4341 opudlioouit
672 4266 707 4322 N
786 4273 801 4322 7
826 4265 970 4322 satiatum
996 4267 1027 4320 et
1049 4265 1208 4321 saturnium
1235 4308 1240 4320 .
1266 4264 1393 4322 Satiatur
1417 4267 1537 4336 uentda,
1565 4267 1696 4323 saturitas

368 4353 457 4410 animi
475 4369 492 4412 ς
565 4355 582 4404 9
602 4348 770 4404 memoriam
785 4365 802 4408 ς
816 4346 954 4404 memoria
968 4345 1003 4402 N
1073 4352 1106 4402 13
1123 4363 1180 4417 quo
1199 4346 1232 4402 fit
1245 4349 1394 4404 uetustum
1409 4363 1426 4406 ς
1441 4364 1498 4419 quo
1512 4347 1545 4403 iit
1558 4349 1695 4404 uetustius

368 4433 453 4490 editio
472 4431 643 4490 Bosiieaarst'a
732 4435 763 4484 1⁷
789 4435 819 4486 at
841 4435 906 4486 onte
931 4428 1059 4500 aspicere
1077 4443 1167 4486 anas
1256 4432 1288 4483 ta
1312 4427 1567 4484 animaduertimua
1592 4429 1694 4498 animo,

368 4515 508 4571 cernimus
527 4511 617 4570 oeulis
636 4507 791 4567 Fndmeids
864 4516 899 4565 28
919 4512 952 4565 ui
970 4511 1015 4565 esi
1032 4510 1116 4565 editio
1136 4509 1325 4578 Aseensioaaa,
1351 4509 1382 4566 id
1401 4512 1445 4566 eat
1464 4509 1499 4564 N
1504 4527 1521 4569 ς
1595 4515 1630 4566 25
1650 4509 1694 4565 ad·

368 4595 607 4652 minismionam
626 4609 697 4651 corr.
717 4592 937 4649 admirationem
957 4591 991 4646 N
1069 4597 1104 4648 26
1123 4591 1260 4664 vincitur]
1286 4592 1408 4648 uertitur
1427 4591 1581 4648 Fabricius
1663 4601 1693 4650 at

369 4677 571 4734 dominantum
591 4673 768 4746 significatur
786 4691 803 4734 ς
877 4679 913 4728 30
932 4675 1037 4743 putarit
1055 4676 1085 4728 at
1103 4673 1283 4744 suspicantur
1301 4673 1351 4746 qui
1369 4675 1475 4744 putant
1498 4673 1577 4730 omni
1595 4691 1693 4746 genere

264 4795 269 4806 ·
368 4763 445 4815 errat
463 4759 514 4831 qui
532 4757 820 4830 auspicaturaiiquid
839 4754 966 4828 peruidit
980 4754 1013 4808 N
1029 4753 1137 4810 Putaui
1157 4757 1188 4810 et
1206 4755 1385 4827 suspicantur
1405 4797 1410 4808 .
1431 4754 1480 4826 qui
1499 4759 1603 4827 putant
1622 4756 1692 4814 omni

367 4856 471 4911 gauere
491 4840 586 4896 emant
605 4881 611 4894 .
631 4837 682 4909 qui
699 4839 881 4910 suspicantur
899 4835 1009 4907 aliquid
1028 4835 1197 4907 praeuideni
1216 4852 1233 4895 ς
