3590 5486
333 378 400 446 778
576 353 580 360 ’
932 379 1056 440 ennae

333 493 355 531 p.
369 481 477 523 ”dP-dl
492 481 518 522 P.
1130 489 1134 494 ’

333 566 465 630 vocalem
494 577 525 630 et
548 585 563 630 z
587 569 744 650 septimam
773 567 920 630 decimam
944 577 1161 632 consonantem
1189 579 1315 652 propter
1338 588 1444 652 graeca
1469 569 1575 654 rerba,
1599 573 1667 652 qut·

332 675 390 739 hus
418 685 564 741 consuete
592 687 734 760 utuntur,
763 676 958 760 adsumpsere
983 674 1091 760 Latini.
1134 697 1233 760 neque
1263 660 1343 743 enirn
1374 679 1461 745 aliter
1490 690 1595 762 typum
1620 677 1667 741 rei

287 797 292 808 '
331 785 429 849 zelum
457 784 504 849 vel
532 795 633 849 cetera
661 785 752 848 hrains
781 786 862 849 modi
891 805 951 868 quo
981 786 1085 862 mono,
1099 786 1270 852 scriberent
1297 788 1455 854 habehant
1493 793 1547 872 qari
1574 791 1666 854 etiam

331 904 401 984 ppst
422 896 650 978 perceptionem
674 895 840 958 dominicae
865 895 935 958 iidei
960 894 985 961 Η
1006 904 1036 959 et
1056 893 1082 972 ¹>l
1103 905 1134 960 et
1154 893 1178 962 Ρ
1197 905 1228 960 et
1247 893 1274 961 Ω
1298 917 1422 980 graecas
1445 899 1577 982 litteras,
1608 902 1667 962 etsi
1728 957 1736 966 ,
1758 905 1763 912 ’

331 1021 392 1066 non
416 1005 447 1066 in
467 1002 620 1087 alphabeti
638 1003 775 1067 ordinem
795 1004 960 1087 recipiunt,
984 1005 1093 1068 divinis
1113 1013 1214 1069 tarnen
1232 1008 1350 1088 papints
1369 1006 1479 1069 inditas
1498 1009 1691 1091 continent,s

333 1111 359 1176 Η
383 1109 535 1196 videlicet,
559 1131 636 1194 quae
656 1111 768 1194 duplici
788 1111 866 1194 apud
886 1130 940 1176 eos
959 1107 1104 1177 serthttn'r
1123 1115 1232 1198 ligura,
1252 1133 1312 1197 quo
1334 1113 1422 1177 modo
1442 1115 1521 1196 apud
1541 1115 1665 1179 Latinos
1699 1103 1703 1110 ’

330 1220 430 1284 littera
449 1219 490 1302 ll,
510 1221 749 1284 intromittentes
768 1229 894 1314 propter
912 1209 1124 1287 auctoritatem
1144 1225 1276 1285 nominis
1285 1207 1363 1286 ‘lesu
1369 1271 1378 1305 ,
1399 1220 1425 1285 Χ
1445 1232 1476 1286 et
1496 1221 1520 1286 Ρ
1539 1233 1666 1306 propter

331 1347 442 1393 nomen
457 1327 583 1413 Christi,
603 1325 630 1392 Ω
649 1339 775 1412 propter
794 1331 1006 1393 auctoritatem
1025 1329 1168 1394 dominici
1188 1331 1338 1394 sermonis
1358 1324 1426 1412 ‘ego
1446 1323 1554 1416 surnJA
1569 1341 1600 1394 et
1615 1327 1664 1396 ti’.

210 1478 215 1486 ·
329 1436 417 1521 alpha
449 1439 562 1502 etenim
595 1446 711 1501 motum
740 1439 860 1500 nomine
888 1438 1053 1522 discrepat,
1087 1447 1225 1502 ceterum
1257 1447 1289 1502 et
1322 1439 1417 1520 ligura
1446 1451 1477 1504 et
1513 1449 1663 1522 potestate

330 1557 464 1610 nostram
489 1547 512 1609 h
536 1548 719 1642 aequiparat.
757 1563 825 1609 nam
847 1545 872 1610 Ρ
896 1545 1081 1610 Graecorum
1105 1546 1142 1610 ah
1166 1547 1192 1610 li
1217 1557 1320 1611 nostra
1345 1555 1376 1610 et
1399 1547 1494 1631 ligura
1517 1547 1610 1612 distat
1633 1561 1664 1612 et
1679 1573 1704 1612 ro
1782 1566 1784 1572 ¹

330 1657 460 1719 nomine
502 1647 614 1738 porro!
639 1653 664 1719 Η
689 1651 771 1718 atil
801 1655 860 1718 hoc
888 1674 905 1718 a
933 1658 1047 1720 uostris
1076 1654 1100 1718 E
1130 1666 1161 1720 et
1189 1655 1214 1720 0
1243 1655 1401 1740 diiierunt,
1434 1657 1514 1739 quod
1543 1675 1665 1740 semper

329 1764 435 1846 longae
450 1772 530 1827 sunt
564 1773 686 1827 nostrae
705 1772 807 1827 autem
826 1742 931 1826 omnes
950 1739 1069 1827 vocales
1089 1771 1161 1827 sunt
1179 1763 1354 1847 dichronae,
1372 1763 1431 1827 hoc
1449 1773 1498 1828 est
1516 1775 1548 1828 et
1566 1764 1664 1828 breri-

328 1872 387 1936 hus
411 1870 548 1966 syllabis
556 1869 672 1936 habiles
696 1880 727 1935 et
749 1870 862 1954 longis,
885 1891 946 1954 quo
971 1871 1061 1936 modo
1086 1882 1117 1936 et
1141 1871 1263 1936 iliorum
1286 1893 1308 1936 c
1328 1883 1358 1936 et
1377 1895 1390 1935 ι
1409 1884 1441 1937 et
1458 1894 1489 1938 υ.
1531 1892 1664 1957 namque

329 2001 345 2044 a
369 1990 400 2045 et
423 2001 443 2044 ο
468 1997 588 2062 semper
607 1979 686 2062 apud
710 1980 776 2044 illos
797 1979 908 2056 hreres
933 1991 1041 2044 natura
1065 1990 1253 2064 permanent
1289 1983 1391 2064 itaque
1416 2000 1521 2046 omnes
1545 1982 1664 2046 litterae

329 2088 440 2172 quihus
468 2091 583 2151 utimur
612 2097 684 2152 sunt
712 2087 832 2172 xxvii,
867 2087 985 2168 vocales
1013 2088 1153 2153 videlicet
1181 2088 1247 2152 Vlll
1275 2098 1307 2153 et
1335 2099 1536 2154 consonantes
1565 2090 1660 2154 unde·
1677 2113 1703 2154 rs

328 2199 442 2280 viginti.
481 2197 534 2260 sed
559 2205 589 2261 et
613 2197 649 2260 de
674 2199 747 2280 ipsis
770 2196 923 2262 vocalibus
947 2199 958 2260 i
977 2206 1047 2262 etu
1071 2197 1251 2281 plerumque
1270 2201 1302 2262 in
1322 2201 1554 2263 consonantium
1576 2209 1661 2283 pote-

328 2317 437 2372 statem
462 2314 636 2389 transeunt,
660 2324 728 2369 cum
749 2316 801 2369 aut
819 2307 901 2388 ipsae
921 2308 1054 2370 interae
1074 2309 1282 2391 geminantur,
1305 2317 1340 2370 ut
1358 2309 1528 2371 iumentum
1547 2309 1663 2392 vinum,

328 2423 380 2479 aut
408 2433 476 2478 curn
505 2414 570 2478 aliis
594 2411 746 2478 vocalibus
774 2415 958 2498 iunguntur,
986 2423 1021 2478 ut
1048 2416 1136 2478 ianua
1166 2417 1252 2478 ieeur
1279 2418 1379 2499 iocus,
1406 2418 1522 2480 vanitas
1549 2419 1662 2482 veritas

327 2523 452 2588 volatus.
490 2542 510 2585 u
534 2539 655 2606 quoque
680 2539 741 2584 uon
764 2540 929 2603 numquam
949 2521 1007 2584 sihi
1031 2523 1095 2605 ipsa
1119 2525 1331 2606 praeponitur,
1356 2532 1390 2586 ut
1414 2523 1529 2607 vuitus3
1552 2524 1605 2586 sed
1632 2535 1663 2589 et

327 2632 456 2696 alterum
484 2632 679 2695 consonantis
712 2627 812 2693 locum
846 2639 943 2712 tenet,
976 2649 1045 2695 cum
1075 2629 1122 2693 vel
1151 2629 1242 2695 latine
1271 2649 1359 2694 arum
1388 2631 1434 2694 rel
1471 2631 1662 2714 evangelium
1676 2655 1702 2694 aa

326 2759 434 2823 graece
463 2742 662 2804 nominamus.
704 2737 814 2799 mirum
842 2747 959 2820 autern,
986 2756 1080 2820 quaro
1110 2737 1222 2800 dixerit
1250 2737 1385 2804 Donatus
1414 2758 1480 2804 eam
1499 2739 1664 2826 interdurn

327 2869 384 2914 nec
407 2849 540 2912 vocalem
564 2867 620 2912 nec
644 2855 862 2910 consonantem
886 2845 1006 2929 haheri,
1036 2867 1107 2911 cum
1136 2849 1218 2910 inter
1242 2867 1261 2930 q
1290 2847 1422 2912 litteram
1445 2858 1664 2912 consonantem

326 2969 357 3021 et
381 2958 505 3022 alteram
529 2957 662 3020 vocalem
687 2957 897 3040 constituitur,
920 2962 955 3019 ut
979 2957 1120 3037 quoniam
1145 2954 1283 3039 quidem3
1307 2959 1364 3020 nisi
1390 2957 1483 3040 iorte,
1507 2959 1577 3039 quia
1603 2967 1664 3021 tarn

326 3067 433 3130 leviter
457 3075 522 3130 tum
546 3069 686 3146 offertur,
710 3070 744 3126 ut
767 3065 815 3126 ris
839 3065 946 3127 sentiri
978 3072 1078 3144 queat.
1120 3063 1239 3127 ridetur
1264 3073 1366 3128 autem
1395 3083 1455 3128 non
1480 3083 1547 3128 esse
1577 3066 1664 3128 dama

327 3178 418 3260 ratio,
446 3194 505 3257 qua
535 3177 601 3239 eius
631 3173 812 3237 sententiam
837 3180 1024 3255 exponentes
1048 3171 1210 3255 Pompeius
1234 3172 1281 3236 vel
1306 3173 1431 3255 Sergius
1460 3173 1566 3237 dicunt
1597 3193 1663 3238 eam
1678 3195 1702 3235 as

326 3293 543 3348 consonantem
572 3300 639 3346 esse
668 3299 729 3344 non
757 3300 861 3364 posse,
897 3281 966 3362 quia
996 3288 1065 3343 ante
1094 3299 1127 3343 se
1163 3279 1255 3344 hahet
1283 3280 1408 3344 alteram
1435 3292 1664 3367 consonantem,

326 3393 355 3455 id
381 3402 428 3456 est
451 3411 484 3476 q;
513 3391 645 3455 vocalem
670 3409 737 3454 esse
762 3407 822 3452 uon
852 3407 958 3471 posse,
988 3389 1057 3470 quia
1082 3391 1221 3470 seqnitur
1249 3388 1329 3452 illam
1353 3389 1478 3475 vocalia,
1509 3400 1543 3454 ut
1566 3411 1662 3474 quare
1684 3385 1694 3406 ”

327 3501 492 3584 quomodo,
509 3494 513 3586 Ι
530 3509 561 3563 et
588 3499 627 3562 oh
656 3500 686 3562 id
715 3517 780 3562 eam
810 3510 882 3562 tunc
912 3517 973 3560 non
1004 3517 1071 3560 esse
1101 3497 1232 3562 litteram
1262 3497 1409 3563 scribunt
1457 3499 1528 3582 quid
1557 3497 1664 3562 enirn?

327 3609 486 3693 numquid,
510 3609 630 3692 quando
649 3608 811 3672 scribimus
830 3617 956 3689 statum,
973 3605 1141 3702 ⁸dicendum
1163 3615 1210 3670 est
1234 3616 1247 3669 t
1269 3617 1487 3684 consonantem
1507 3626 1575 3670 esse
1600 3627 1662 3671 nou

326 3737 430 3801 posse,
453 3717 534 3799 quod
559 3726 628 3781 ante
648 3737 681 3780 se
705 3717 812 3781 habeat
833 3715 958 3779 alteram
978 3726 1209 3800 consonantem,
1232 3715 1263 3778 id
1287 3725 1335 3779 est
1358 3713 1396 3778 s?
1419 3719 1511 3780 immo
1535 3727 1567 3780 et
1590 3735 1661 3782 cum
1675 3737 1700 3776 so
1735 3693 1757 3719 ”’

417 3899 433 3949 7
454 3892 560 3950 utimur
578 3891 646 4008 Lm
660 3895 736 4008 “ten
756 3891 846 4008 li'fmlt
865 3889 913 3946 ΕΤ
934 3891 953 3945 Ρ
973 3888 1021 3945 ΕΤ
1040 3893 1070 3946 ω
1090 3907 1155 3948 cum
1174 3907 1192 3946 a
1210 3907 1310 3963 grecas
1328 3889 1360 3946 F
1377 3892 1399 3946 Η
1419 3893 1449 3948 ei
1467 3891 1489 3948 Χ
1508 3895 1538 3948 ei
1557 3892 1577 3946 Ρ
1597 3909 1660 3949 cam

195 4056 201 4066 ·
327 4016 1120 4092 heimprecasPliXeiPettdethgrecasL
1193 4015 1614 4089 alsemannum?

328 4105 393 4160 ato
412 4104 531 4175 propiet
550 4100 582 4157 F
598 4102 659 4159 hot
677 4099 836 4174 propterL
854 4100 877 4154 Α
896 4099 926 4154 ei
944 4102 974 4156 (ι)
992 4101 1108 4171 propter
1126 4099 1179 4159 sP
1252 4104 1285 4154 1⁰
1305 4099 1516 4156 nosimmAF
1531 4103 1660 4157 nostrum

327 4182 432 4241 ALP
483 4185 582 4240 notha
601 4181 667 4238 PL
685 4185 783 4239 nostro
804 4180 833 4236 P
896 4187 929 4237 ii
948 4179 1119 4236 naturaiiter
1137 4180 1190 4240 sP
1251 4187 1285 4238 16
1305 4180 1356 4238 aad
1374 4179 1410 4236 de
1431 4181 1460 4240 P
1520 4187 1553 4238 tr
1571 4181 1662 4254 gemi-

327 4268 413 4321 natur
430 4263 462 4320 F
525 4270 559 4321 18
578 4263 764 4336 iecur]1ecor
783 4261 815 4320 F
880 4269 916 4319 7ο
935 4261 1033 4334 avum]
1054 4278 1154 4318 auram
1173 4261 1268 4319 FLP
1333 4269 1366 4319 71
1387 4263 1460 4320 dixit
1478 4261 1507 4318 P
1568 4261 1661 4319 Dona·

280 4337 283 4343 ¹
327 4347 435 4452 ipah)
455 4349 578 4416 367,16
658 4351 693 4400 77
711 4362 766 4402 nec
784 4343 925 4416 vocalem]
946 4342 1091 4399 neccalem
1110 4342 1141 4398 F
1216 4349 1252 4400 74
1270 4344 1345 4419 tum]
1364 4347 1433 4400 iane
1452 4343 1479 4399 L
1551 4350 1586 4400 76
1605 4360 1662 4416 qua

328 4438 389 4495 eiua
402 4436 435 4494 P
450 4419 547 4509 quis
523 4453 583 4492 esna
600 4434 629 4490 P
646 4452 732 4528 qnam
747 4433 808 4492 eius
823 4433 850 4489 L
869 4431 1012 4504 quincius
1028 4447 1045 4492 ς
1110 4433 1260 4506 pompeins
1278 4435 1326 4490 nel
1345 4434 1455 4508 sergius
1476 4432 1506 4489 P
1520 4435 1660 4507 ponpeius

329 4518 376 4576 uel
394 4517 505 4592 sergius
523 4517 550 4573 L
567 4515 717 4589 pompeiae
737 4517 784 4572 nel
804 4514 910 4572 sareias
928 4513 972 4568 P:
991 4512 1087 4582 Pornp.
1102 4520 1213 4585 p.103,
1231 4519 1272 4573 26
1295 4515 1372 4587 Scap.
1391 4515 1425 4571 de
1443 4517 1496 4572 iiii
1512 4533 1543 4587 p.
1562 4519 1627 4584 776,
1641 4521 1660 4573 8

328 4602 361 4657 ιἰι
379 4600 456 4656 Dosa
470 4617 502 4671 p.
521 4602 588 4667 421,
607 4600 645 4653 33
709 4603 744 4652 76
764 4596 872 4652 habeat
890 4595 916 4651 L
980 4600 1024 4650 77
1033 4597 1068 4648 at
1085 4611 1174 4665 qnare
1194 4598 1226 4651 ut
1244 4596 1387 4666 quomodo
1406 4595 1436 4652 P
1499 4602 1534 4654 77
1554 4599 1660 4654 alatum

329 4677 674 4753 aspernamentum
695 4676 725 4732 P
742 4679 836 4734 astum
856 4693 873 4736 ς
929 4682 964 4732 30
983 4676 1013 4732 id
1032 4681 1077 4732 est
1095 4694 1107 4732 s
1127 4677 1268 4747 (uocalem
1288 4681 1318 4734 et
1336 4694 1395 4734 esse
1414 4695 1472 4736 non
1489 4695 1573 4751 posse
1593 4679 1661 4750 quia

234 4797 244 4815 .
330 4761 412 4820 illam
431 4761 539 4819 uocalis
558 4759 687 4830 sequitur
706 4762 739 4817 a'n
757 4776 846 4832 aucep.
865 4759 931 4815 odd.
951 4759 972 4828 l)
995 4757 1084 4814 immo
1104 4760 1134 4813 et
1155 4774 1219 4813 cum
1239 4757 1360 4814 dicimus
1377 4757 1404 4814 L
1426 4758 1455 4814 id
1475 4763 1550 4815 esis
1572 4759 1661 4816 immo

331 4847 373 4914 (ei
391 4843 521 4980 agamiam
541 4859 603 4979 ⁰22⁸
621 4860 678 4900 non
697 4859 781 4914 pocae
800 4839 869 4913 quia
886 4839 968 4896 illam
987 4839 1095 4897 uocalis
1114 4838 1242 4910 seqnitur
1261 4839 1325 4894 odd.
1346 4855 1363 4898 s
1381 4845 1407 4896 ei
1424 4841 1457 4894 ιἰι
1474 4857 1562 4912 murp.
1577 4845 1612 4912 p)
1633 4845 1661 4898 ei

329 4944 392 4982 cum
432 4942 533 4980 termus
586 4941 603 4984 ς
