3590 5486
346 312 412 380 208
898 314 1133 375 casalonosu

345 425 367 466 p.
382 415 436 458 1119
451 415 477 457 P.
502 451 504 454 .

438 498 563 562 Caelebs
592 507 662 562 ante
691 501 879 564 terminalem
908 523 923 566 s
946 502 1078 568 litteram
1101 501 1122 566 b
1150 501 1243 566 scribi
1271 499 1376 586 debet,
1406 515 1517 584 nona,
1541 501 1683 582 quonlam

348 607 509 692 roncalia,
534 625 603 672 cum
625 610 656 670 in
676 613 870 674 consonantis
891 613 1045 675 transierit
1059 619 1264 694 potestatem,
1287 627 1348 674 noa
1373 619 1474 692 potest
1492 608 1580 673 aliam
1600 627 1683 690 prae·

310 701 314 710 ⁵
349 717 457 781 cedere
482 725 708 780 consonantem.
1304 773 1310 776 .

437 826 608 919 adspiratio
637 837 707 892 ante
735 828 852 891 vocales
881 848 986 892 omues
1014 832 1086 912 poni
1115 836 1228 912 potest;
1258 837 1327 919 post
1356 807 1557 891 consonanies
1582 835 1682 890 autem

346 945 490 1018 quattuor
514 923 722 1000 tantummodo
746 938 883 1018 ponitur,
906 955 923 999 c
946 946 960 999 t
983 956 1002 1019 p
1027 955 1051 1020 r,
1080 948 1114 1000 ut
1147 935 1243 999 babeo
1266 935 1440 1000 Herennius
1468 936 1559 998 heros
1587 935 1715 1000 biemso

346 1042 437 1106 homo
467 1042 579 1107 humus
604 1043 749 1107 Chremes
773 1042 889 1106 Thraso
913 1042 1071 1127 Philippus
1094 1043 1227 1108 Rhodus.
1266 1044 1334 1107 ideo
1359 1053 1460 1107 antem
1487 1043 1508 1106 b
1533 1044 1685 1108 vocalibus

347 1155 537 1216 extrinsecus
561 1152 759 1234 adscribitur,
783 1159 817 1214 ut
839 1155 941 1216 minus
961 1162 1085 1237 sonent,
1108 1151 1347 1216 consonantibus
1366 1159 1467 1214 autern
1491 1153 1685 1234 intrinsecus,

347 1261 570 1342 utplurimum
595 1272 712 1326 sonent.

437 1369 553 1433 Gnatus
581 1389 636 1453 per
659 1389 678 1452 g
701 1380 732 1434 et
757 1390 776 1432 n
800 1369 995 1434 scribendum
1025 1379 1087 1452 est,
1115 1373 1195 1434 sicut
1218 1388 1347 1452 gnavus,
1376 1371 1446 1451 quia
1475 1371 1507 1432 in
1536 1372 1684 1453 composi-

347 1482 430 1542 tione
453 1481 550 1562 ipsam
574 1481 707 1543 retinent
730 1497 762 1562 g,
786 1487 820 1542 ut
843 1489 971 1561 agnatus
994 1487 1026 1542 et
1049 1480 1183 1560 ignarus.
1702 1493 1730 1532 1⁰

437 1587 554 1671 Ecquid
578 1606 669 1670 perc
693 1586 888 1651 scribendum
911 1591 943 1650 in
964 1590 1062 1670 prima
1080 1586 1206 1671 syllaba,
1230 1589 1371 1670 qnoniam
1402 1586 1513 1668 enquid
1539 1587 1687 1669 significat

352 1695 495 1760 nlittera
519 1705 704 1760 consonante
728 1699 759 1760 in
783 1716 800 1760 c
824 1715 978 1761 conversa.

440 1803 578 1887 Sanguis
602 1807 633 1886 iu
658 1807 754 1886 prima
779 1803 890 1887 syllaba
918 1823 973 1887 per
996 1824 1026 1868 m
1051 1803 1247 1868 scribendum
1271 1805 1303 1866 in
1327 1805 1512 1868 nominativo
1531 1804 1687 1867 dumtaxat

350 1932 437 1996 castr,
459 1915 492 1976 in
516 1915 627 1975 ceteris
651 1921 753 1975 autem
777 1911 897 1976 casibus
920 1932 976 1995 per
991 1933 1026 1996 n,
1049 1915 1192 1994 quoniam
1212 1933 1241 1975 m
1265 1913 1364 1976 littera
1388 1915 1419 1975 in
1445 1932 1463 1975 n
1488 1915 1685 1976 convertitur.

444 2021 484 2084 Rs
508 2020 617 2084 latinae
642 2019 759 2084 litterae
784 2029 885 2104 prou
908 2041 1015 2104 graeca
1039 2022 1138 2086 littera
1159 2041 1219 2086 non
1239 2022 1327 2086 aliter
1349 2025 1422 2105 poni
1440 2021 1552 2086 debent
1575 2024 1606 2084 in
1627 2035 1728 2083 una1⁵

351 2132 516 2212 eademque
536 2129 647 2213 syllaba
667 2132 846 2192 coniunctae
866 2132 925 2192 nisi
949 2133 980 2192 in
1004 2133 1062 2194 line
1083 2133 1273 2208 nominativi,
1298 2133 1385 2194 ouius
1408 2133 1566 2212 genetivus
1586 2133 1617 2192 in
1640 2129 1687 2190 bis
1784 2108 1789 2121 ¹

351 2239 479 2323 desinit,
502 2249 536 2301 nt
558 2237 633 2302 urbs
658 2236 756 2319 urbis,
780 2237 898 2301 caelebs
923 2239 1059 2323 caelibis,
1082 2239 1187 2306 Arabs,
1201 2239 1317 2304 Arabis.

440 2346 604 2410 Sciendum
633 2355 733 2409 antem
763 2349 896 2429 surripio
927 2367 984 2430 per
1006 2366 1021 2409 r
1045 2350 1212 2432 geminum,
1242 2367 1302 2411 non
1329 2348 1428 2430 perh
1451 2358 1522 2411 etr
1550 2345 1687 2409 scriben-

178 2483 184 2498 ·
250 2456 252 2462 '
349 2457 435 2520 dnm:
459 2455 599 2519 similiter
622 2465 654 2518 et
679 2453 840 2536 [corripio]
865 2457 991 2538 arripio,
1021 2457 1162 2537 quoniam
1188 2456 1206 2518 b
1230 2459 1261 2518 in
1286 2475 1302 2518 r
1326 2475 1448 2538 quoque
1473 2465 1686 2520 commutatur.

440 2564 587 2648 Suspicor
605 2574 636 2628 et
658 2565 806 2646 suspicio,
830 2563 921 2626 rerba
941 2567 1105 2646 composita
1125 2565 1162 2627 ab
1187 2563 1337 2628 adverbiis
1350 2583 1479 2626 sursum
1499 2563 1546 2626 rel
1569 2581 1686 2644 susum,
1701 2575 1730 2615 so

348 2677 380 2737 lo
405 2677 501 2756 prima
521 2673 631 2757 syllaba
656 2693 711 2756 per
730 2690 826 2735 unum
845 2691 874 2754 s,
898 2690 958 2734 non
981 2692 1038 2754 per
1057 2672 1117 2735 duo
1137 2672 1296 2735 scribenda
1316 2681 1403 2755 sunt,
1426 2674 1569 2754 qnoniam
1589 2668 1685 2751 dupli·

349 2786 411 2846 cari
440 2801 610 2864 consonans
638 2761 843 2862 subsequente
872 2780 927 2844 alia
957 2791 1143 2844 consonante
1172 2799 1232 2844 non
1260 2789 1376 2864 potest,
1411 2783 1491 2843 sicut
1519 2797 1575 2842 uec
1605 2788 1688 2841 ante·

349 2891 491 2975 cedente,
515 2893 572 2954 nisi
596 2891 689 2954 inerit
713 2898 794 2953 muta
819 2899 888 2952 ante
914 2888 1072 2972 liquidam,
1097 2899 1130 2951 ut
1154 2888 1281 2972 supplex
1305 2889 1456 2970 suffragor
1480 2887 1569 2950 suillo
1594 2887 1688 2950 eilluo

351 3001 488 3082 effringo.

441 3109 609 3191 Quicquam
639 3111 669 3172 in
698 3112 793 3192 prima
823 3108 935 3191 syllaba
962 3127 1018 3191 per
1042 3126 1059 3169 c
1083 3107 1294 3190 scribendum,
1322 3105 1402 3188 quod
1431 3105 1450 3168 d
1478 3104 1579 3168 littera
1607 3107 1639 3168 in
1671 3117 1729 3166 cro

353 3217 482 3279 litteram
507 3227 719 3282 commutatur.

443 3326 559 3408 Aggere
584 3346 639 3410 per
662 3345 682 3408 g
706 3326 900 3390 scribendum
926 3335 956 3388 et
980 3335 1175 3408 aggregatus,
1200 3342 1259 3387 non
1284 3341 1339 3406 per
1363 3322 1391 3385 d.

443 3490 619 3548 11111111.
639 3492 752 3548 cratem
772 3497 819 3560 rs,
839 3472 891 3548 an'
956 3489 1150 3576 smspiqatio
1169 3493 1217 3556 rs,
1236 3493 1272 3545 15
1352 3493 1492 3561 amaus
1512 3491 1558 3558 aa,
1577 3493 1614 3544 ιο
1720 3465 1724 3470 ’

352 3578 384 3628 11
405 3571 508 3642 ecquid
527 3577 572 3642 31,
591 3577 638 3628 10Ἰ
703 3578 736 3628 ts
752 3572 877 3644 samguis
896 3577 982 3643 32,9
1058 3571 1145 3628 libs
1164 3568 1270 3625 latinae
1289 3569 1405 3626 litterae
1424 3573 1508 3638 33‚7
1574 3575 1607 3626 ts
1628 3587 1688 3624 sur·

350 3653 425 3725 ripio
444 3656 489 3721 34,
508 3657 546 3708 10
619 3659 654 3709 10
674 3652 802 3725 suspicor
820 3656 865 3723 34,
885 3657 920 3710 13
1003 3657 1039 3708 11
1059 3652 1211 3726 quicquam
1231 3657 1277 3721 35,
1295 3658 1312 3708 1
1332 3651 1482 3724 Papirion.
1502 3655 1623 3719 160,10

352 3738 388 3789 17
408 3747 516 3806 aggero
534 3738 615 3803 35‚1

354 3837 571 3846 -ι--ι--ι-

443 3885 561 3938 1sont.
580 3876 642 3934 AC
693 3877 714 3934 b
732 3879 818 3938 scribi
836 3880 923 3938 debet
941 3895 999 3935 non
1017 3897 1036 3935 a
1055 3877 1084 3933 B
1102 3877 1121 3932 b
1141 3877 1228 3934 scribi
1246 3879 1333 3935 debet
1350 3896 1412 3934 nan
1426 3895 1478 3950 per
1497 3897 1516 3934 u
1535 3877 1589 3935 AO
1604 3879 1690 3950 perb

351 3959 437 4017 scribi
456 3960 543 4017 debat
561 3963 591 4016 11
608 3977 666 4018 non
685 3979 735 4032 per
754 3981 771 4018 r
792 3961 893 4018 Carrio
966 3965 983 4014 1
1003 3959 1197 4031 consonantis]
1217 3963 1406 4017 consonantes
1426 3962 1453 4016 A
1473 3963 1646 4017 consonante
1668 3959 1693 4014 0

387 4058 444 4099 non
464 4047 528 4098 onte
546 4043 643 4114 polest
661 4058 711 4098 osta.
731 4041 824 4097 ABG
887 4039 1031 4112 laniem]
1052 4040 1084 4094 ni
1102 4041 1130 4094 A
1196 4041 1456 4099 6111111111Δο
1516 4042 1606 4097 bont.
1622 4040 1689 4109 AG,

351 4122 465 4182 11111
557 4124 686 4180 dminus
705 4125 807 4179 sonant
825 4120 854 4177 Β
872 4122 966 4179 minus
986 4121 1146 4179 11111Δο
1235 4129 1251 4179 9
1277 4123 1357 4196 quia]
1377 4141 1452 4194 quaa
1472 4123 1569 4195 une
1587 4124 1615 4177 A

353 4211 387 4261 10
406 4205 530 4263 retinent
544 4204 654 4274 Carrio,
673 4204 780 4260 relinet
798 4204 890 4261 ABG
942 4207 975 4261 11
993 4205 1115 4275 agruim
1134 4203 1162 4258 B
1181 4207 1332 4277 nigratus
1352 4203 1410 4261 AO
1464 4211 1498 4260 ie
1518 4202 1650 4274 Samguis
1668 4203 1694 4258 0

352 4285 475 4358 Sanguis
493 4285 557 4342 AB
649 4283 799 4340 dumtaxat
821 4301 872 4341 om.
893 4284 918 4342 0
1009 4291 1041 4339 14
1066 4289 1115 4354 qffi
1134 4301 1164 4338 m
1182 4284 1280 4341 littera
1298 4285 1347 4340 Bc
1369 4291 1419 4355 qffi
1436 4283 1534 4340 littera
1553 4283 1578 4340 0
1599 4289 1637 4354 qil
1655 4289 1689 4338 cti

353 4366 452 4423 littero
470 4369 507 4424 A.
537 4367 682 4424 Prisciani
696 4371 891 4437 praeceptum,
910 4367 940 4422 in
959 4384 978 4421 u
997 4369 1126 4423 mutatur
1144 4385 1169 4434 s,
1189 4365 1304 4438 sangnis
1324 4363 1484 4436 sanguinis,
1503 4365 1562 4434 ipse
1580 4363 1690 4420 Cassio·

351 4449 449 4504 dorius
467 4451 578 4506 1111111
591 4449 801 4520 penarbaoiase
894 4454 926 4503 15
945 4463 998 4519 pro
1016 4462 1040 4518 q
1060 4463 1164 4521 graeca
1180 4448 1280 4505 littera
1299 4463 1316 4508 ς
1342 4463 1394 4520 per
1411 4445 1422 4502 i
1440 4461 1528 4517 greca
1544 4444 1643 4500 littero
1661 4445 1690 4500 B

354 4545 438 4601 pery
456 4537 560 4600 111111
578 4531 678 4587 littera
697 4529 721 4586 0
737 4546 788 4601 per
801 4545 820 4584 r
835 4545 969 4600 graecam
989 4528 1043 4584 lita
1061 4531 1088 4584 A
1147 4535 1179 4584 19
1199 4529 1333 4585 similiter
1347 4529 1376 4582 11
1394 4525 1517 4596 corripio
1536 4525 1642 4597 arripio
1661 4526 1690 4581 B

351 4608 484 4667 similiter
502 4611 608 4684 arripio
628 4613 658 4668 11
676 4611 799 4683 corripio
819 4609 844 4666 G
860 4609 966 4682 arripio
986 4611 1119 4669 similiter
1137 4612 1167 4667 11
1186 4609 1308 4680 corripio
1328 4608 1356 4662 A
1411 4607 1470 4662 inr
1485 4622 1690 4676 1111111111-

353 4693 448 4746 111111
466 4693 494 4746 A
512 4691 543 4747 in
562 4710 576 4746 r
595 4689 798 4748 commutato
850 4697 885 4746 11
905 4691 1031 4762 suffrago
1052 4689 1228 4761 Osnffragio
1247 4689 1274 4743 A
1330 4692 1365 4741 15
1385 4686 1474 4759 qnod]
1494 4687 1562 4758 quis
1577 4687 1602 4745 0
1618 4706 1644 4759 q.
1660 4693 1689 4744 A

407 4778 442 4828 16
465 4776 592 4828 mumius
619 4773 678 4828 AO
747 4779 781 4830 17
805 4790 914 4846 aggero
938 4789 989 4842 par
1007 4789 1026 4842 g
1044 4771 1072 4825 Β
1097 4787 1204 4844 afflare>
1222 4786 1275 4840 per
1293 4768 1313 4824 d
1331 4769 1359 4822 A
1379 4767 1485 4840 sdgoro
1503 4783 1556 4840 per
1574 4769 1638 4840 2⁰

353 4851 531 4909 scribendum
551 4854 644 4910 om.G
713 4854 885 4926 adgregatos
905 4853 929 4908 0
