3590 5486
343 293 410 361 206
896 297 1130 358 cuseiononn

346 409 367 447 p.
382 395 443 438 sarr.
460 397 485 439 re
499 396 524 437 ι’.

435 480 606 546 obliviscor
629 485 870 566 compositumne
894 503 932 548 an
956 486 1082 570 simplex
1107 481 1177 549 est?
1206 475 1422 570 compositum,
1442 481 1564 548 'scilicet
1592 483 1682 547 buius

345 590 471 673 simplex
502 591 575 654 latet
603 593 634 655 in
659 593 790 674 antiquis
821 591 1009 674 [nominibus
1032 593 1078 675 et]
1109 597 1327 659 monumentis:
1354 593 1450 658 livisci
1481 597 1562 657 enim
1596 591 1683 674 [obii-

344 698 433 780 risci]
463 709 510 763 esi
538 709 569 764 et
597 700 713 785 livitus,
743 700 823 782 quod
852 720 908 765 nos
936 701 1026 766 hodie
1057 722 1120 786 perv
1146 701 1303 767 elisionem
1334 703 1455 767 oblitus.
1500 701 1581 785 quod
1614 719 1684 764 cum

253 788 256 796 ¹
345 809 538 872 manifestum
570 809 676 893 luerit,
714 809 886 892 plenissime
919 813 1016 893 quivis
1047 811 1201 894 intelleget
1231 813 1263 876 in
1294 815 1445 895 scriptura
1476 811 1560 874 verbi
1591 809 1685 874 bvvius

345 917 538 1002 divisionem,
561 917 600 980 ob
625 929 656 982 et
680 917 810 981 liviscor.
1697 906 1714 972 δ’

435 1025 610 1110 Pompeiius
638 1025 797 1108 Tarpeiius
827 1036 857 1092 et
887 1031 963 1092 eiius
994 1049 1049 1112 per
1077 1028 1171 1093 duoi
1201 1029 1360 1094 scribenda
1390 1039 1461 1093 sunt
1494 1041 1525 1093 ei
1556 1039 1685 1113 propter

345 1153 453 1197 sonum
477 1128 611 1218 (plenius
635 1137 715 1198 enim
740 1131 862 1220 sonant)
886 1146 918 1200 et
941 1148 1067 1220 propter
1090 1127 1201 1200 metra:
1225 1156 1389 1219 numquam
1414 1141 1494 1202 enim
1518 1138 1607 1220 longa
1632 1139 1683 1201 liet

345 1243 471 1328 syllaba,
494 1247 553 1308 nisi
576 1262 633 1328 per
655 1247 666 1306 i
689 1245 843 1326 geminum
868 1243 1027 1308 scribetur.
1066 1245 1143 1310 banc
1167 1247 1350 1329 scripturam
1378 1247 1421 1309 ita
1444 1245 1620 1322 dividimus,
1649 1255 1686 1308 ui

345 1353 489 1434 praediri.
527 1372 608 1416 nunc
628 1353 716 1436 illud,
738 1357 869 1435 genetivi
888 1373 995 1418 eorum
1016 1363 1047 1417 et
1066 1357 1240 1418 nominativi
1265 1353 1397 1437 plurales
1422 1364 1453 1418 et
1475 1354 1567 1417 dativi
1591 1374 1684 1437 quem

345 1461 382 1522 ad
406 1461 530 1548 modum
553 1460 728 1525 scribantur
751 1463 913 1525 rideamus.
952 1463 1073 1544 quidem
1097 1461 1188 1526 huius
1216 1461 1341 1545 Pompei
1360 1463 1484 1546 Tarpei,
1506 1463 1538 1526 bi
1558 1463 1683 1546 Pompei
1700 1475 1727 1516 ¹⁰

299 1657 301 1664 .
346 1569 471 1653 Tarpei,
493 1570 542 1634 bis
566 1571 707 1652 Pompeis
730 1571 857 1654 Tarpeis
881 1591 936 1655 per
959 1590 1056 1635 unum
1079 1573 1089 1634 i
1113 1571 1266 1634 scribunt:
1295 1590 1355 1634 non
1380 1571 1455 1636 nidli
1483 1573 1594 1655 pusillo
1618 1572 1684 1636 diii·

345 1679 499 1760 gentiores
523 1678 652 1743 alterum
676 1681 686 1742 i
714 1679 762 1742 bis
785 1679 914 1744 addunt:
943 1699 999 1763 ego
1023 1699 1145 1764 quoqvve
1178 1683 1302 1744 tertium
1326 1678 1498 1744 addendum
1521 1683 1685 1764 praecipio.

345 1787 372 1850 si
401 1789 496 1872 enim,
524 1797 559 1852 ut
587 1786 691 1872 docui,
725 1791 927 1852 nominativus
956 1787 1017 1852 duo
1045 1791 1056 1851 i
1084 1787 1176 1852 babet
1203 1807 1260 1870 pro
1289 1788 1406 1852 duabus
1437 1788 1685 1874 consonantibus,

344 1894 419 1959 baec
450 1899 551 1979 perire
580 1896 660 1960 nulla
685 1896 885 1962 declinatione
916 1905 1057 1981 possunt,
1087 1915 1163 1978 quae
1188 1906 1289 1988 tamen
1312 1897 1493 1960 omnimodis
1518 1897 1685 1962 modernus
1722 1960 1727 1968 ,

345 2023 421 2068 usus
445 2005 586 2070 excludit.
1701 2019 1727 2058 ¹⁵

345 2162 392 2229 m
424 2163 486 2231 nx
519 2163 652 2233 nvom
682 2163 889 2233 cincimo
917 2163 1105 2233 vnunmu
1136 2121 1238 2232 'ism
1266 2162 1537 2233 burconem
1566 2163 1685 2233 suun

438 2294 467 2358 Μ
490 2295 637 2380 litteram,
659 2294 696 2358 ad
717 2295 834 2359 vocales
858 2299 956 2378 primo
975 2297 1042 2359 loco
1064 2299 1095 2360 in
1115 2295 1216 2359 verbis
1239 2299 1353 2378 positas
1377 2299 1403 2358 si
1427 2299 1599 2380 accesserit,
1625 2317 1686 2362 non

345 2403 585 2488 enuntiabimus;
609 2423 678 2467 cum
698 2413 798 2467 autem
818 2405 855 2466 od
875 2413 1077 2468 consonantes
1096 2414 1148 2467 aut
1166 2403 1338 2485 digammon
1361 2403 1525 2489 aeolicum,
1548 2423 1604 2488 pro
1624 2424 1686 2487 quo

231 2535 233 2542 ¹
346 2530 401 2576 nos
424 2531 443 2574 v
466 2512 533 2576 loeo
553 2515 746 2576 consonantis
770 2515 866 2594 posita
891 2514 1024 2596 utimur,
1047 2522 1119 2576 tune
1143 2531 1200 2595 pro
1221 2531 1249 2574 m
1273 2512 1374 2577 littera
1394 2531 1414 2577 n
1433 2513 1552 2578 litterae
1574 2531 1686 2578 sonum

346 2619 505 2684 decentius
525 2615 531 2707 Ι
552 2622 723 2684 efferemus.
1701 2633 1730 2673 ²⁰

436 2727 511 2792 Luci
531 2731 631 2811 magni
650 2731 728 2810 magi
748 2747 818 2792 eum
842 2731 873 2792 in
896 2731 1045 2811 genetiuis
1064 2727 1269 2810 singularibus
1287 2729 1433 2811 dicimus,
1457 2731 1585 2794 interest
1609 2748 1688 2811 quos

346 2839 547 2900 nominativos
564 2836 708 2918 habeant:
727 2837 854 2920 proinde
874 2841 955 2900 enim
975 2839 1133 2919 intererit,
1153 2845 1256 2900 utrum
1275 2857 1331 2919 per
1350 2837 1410 2901 duo
1430 2840 1439 2900 i
1458 2856 1497 2900 an
1516 2857 1572 2920 per
1591 2855 1688 2901 unum

348 2944 478 3008 debeant
506 2943 607 3008 scribi.
646 2947 672 3008 si
699 2944 787 3009 lucus
817 2964 942 3027 magnus
971 2964 1076 3027 magus
1106 2955 1178 3008 suni
1207 2947 1382 3009 nominativi
1406 2965 1526 3030 eorum,
1557 2965 1653 3010 unum
1677 2951 1689 3010 i

347 3054 378 3116 in
402 3054 541 3135 genetivo
566 3051 735 3144 habebunt:
758 3053 866 3135 plurali
890 3073 1012 3135 quoque
1033 3051 1216 3116 nominativo
1236 3063 1267 3116 ei
1287 3057 1436 3139 vocativo,
1459 3055 1513 3119 sed
1537 3065 1569 3118 et
1586 3055 1688 3120 dativo

348 3170 379 3225 et
402 3160 530 3224 ablativo
554 3161 692 3224 similiter
711 3161 893 3224 scribentur.
932 3164 958 3225 si
977 3171 1079 3224 autern
1098 3161 1211 3224 Lucius
1231 3161 1368 3245 biagnlus
1387 3165 1507 3244 magius
1527 3164 1686 3246 proieran·
1702 3173 1728 3213 2⁵

347 3280 412 3352 tur,
436 3268 496 3332 duo
521 3272 532 3331 i
560 3272 591 3332 iu
615 3272 754 3351 genetivo
776 3268 944 3352 habebunt,
966 3268 1053 3332 Lucii
1072 3269 1182 3351 biagnii
1201 3272 1305 3352 magd,
1328 3268 1409 3350 quod
1433 3271 1534 3352 ipsum
1552 3269 1689 3336 Lucilius

351 3379 516 3460 adnotavit,
540 3395 610 3439 cnm
633 3394 650 3438 a
675 3395 803 3440 numero
827 3375 991 3440 Numerius
1015 3375 1213 3438 discerneret.

440 3540 454 3590 1
476 3533 630 3590 obliuisoor
649 3533 875 3605 compositumne
894 3550 942 3589 um
961 3533 1082 3606 simplex
1102 3534 1146 3589 est
1164 3533 1354 3604 compositum
1373 3533 1484 3591 scilicet
1504 3533 1590 3592 huius
1608 3535 1688 3592 euim

346 3615 468 3688 simplex
490 3615 564 3671 lutet
582 3615 610 3669 A
634 3613 788 3671 obliniscor
810 3631 867 3671 uon
891 3613 1014 3686 simplex
1038 3614 1218 3686 conpositum
1244 3616 1290 3670 esi
1312 3613 1490 3686 conpositum
1510 3619 1592 3685 (com.
1612 3617 1687 3673 obli-

346 3695 441 3752 uiecor
459 3695 639 3766 conpositum
659 3699 702 3751 est
721 3711 777 3750 nou
797 3694 919 3765 simplex
938 3695 1090 3768 conpositi)
1111 3694 1221 3752 scilicet
1238 3695 1322 3751 huius
1338 3693 1460 3765 simplex
1479 3695 1551 3752 lebet
1571 3695 1596 3751 0
1613 3697 1687 3753 obli·

344 3775 440 3832 uiscor
454 3775 645 3848 compositum
658 3790 695 3831 ue
709 3791 745 3830 uu
761 3775 974 3848 simplexluteb
992 3777 1020 3832 Β
1075 3783 1092 3833 2
1112 3776 1273 3834 nominibus
1293 3780 1323 3834 et
1341 3793 1392 3832 ons
1412 3775 1440 3831 Β
1497 3777 1639 3834 eieuitus
1658 3779 1687 3834 Β

383 3873 456 3928 quse
471 3855 563 3913 uosG
615 3863 632 3911 4
652 3855 819 3927 plenissime
834 3857 893 3913 AO
904 3857 1069 3929 plenissime
1083 3856 1112 3911 Β
1163 3857 1306 3931 intellegit·
1319 3859 1380 3915 AO
1428 3859 1457 3914 iu
1472 3857 1643 3930 scripturum
1659 3859 1688 3914 Β

383 3945 400 3996 d
418 3938 546 4012 tarpeius
565 3939 593 3993 A
612 3935 717 4007 trspeii
735 3934 763 3990 Β
839 3937 900 3994 eins
918 3941 947 3994 A
1022 3945 1038 3995 e
1057 3939 1138 3995 illum
1157 3937 1187 3991 B
1262 3945 1296 3995 10
1314 3940 1346 3996 hi
1365 3941 1481 4012 pompei
1499 3943 1529 3996 el
1546 3939 1640 4010 tarpei
1658 3939 1688 3994 Β

384 4027 417 4077 11
437 4021 483 4077 bis
501 4019 631 4094 pompeis
649 4017 695 4074 bis
714 4019 903 4090 iarpeisAB
988 4019 1106 4094 pusillo]
1130 4021 1194 4092 plus
1213 4019 1265 4078 illo
1284 4023 1311 4077 A
1401 4027 1434 4077 12
1454 4022 1578 4078 ullarum
1596 4021 1690 4076 ABG

383 4103 501 4160 leriinm
519 4101 680 4159 reddendum
700 4101 762 4156 AB
781 4102 899 4159 terrim
917 4101 1029 4158 eddcdu
1049 4100 1072 4156 O
1145 4108 1178 4157 ia
1198 4102 1254 4159 duo
1273 4118 1324 4159 oen.
1345 4103 1404 4159 AG
1477 4107 1511 4158 14
1529 4101 1612 4174 isse]
1631 4102 1688 4158 bne

348 4183 440 4240 ABG
512 4190 547 4241 ld
565 4181 795 4239 buriensis
813 4182 874 4239 AO
890 4180 1085 4239 COLLECTA
1104 4181 1132 4237 Β
1212 4183 1312 4240 SUNT
1331 4200 1382 4241 oen.
1403 4185 1430 4240 A
1507 4190 1539 4240 ii
1559 4185 1588 4241 id
1608 4183 1687 4242 litte·

346 4285 407 4325 rum
427 4277 491 4324 cuiu
510 4266 547 4322 ud
568 4263 683 4328 vocales
703 4293 737 4306 -
757 4263 867 4337 positus
886 4262 1038 4321 accesserit
1056 4262 1117 4318 AG
1203 4270 1236 4321 18
1255 4281 1320 4321 cum
1339 4268 1436 4322 entem
1456 4269 1645 4322 consonantes
1666 4265 1691 4320 C

346 4365 410 4405 enm
429 4353 481 4406 sub
499 4349 686 4422 consonantes
706 4347 734 4401 A
786 4346 839 4420 119
858 4346 952 4417 posite
970 4360 1022 4402 oen.
1040 4344 1069 4400 B
1138 4351 1172 4402 21
1191 4346 1261 4403 Luci
1280 4347 1379 4418 megui
1397 4346 1540 4418 mugicum
1559 4346 1589 4402 iu
1608 4347 1688 4419 geui-

345 4430 414 4488 tinis
438 4430 467 4487 Β
489 4429 559 4486 Luci
586 4427 684 4499 magni
708 4425 798 4498 (megi
817 4427 883 4483 add.
902 4430 927 4494 c)
950 4443 1015 4483 eum
1041 4426 1183 4497 genetiuis
1202 4427 1261 4483 AG
1349 4433 1385 4482 23
1404 4443 1525 4500 mugnus
1544 4433 1570 4484 et
1587 4429 1688 4486 deiude

346 4510 478 4584 liuguius
501 4518 527 4568 et
549 4507 662 4582 blegnii
685 4511 797 4566 seclusit
817 4509 973 4566 Muellerus
995 4508 1028 4562 iu
1046 4506 1139 4562 Lucii.
1158 4508 1261 4580 fragon.
1281 4525 1311 4578 p.
1332 4513 1384 4564 141
1478 4525 1566 4565 unum
1590 4508 1601 4564 i
1624 4509 1652 4564 Β
1676 4511 1687 4566 i

346 4609 435 4648 unum
452 4591 512 4650 Ao
582 4597 618 4646 io
637 4589 771 4648 similiter
784 4591 945 4650 seribenbur
957 4587 986 4644 Β
1005 4586 1140 4645 scribitur
1155 4588 1288 4645 simililer
1301 4588 1362 4644 AO
1423 4595 1459 4646 2ss
1478 4593 1511 4645 nb
1529 4588 1636 4645 luciiB
1656 4595 1689 4649 et

346 4674 415 4731 lucii
434 4676 461 4729 A
525 4673 602 4747 quod
621 4671 715 4744 ipsum
734 4673 759 4730 0
776 4691 808 4745 qe
826 4673 920 4746 ipsum
936 4673 964 4727 A
983 4685 1057 4741 quoe
1070 4669 1161 4740 ipsius
1180 4669 1209 4725 Β
1273 4670 1410 4744 Lucilius]
1427 4669 1537 4727 Uberes.
1549 4689 1579 4742 p.
1596 4677 1644 4740 78,
1659 4680 1687 4731 8.

348 4755 510 4812 Caesellium
527 4772 585 4812 uou
604 4761 674 4813 recte
699 4757 911 4826 inierpreiuiuue
938 4769 993 4810 esee
1011 4751 1121 4807 Lucilii
1144 4767 1252 4808 cerrum
1270 4751 1417 4807 adventavit
1436 4751 1637 4810 Mutudurum
1655 4757 1689 4812 iu

347 4836 458 4894 Lucret.
473 4854 505 4908 p.
524 4843 581 4894 329
657 4843 692 4895 ii
713 4836 877 4909 Numerius]
897 4850 1029 4891 uumerus
1048 4832 1077 4888 Β
