3616 5482
512 409 513 412 Ν
572 341 643 400 sas
662 339 712 398 ou
733 337 1032 398 oucuoouarun
1251 403 1253 406 ,
1403 338 1469 404 123

128 458 152 499 p.
167 447 230 490 sara
245 447 272 490 re
285 445 312 488 s.

224 531 385 595 Laetamur
409 529 446 592 de
470 533 584 594 nostris
606 529 710 612 bculs,
733 528 921 621 gratulamur
944 527 981 590 de
1005 527 1111 592 alienis
1136 527 1316 610 [suricorum
1340 529 1397 592 hoe
1421 537 1469 592 est

130 641 306 723 gratificans
325 636 466 719 laetitia]:
500 637 605 702 Cicero
627 637 728 718 [dicit]
754 633 890 720 ‘neque
916 645 985 700 tam
1009 639 1121 700 istius
1146 637 1304 700 bominis
1328 636 1469 720 perditi

130 749 258 814 subita
280 748 423 813 laetitia
447 765 552 829 quam
575 746 734 808 bominis
757 745 976 829 amplissimi
1001 764 1092 808 nora
1113 745 1317 828 gratulatio
1342 728 1472 826 [divitus

131 856 219 939 eum]
244 851 518 918 commovebet'.

101 981 116 1023 s
226 963 393 1028 llerbidum
424 964 525 1028 locum
558 963 687 1028 dicimus
717 963 722 1043 Ι
752 966 783 1027 ln
813 983 873 1048 quc
903 965 997 1030 berba
1026 973 1087 1048 est,
1118 965 1236 1028 etiauni
1266 963 1369 1029 midus
1400 983 1467 1028 esse

130 1077 335 1158 consueverit,
359 1072 524 1137 herbosum
547 1077 601 1155 qui
620 1072 746 1138 herbam
766 1074 853 1138 lacile
872 1084 1007 1159 generat,
1031 1076 1150 1138 etiamsi
1169 1072 1205 1138 ad
1225 1081 1345 1157 tempus
1365 1072 1468 1136 aridus

131 1187 183 1247 sit
221 1185 266 1246 sic
291 1191 321 1246 et
344 1186 513 1264 aquaticam
537 1183 691 1264 potionem
715 1191 797 1245 recte
818 1181 958 1267 dicimus,
981 1202 1058 1265 quae
1078 1201 1187 1264 aquam
1206 1181 1327 1246 aliunde
1346 1185 1468 1266 recipit;

5 1305 6 1360 l
130 1311 282 1376 aquosum
305 1301 407 1354 autem
430 1291 540 1374 locum,
564 1293 615 1374 qul
640 1311 677 1354 ex
696 1311 729 1354 se
748 1310 857 1375 aquam
877 1292 984 1356 lundit.
1023 1293 1065 1356 ita
1084 1301 1115 1356 et
1135 1311 1285 1355 meracam
1304 1294 1468 1375 potionem,

5 1409 6 1492 ᾗ
130 1419 288 1464 merosum
311 1408 413 1463 autem
437 1401 539 1463 riuum
562 1398 787 1482 appellabimus.

5 1497 6 1546 t
90 1529 117 1567 ro
223 1507 341 1573 dttcllit
363 1518 486 1590 aggerat
509 1507 704 1572 scribendum
729 1516 784 1572 est.
821 1511 854 1572 iu
883 1512 1102 1593 compositione
1126 1513 1208 1574 euim
1232 1528 1408 1574 sermonum
1432 1511 1468 1572 ed

131 1619 317 1702 praepositio
350 1620 512 1681 accusativi
550 1637 640 1683 casus
673 1621 895 1703 corrumpitur,
933 1639 1001 1684 cum
1040 1621 1155 1683 servire
1192 1619 1321 1701 loquelis
1353 1621 1469 1702 incipit,

132 1726 253 1810 quando
277 1743 344 1788 eam
367 1734 450 1788 muta
474 1731 626 1812 sequitur3
655 1730 772 1811 integra
801 1737 903 1792 autem
926 1737 1097 1811 permanet,
1128 1728 1247 1810 quando
1272 1727 1468 1810 semivocalis,

132 1846 167 1899 ut
191 1843 239 1899 est
262 1833 364 1897 adduit
386 1831 505 1918 adripit
549 1835 640 1900 buius
664 1839 709 1900 rei
732 1840 809 1900 ratic
834 1837 987 1901 reddenda
1012 1845 1066 1900 est.
1110 1836 1228 1900 vocales
1256 1855 1362 1900 omues
1385 1838 1467 1919 prin·

132 1947 216 2027 cipes
249 1946 332 2006 vocis
365 1953 437 2006 suut
470 1953 502 2006 et
534 1941 672 2007 dominae
705 1945 892 2028 litterarum,
926 1965 1018 2028 quae,
1055 1947 1135 2008 sicut
1168 1947 1308 2010 anniversa
1342 1946 1468 2008 lurtiora

92 2070 118 2110 u
134 2053 312 2117 naturaliter
336 2052 464 2137 iaciunt,
487 2051 625 2116 subiecta
649 2062 680 2115 et
703 2053 843 2116 adiuncta
868 2051 926 2117 sibi
948 2062 1128 2138 protegunt,
1151 2055 1288 2136 aequalia
1311 2063 1413 2119 autem
1437 2064 1469 2117 et

133 2163 305 2226 resistentia
336 2161 461 2225 elidunt.
506 2179 575 2224 nam
607 2180 667 2244 quo
699 2161 789 2224 modo
822 2181 881 2224 non
915 2180 1081 2243 numquam
1111 2164 1192 2225 iuter
1223 2181 1255 2225 se
1290 2165 1495 2250 commissae,
1539 2230 1542 2239 ,

133 2273 317 2353 franguntur
341 2279 371 2333 et
395 2268 581 2353 synalipbam
605 2269 729 2352 iaciunt,
753 2270 794 2332 ita
814 2278 1017 2332 consonantes
1041 2267 1098 2332 sibi
1122 2270 1254 2333 creditas
1278 2281 1467 2334 conservant.

132 2397 262 2462 quarum
289 2380 435 2442 uirtutem
462 2395 589 2441 necesse
617 2384 666 2439 est
692 2385 727 2440 ut
755 2377 949 2442 seudvocales
977 2381 1110 2443 imitatae
1139 2381 1253 2443 vicinas
1283 2378 1341 2442 sibi
1370 2389 1468 2444 mutas

5 2573 6 2576 Ἴ
131 2497 279 2553 tutentur.

5 2595 6 2656 ξ
90 2613 118 2655 eo
223 2597 387 2672 Quaeritur
415 2595 451 2658 ab
480 2595 655 2680 aliquantis,
682 2596 755 2677 quid
784 2593 876 2658 distet
905 2599 986 2659 inter
1015 2616 1109 2679 super
1137 2605 1167 2661 et
1192 2616 1283 2680 supra
1308 2606 1339 2662 et
1362 2597 1470 2662 subter

131 2716 164 2770 et
186 2705 304 2771 subtus.
347 2722 441 2787 super
465 2711 512 2766 est
536 2705 616 2785 quod
642 2707 767 2780 eminet,
796 2723 888 2786 supra
913 2703 993 2786 quod
1009 2704 1206 2768 substratum
1230 2707 1342 2788 aliquid
1367 2706 1466 2771 babet.

130 2821 206 2879 item
229 2814 335 2878 subter
358 2811 510 2896 estquod
533 2832 568 2876 re
592 2813 691 2896 aliqua
715 2815 873 2896 superiore
896 2816 1047 2896 premitur
1071 2823 1103 2876 ct
1125 2813 1333 2898 conculcatur,
1357 2816 1467 2880 subtus

132 2924 215 3006 quod
238 2923 404 2987 demissum
428 2922 518 2985 altius
541 2940 602 2984 nou
626 2923 821 3003 contingitur.
1381 3003 1384 3008 Ι

223 3031 331 3096 Sinum
349 3030 479 3095 dicimus
499 3033 634 3094 exterius
654 3031 789 3092 sinuatae
804 3031 897 3092 restis
916 3029 1153 3117 receptaculum,
1171 3035 1321 3115 gremium
1338 3035 1468 3099 interius

91 3157 117 3198 ss
131 3143 284 3205 accinctae
308 3142 402 3203 vestis
426 3147 592 3202 secretum:
616 3137 759 3221 Virgilius

294 3248 588 3333 pandentemque
614 3250 719 3311 sinus
743 3257 779 3312 et
803 3256 877 3311 tota
901 3258 1003 3314 reste
1027 3258 1218 3313 vocantem

295 3357 507 3421 caeruleum
530 3360 566 3420 in
590 3361 777 3441 gremium.

131 3470 280 3550 gremium
305 3476 406 3530 autem
430 3466 490 3529 dici
510 3485 527 3527 e
547 3469 710 3551 contrario,
734 3467 771 3529 ab
791 3469 931 3549 ingressu
951 3468 1075 3546 difficili,
1099 3468 1207 3531 similia
1227 3467 1369 3550 produnt,
1390 3463 1469 3530 sicut

132 3578 245 3641 aditum
270 3585 300 3639 et
323 3593 437 3658 penum
459 3583 492 3636 et
514 3573 678 3656 penetrale,
703 3594 739 3637 eo
764 3577 844 3656 quod
869 3575 944 3639 adiri
969 3588 1000 3639 et
1023 3579 1177 3660 penetrari
1201 3596 1270 3641 raro
1295 3576 1399 3639 soleat.

96 3701 122 3741 ao
225 3683 362 3766 Largitas
386 3683 581 3746 humanitatis
605 3691 660 3767 est,
684 3681 803 3765 largitio
827 3683 1008 3747 ambitionis.

222 3921 237 3970 1
258 3914 293 3972 de
312 3911 472 3972 alienis...
492 3911 651 3970 omieorum
670 3913 759 3968 Mean
777 3913 834 3982 sere
853 3913 954 3969 litteru's
970 3919 1035 3985 post
1053 3913 1155 3971 obeuis
1175 3915 1271 3972 deletis
1288 3915 1332 3982 M,
1347 3914 1383 3970 de
1398 3912 1470 3970 ami-

132 4012 230 4053 corum
247 3995 277 4052 Β
350 4002 366 4052 1
386 3993 458 4052 dicit
475 4011 528 4050 om.
546 3995 589 4062 B,
607 3995 673 4051 odd.
694 3994 734 4049 M
737 4009 754 4054 s
827 3997 932 4070 neque]
954 3997 1012 4054 Oo'c.
1031 4001 1064 4055 ia
1088 3998 1167 4056 Verr.
1188 4003 1241 4057 net.
1258 4015 1305 4070 pr.
1326 4004 1354 4066 8,
1373 4001 1411 4053 21

131 4080 191 4133 tem
210 4091 302 4137 ota-s
391 4074 509 4148 perditi]
535 4075 611 4148 pditi
631 4077 669 4131 M
759 4083 776 4135 ³
801 4094 887 4149 quum
902 4078 1002 4149 (huius
1021 4081 1088 4138 aaa.
1108 4083 1136 4149 s)
1155 4080 1278 4135 hominis
1298 4075 1469 4149 amplissimi

130 4174 206 4216 uuus
229 4157 387 4230 gratulatio
410 4154 521 4212 diuitiis
540 4172 605 4212 eum
625 4159 826 4216 commonebat
846 4159 884 4215 M
889 4175 906 4220 s
925 4160 1057 4231 quamuis
1075 4161 1199 4217 bominis
1217 4175 1293 4216 noua
1312 4155 1468 4230 gratulatio

131 4239 329 4298 commonebat
347 4255 412 4296 eum
430 4237 459 4293 Β
534 4237 714 4296 therbitum
733 4240 828 4298 locum
846 4241 875 4295 Β
945 4241 1162 4298 dcousueuerit
1179 4241 1207 4296 Β
1227 4239 1375 4296 consueuit
1395 4238 1433 4293 M

130 4323 249 4394 generet
271 4319 384 4378 etiamsi
407 4321 540 4392 stempas
563 4319 675 4378 aridum
695 4322 733 4378 sit
759 4322 800 4379 sic
818 4321 990 4394 aquatitiam
1009 4325 1039 4379 Β
1131 4325 1303 4394 sequetem
1321 4318 1468 4391 potionem

131 4407 207 4463 recte
222 4403 343 4461 dicimus
362 4419 435 4474 quse
450 4419 556 4475 squam
571 4402 685 4460 slinnde
700 4405 822 4478 recipiet
836 4405 917 4460 Beda
926 4420 957 4474 p.
973 4410 1061 4462 2778.
1084 4407 1204 4474 fortasse
1218 4404 1356 4474 equstsm
1374 4398 1468 4470 potio·

130 4503 196 4544 uem
211 4517 245 4528 -
261 4485 370 4558 recepit
433 4484 557 4557 recipiat
574 4485 603 4539 Β
667 4490 684 4541 8
703 4487 843 4542 metatam
863 4485 902 4540 M
967 4493 1000 4542 1ο
1019 4486 1056 4543 ad
1076 4503 1127 4543 orn.
1142 4485 1170 4540 Β
1237 4489 1269 4540 11
1291 4482 1366 4556 esur]
1388 4498 1423 4538 eo
1439 4483 1467 4538 Β

183 4567 345 4641 permonet]
366 4568 464 4624 menet
481 4565 510 4622 Β
572 4571 605 4622 13
624 4565 715 4622 afficit
734 4565 835 4637 scripit
853 4565 881 4620 Β
944 4567 1102 4640 reddenda]
1122 4564 1247 4622 tenenda
1264 4563 1293 4619 Β
1354 4563 1469 4620 uocsles

132 4649 223 4708 omnis
242 4650 321 4706 uoeis
339 4647 484 4721 principes
503 4649 606 4706 sunts
663 4651 695 4701 18
715 4644 858 4719 imitatae]
880 4646 999 4703 emitote
1018 4647 1064 4712 Β,
1113 4654 1147 4703 19
1165 4649 1295 4704 tutentur
1314 4646 1353 4701 M
1370 4647 1470 4702 tuean-

131 4735 177 4788 tur
195 4732 379 4796 ueltueutur
397 4729 425 4785 Β
477 4734 513 4785 10
532 4731 642 4800 etpost
660 4745 746 4800 supro
764 4745 816 4784 om.
835 4729 865 4783 Β
916 4733 951 4782 11
972 4731 1017 4784 est
1032 4733 1096 4799 post
1114 4729 1213 4786 subter
1232 4747 1283 4786 om.
1298 4729 1326 4784 Β
1374 4733 1409 4784 11
1424 4729 1467 4802 re]

132 4829 161 4869 se
178 4812 208 4868 Β
291 4818 325 4868 13
345 4811 495 4868 dimissum
513 4809 543 4866 Β
624 4823 681 4864 uon
704 4810 835 4882 tangitur
852 4810 933 4867 Beda
948 4826 979 4880 p.
999 4815 1076 4866 2801
1161 4817 1195 4866 16
1223 4800 1467 4884 pendentemque]

137 4891 215 4964 Verp.
234 4893 305 4949 Aen.
331 4891 421 4949 VIII
439 4899 495 4950 712
575 4893 726 4948 uocantem
744 4890 773 4946 Β
852 4896 887 4947 18
907 4891 976 4964 dici]
997 4889 1132 4947 Mutuum
1150 4891 1179 4947 Β
1260 4897 1295 4947 19
1316 4907 1348 4948 eo
1368 4909 1420 4950 om.
1438 4892 1467 4947 Β
