<?xml version="1.0" encoding="UTF-8"?>
<!DOCTYPE html PUBLIC "-//W3C//DTD XHTML 1.0 Transitional//EN"
    "http://www.w3.org/TR/xhtml1/DTD/xhtml1-transitional.dtd">
<html xmlns="http://www.w3.org/1999/xhtml" xml:lang="en" lang="en">
 <head>
  <title>
</title>
<meta http-equiv="Content-Type" content="text/html;charset=utf-8" />
  <meta name='ocr-system' content='tesseract 3.04.00' />
  <meta name='ocr-capabilities' content='ocr_page ocr_carea ocr_par ocr_line ocrx_word'/>
</head>
<body>
  <div class='ocr_page' id='page_1' title='image "./grammaticilatin00unkngoog/grammaticilatin00unkngoog_0030.png"; bbox 0 0 3610 5482; ppageno 0'>
   <div class='ocr_carea' id='block_1_1' title="bbox 628 307 1600 417">
    <p class='ocr_par' dir='ltr' id='par_1_1' title="bbox 628 307 1600 417">
     <span class='ocr_line' id='line_1_1' title="bbox 628 307 1600 417; baseline 0.017 -30"><span class='ocrx_word' id='word_1_1' title='bbox 628 329 679 388; x_wconf 83' lang='lat' dir='ltr'>oa</span> <span class='ocrx_word' id='word_1_2' title='bbox 698 327 1045 417; x_wconf 80' lang='lat' dir='ltr'>cursoumema.</span> <span class='ocrx_word' id='word_1_3' title='bbox 1216 307 1219 313; x_wconf 79' lang='grc'>’</span> <span class='ocrx_word' id='word_1_4' title='bbox 1433 334 1476 399; x_wconf 78' lang='lat'>15</span> <span class='ocrx_word' id='word_1_5' title='bbox 1595 389 1600 406; x_wconf 87' lang='lat'><strong>.</strong></span> 
     </span>
    </p>
   </div>
   <div class='ocr_carea' id='block_1_2' title="bbox 54 434 1572 2555">
    <p class='ocr_par' dir='ltr' id='par_1_2' title="bbox 70 434 1478 2120">
     <span class='ocr_line' id='line_1_2' title="bbox 126 434 267 484; baseline -0.028 -6"><span class='ocrx_word' id='word_1_6' title='bbox 126 445 152 484; x_wconf 78' lang='lat' dir='ltr'>n.</span> <span class='ocrx_word' id='word_1_7' title='bbox 171 434 267 478; x_wconf 66' lang='grc'>11581).</span> 
     </span>
     <span class='ocr_line' id='line_1_3' title="bbox 118 501 1478 610; baseline 0 -28"><span class='ocrx_word' id='word_1_8' title='bbox 118 517 165 582; x_wconf 86' lang='lat' dir='ltr'>&#39;id</span> <span class='ocrx_word' id='word_1_9' title='bbox 196 518 326 582; x_wconf 80' lang='lat' dir='ltr'>verbum</span> <span class='ocrx_word' id='word_1_10' title='bbox 355 517 551 582; x_wconf 86' lang='lat' dir='ltr'>scribendum</span> <span class='ocrx_word' id='word_1_11' title='bbox 579 530 659 605; x_wconf 90' lang='lat' dir='ltr'>erat,</span> <span class='ocrx_word' id='word_1_12' title='bbox 691 522 722 584; x_wconf 92' lang='lat' dir='ltr'>in</span> <span class='ocrx_word' id='word_1_13' title='bbox 753 539 813 604; x_wconf 87' lang='lat' dir='ltr'>quo</span> <span class='ocrx_word' id='word_1_14' title='bbox 842 523 976 610; x_wconf 88' lang='lat' dir='ltr'>retinere</span> <span class='ocrx_word' id='word_1_15' title='bbox 1007 518 1063 581; x_wconf 87' lang='lat' dir='ltr'>hae</span> <span class='ocrx_word' id='word_1_16' title='bbox 1097 501 1215 582; x_wconf 84' lang='lat' dir='ltr'>litterae</span> <span class='ocrx_word' id='word_1_17' title='bbox 1244 536 1355 583; x_wconf 92' lang='lat' dir='ltr'>nomeu</span> <span class='ocrx_word' id='word_1_18' title='bbox 1388 539 1478 583; x_wconf 89' lang='lat' dir='ltr'>suum</span> 
     </span>
     <span class='ocr_line' id='line_1_4' title="bbox 126 627 1478 713; baseline -0.001 -22"><span class='ocrx_word' id='word_1_19' title='bbox 126 635 278 710; x_wconf 87' lang='lat' dir='ltr'>possent,</span> <span class='ocrx_word' id='word_1_20' title='bbox 301 628 439 711; x_wconf 77' lang='lat' dir='ltr'>singulae</span> <span class='ocrx_word' id='word_1_21' title='bbox 457 646 513 711; x_wconf 91' lang='lat' dir='ltr'>pro</span> <span class='ocrx_word' id='word_1_22' title='bbox 533 627 645 710; x_wconf 74' lang='lat' dir='ltr'>syllaba</span> <span class='ocrx_word' id='word_1_23' title='bbox 664 627 891 713; x_wconf 77' lang='lat' dir='ltr'><strong>scribebantur,</strong></span> <span class='ocrx_word' id='word_1_24' title='bbox 914 637 1067 708; x_wconf 87' lang='lat' dir='ltr'>tamquam</span> <span class='ocrx_word' id='word_1_25' title='bbox 1087 629 1160 690; x_wconf 92' lang='lat' dir='ltr'>satis</span> <span class='ocrx_word' id='word_1_26' title='bbox 1180 646 1245 690; x_wconf 88' lang='lat' dir='ltr'>eam</span> <span class='ocrx_word' id='word_1_27' title='bbox 1268 631 1335 710; x_wconf 90' lang='lat' dir='ltr'>ipso</span> <span class='ocrx_word' id='word_1_28' title='bbox 1354 630 1478 692; x_wconf 89' lang='lat' dir='ltr'>nornine</span> 
     </span>
     <span class='ocr_line' id='line_1_5' title="bbox 127 729 1477 822; baseline 0.001 -24"><span class='ocrx_word' id='word_1_29' title='bbox 127 735 311 819; x_wconf 87' lang='lat' dir='ltr'>explerent,</span> <span class='ocrx_word' id='word_1_30' title='bbox 336 747 371 801; x_wconf 93' lang='lat' dir='ltr'>ut</span> <span class='ocrx_word' id='word_1_31' title='bbox 393 746 466 820; x_wconf 90' lang='lat' dir='ltr'>puta</span> <span class='ocrx_word' id='word_1_32' title='bbox 490 737 640 822; x_wconf 86' lang='lat' dir='ltr'>decimus,</span> <span class='ocrx_word' id='word_1_33' title='bbox 664 737 683 802; x_wconf 94' lang='lat' dir='ltr'>d</span> <span class='ocrx_word' id='word_1_34' title='bbox 707 755 814 821; x_wconf 89' lang='lat' dir='ltr'>perse</span> <span class='ocrx_word' id='word_1_35' title='bbox 840 735 949 800; x_wconf 89' lang='lat' dir='ltr'>deinde</span> <span class='ocrx_word' id='word_1_36' title='bbox 970 739 1082 818; x_wconf 88' lang='lat' dir='ltr'>cimus,</span> <span class='ocrx_word' id='word_1_37' title='bbox 1104 738 1178 800; x_wconf 87' lang='lat' dir='ltr'>item</span> <span class='ocrx_word' id='word_1_38' title='bbox 1202 753 1285 819; x_wconf 88' lang='lat' dir='ltr'>cera,</span> <span class='ocrx_word' id='word_1_39' title='bbox 1310 729 1335 798; x_wconf 73' lang='lat' dir='ltr'>c&#39;</span> <span class='ocrx_word' id='word_1_40' title='bbox 1349 736 1477 818; x_wconf 75' lang='lat' dir='ltr'>simplex</span> 
     </span>
     <span class='ocr_line' id='line_1_6' title="bbox 127 821 1477 932; baseline -0.001 -24"><span class='ocrx_word' id='word_1_41' title='bbox 127 854 171 908; x_wconf 87' lang='lat' dir='ltr'>et</span> <span class='ocrx_word' id='word_1_42' title='bbox 201 863 250 929; x_wconf 88' lang='lat' dir='ltr'>ra,</span> <span class='ocrx_word' id='word_1_43' title='bbox 277 853 309 908; x_wconf 87' lang='lat' dir='ltr'>et</span> <span class='ocrx_word' id='word_1_44' title='bbox 337 843 430 932; x_wconf 90' lang='lat' dir='ltr'>bene,</span> <span class='ocrx_word' id='word_1_45' title='bbox 457 821 538 911; x_wconf 47' lang='lat' dir='ltr'>b&#39;et</span> <span class='ocrx_word' id='word_1_46' title='bbox 565 866 613 910; x_wconf 89' lang='lat' dir='ltr'>ne.</span> <span class='ocrx_word' id='word_1_47' title='bbox 664 848 765 910; x_wconf 88' lang='lat' dir='ltr'>lta·et</span> <span class='ocrx_word' id='word_1_48' title='bbox 797 847 938 928; x_wconf 83' lang='lat' dir='ltr'>quotiem</span> <span class='ocrx_word' id='word_1_49' title='bbox 971 844 1069 909; x_wconf 81' lang='lat' dir='ltr'>lanus</span> <span class='ocrx_word' id='word_1_50' title='bbox 1097 853 1129 909; x_wconf 88' lang='lat' dir='ltr'>et</span> <span class='ocrx_word' id='word_1_51' title='bbox 1160 844 1253 908; x_wconf 85' lang='lat' dir='ltr'>karus</span> <span class='ocrx_word' id='word_1_52' title='bbox 1281 841 1477 908; x_wconf 88' lang='lat' dir='ltr'>scribendum</span> 
     </span>
     <span class='ocr_line' id='line_1_7' title="bbox 99 951 1477 1039; baseline 0.001 -25"><span class='ocrx_word' id='word_1_53' title='bbox 99 963 223 1038; x_wconf 81' lang='lat' dir='ltr'>serat,</span> <span class='ocrx_word' id='word_1_54' title='bbox 247 956 317 1038; x_wconf 85' lang='lat' dir='ltr'>quia</span> <span class='ocrx_word' id='word_1_55' title='bbox 338 955 466 1038; x_wconf 78' lang='lat' dir='ltr'>singulis</span> <span class='ocrx_word' id='word_1_56' title='bbox 489 953 599 1018; x_wconf 89' lang='lat' dir='ltr'>litteris</span> <span class='ocrx_word' id='word_1_57' title='bbox 623 957 738 1039; x_wconf 79' lang='lat' dir='ltr'><strong>primae</strong></span> <span class='ocrx_word' id='word_1_58' title='bbox 764 953 893 1038; x_wconf 76' lang='lat' dir='ltr'>syllabae</span> <span class='ocrx_word' id='word_1_59' title='bbox 918 952 1111 1039; x_wconf 73' lang='lat' dir='ltr'>notabantur,</span> <span class='ocrx_word' id='word_1_60' title='bbox 1133 953 1153 1017; x_wconf 88' lang='grc'>11</span> <span class='ocrx_word' id='word_1_61' title='bbox 1176 956 1274 1038; x_wconf 87' lang='lat' dir='ltr'>prima</span> <span class='ocrx_word' id='word_1_62' title='bbox 1298 951 1477 1035; x_wconf 83' lang='lat' dir='ltr'>ponebatur,</span> 
     </span>
     <span class='ocr_line' id='line_1_8' title="bbox 131 1061 1477 1148; baseline 0 -22"><span class='ocrx_word' id='word_1_63' title='bbox 131 1081 219 1144; x_wconf 86' lang='lat' dir='ltr'>quae</span> <span class='ocrx_word' id='word_1_64' title='bbox 239 1073 295 1127; x_wconf 87' lang='lat' dir='ltr'>suo</span> <span class='ocrx_word' id='word_1_65' title='bbox 314 1065 441 1128; x_wconf 88' lang='lat' dir='ltr'>nomine·</span> <span class='ocrx_word' id='word_1_66' title='bbox 457 1081 473 1126; x_wconf 88' lang='lat' dir='ltr'>a</span> <span class='ocrx_word' id='word_1_67' title='bbox 492 1061 677 1148; x_wconf 83' lang='lat' dir='ltr'>continebat,</span> <span class='ocrx_word' id='word_1_68' title='bbox 701 1066 785 1148; x_wconf 86' lang='lat' dir='ltr'>quia,</span> <span class='ocrx_word' id='word_1_69' title='bbox 809 1067 835 1127; x_wconf 91' lang='lat' dir='ltr'>sl</span> <span class='ocrx_word' id='word_1_70' title='bbox 859 1083 876 1128; x_wconf 92' lang='lat' dir='ltr'>c</span> <span class='ocrx_word' id='word_1_71' title='bbox 899 1065 1083 1146; x_wconf 77' lang='lat' dir='ltr'>posuissent,</span> <span class='ocrx_word' id='word_1_72' title='bbox 1107 1081 1202 1126; x_wconf 90' lang='lat' dir='ltr'>oenus</span> <span class='ocrx_word' id='word_1_73' title='bbox 1226 1072 1257 1136; x_wconf 88' lang='lat' dir='ltr'>et</span> <span class='ocrx_word' id='word_1_74' title='bbox 1281 1081 1371 1126; x_wconf 90' lang='lat' dir='ltr'>cerus</span> <span class='ocrx_word' id='word_1_75' title='bbox 1395 1064 1477 1126; x_wconf 89' lang='lat' dir='ltr'>lutu-</span> 
     </span>
     <span class='ocr_line' id='line_1_9' title="bbox 131 1171 1476 1256; baseline -0.001 -22"><span class='ocrx_word' id='word_1_76' title='bbox 131 1188 211 1234; x_wconf 85' lang='lat' dir='ltr'>rum</span> <span class='ocrx_word' id='word_1_77' title='bbox 230 1179 304 1255; x_wconf 81' lang='lat' dir='ltr'>erat,</span> <span class='ocrx_word' id='word_1_78' title='bbox 326 1189 389 1235; x_wconf 88' lang='lat' dir='ltr'>nou</span> <span class='ocrx_word' id='word_1_79' title='bbox 408 1188 503 1235; x_wconf 85' lang='lat' dir='ltr'>canus</span> <span class='ocrx_word' id='word_1_80' title='bbox 522 1181 553 1236; x_wconf 89' lang='lat' dir='ltr'>et</span> <span class='ocrx_word' id='word_1_81' title='bbox 572 1190 671 1236; x_wconf 88' lang='lat' dir='ltr'>carus.</span> <span class='ocrx_word' id='word_1_82' title='bbox 708 1192 765 1256; x_wconf 79' lang='lat' dir='ltr'>ego</span> <span class='ocrx_word' id='word_1_83' title='bbox 785 1182 885 1237; x_wconf 87' lang='lat' dir='ltr'>autem</span> <span class='ocrx_word' id='word_1_84' title='bbox 904 1171 1114 1238; x_wconf 80' lang='lat' dir='ltr'>contenderim</span> <span class='ocrx_word' id='word_1_85' title='bbox 1139 1173 1234 1254; x_wconf 77' lang='lat' dir='ltr'>magis</span> <span class='ocrx_word' id='word_1_86' title='bbox 1257 1189 1476 1253; x_wconf 80' lang='lat' dir='ltr'>supervacuam</span> 
     </span>
     <span class='ocr_line' id='line_1_10' title="bbox 132 1277 1476 1364; baseline -0.002 -22"><span class='ocrx_word' id='word_1_87' title='bbox 132 1297 209 1342; x_wconf 88' lang='lat' dir='ltr'>esse</span> <span class='ocrx_word' id='word_1_88' title='bbox 234 1298 258 1362; x_wconf 35' lang='lat' dir='ltr'>c,</span> <span class='ocrx_word' id='word_1_89' title='bbox 275 1297 365 1360; x_wconf 80' lang='lat' dir='ltr'>quem</span> <span class='ocrx_word' id='word_1_90' title='bbox 388 1278 417 1356; x_wconf 90' lang='grc'>11,</span> <span class='ocrx_word' id='word_1_91' title='bbox 441 1281 584 1362; x_wconf 91' lang='lat' dir='ltr'>quoniam</span> <span class='ocrx_word' id='word_1_92' title='bbox 608 1279 642 1363; x_wconf 90' lang='grc'>11,</span> <span class='ocrx_word' id='word_1_93' title='bbox 670 1289 711 1343; x_wconf 91' lang='lat' dir='ltr'>ut·</span> <span class='ocrx_word' id='word_1_94' title='bbox 732 1280 812 1363; x_wconf 88' lang='lat' dir='ltr'>apud</span> <span class='ocrx_word' id='word_1_95' title='bbox 836 1279 983 1364; x_wconf 88' lang='lat' dir='ltr'>Graecos,</span> <span class='ocrx_word' id='word_1_96' title='bbox 1012 1281 1085 1342; x_wconf 89' lang='lat' dir='ltr'>satis</span> <span class='ocrx_word' id='word_1_97' title='bbox 1114 1281 1174 1341; x_wconf 87' lang='lat' dir='ltr'>rim</span> <span class='ocrx_word' id='word_1_98' title='bbox 1202 1279 1293 1341; x_wconf 89' lang='lat' dir='ltr'>etiam</span> <span class='ocrx_word' id='word_1_99' title='bbox 1316 1297 1334 1340; x_wconf 93' lang='lat' dir='ltr'>c</span> <span class='ocrx_word' id='word_1_100' title='bbox 1357 1277 1476 1341; x_wconf 73' lang='lat' dir='ltr'>litterae</span> 
     </span>
     <span class='ocr_line' id='line_1_11' title="bbox 135 1386 1477 1474; baseline -0.001 -25"><span class='ocrx_word' id='word_1_101' title='bbox 135 1388 304 1470; x_wconf 79' lang='lat' dir='ltr'>exprimat,</span> <span class='ocrx_word' id='word_1_102' title='bbox 334 1388 389 1451; x_wconf 91' lang='lat' dir='ltr'>sed</span> <span class='ocrx_word' id='word_1_103' title='bbox 412 1387 558 1470; x_wconf 86' lang='lat' dir='ltr'>quosdam</span> <span class='ocrx_word' id='word_1_104' title='bbox 587 1388 683 1470; x_wconf 78' lang='lat' dir='ltr'>iigrxra</span> <span class='ocrx_word' id='word_1_105' title='bbox 708 1389 865 1474; x_wconf 88' lang='lat' dir='ltr'>deceptos,</span> <span class='ocrx_word' id='word_1_106' title='bbox 891 1408 950 1472; x_wconf 87' lang='lat' dir='ltr'>qua</span> <span class='ocrx_word' id='word_1_107' title='bbox 974 1407 1035 1452; x_wconf 89' lang='lat' dir='ltr'>uon</span> <span class='ocrx_word' id='word_1_108' title='bbox 1060 1388 1159 1452; x_wconf 89' lang='lat' dir='ltr'>solum</span> <span class='ocrx_word' id='word_1_109' title='bbox 1182 1386 1262 1470; x_wconf 89' lang='lat' dir='ltr'>apud</span> <span class='ocrx_word' id='word_1_110' title='bbox 1286 1404 1342 1448; x_wconf 90' lang='lat' dir='ltr'>nos</span> <span class='ocrx_word' id='word_1_111' title='bbox 1371 1404 1477 1449; x_wconf 82' lang='lat' dir='ltr'>rerum</span> 
     </span>
     <span class='ocr_line' id='line_1_12' title="bbox 90 1493 1476 1580; baseline 0.001 -26"><span class='ocrx_word' id='word_1_112' title='bbox 90 1513 119 1554; x_wconf 82' lang='grc' dir='ltr'>ιο</span> <span class='ocrx_word' id='word_1_113' title='bbox 135 1498 233 1560; x_wconf 83' lang='lat' dir='ltr'>etiam</span> <span class='ocrx_word' id='word_1_114' title='bbox 262 1497 342 1578; x_wconf 89' lang='lat' dir='ltr'>apud</span> <span class='ocrx_word' id='word_1_115' title='bbox 373 1499 514 1578; x_wconf 88' lang='lat' dir='ltr'>antiquos</span> <span class='ocrx_word' id='word_1_116' title='bbox 544 1495 730 1560; x_wconf 86' lang='lat' dir='ltr'>Graecorum</span> <span class='ocrx_word' id='word_1_117' title='bbox 757 1516 778 1580; x_wconf 73' lang='lat' dir='ltr'><strong>g</strong></span> <span class='ocrx_word' id='word_1_118' title='bbox 807 1497 907 1561; x_wconf 88' lang='lat' dir='ltr'>littera</span> <span class='ocrx_word' id='word_1_119' title='bbox 938 1496 1114 1578; x_wconf 76' lang='lat' dir='ltr'>notabatur,</span> <span class='ocrx_word' id='word_1_120' title='bbox 1145 1505 1178 1560; x_wconf 91' lang='lat' dir='ltr'>ut</span> <span class='ocrx_word' id='word_1_121' title='bbox 1210 1501 1339 1559; x_wconf 91' lang='lat' dir='ltr'>testatur</span> <span class='ocrx_word' id='word_1_122' title='bbox 1368 1493 1476 1556; x_wconf 77' lang='lat' dir='ltr'>foedus</span> 
     </span>
     <span class='ocr_line' id='line_1_13' title="bbox 137 1599 1476 1682; baseline -0.001 -16"><span class='ocrx_word' id='word_1_123' title='bbox 137 1602 285 1666; x_wconf 83' lang='lat' dir='ltr'>Graeciae</span> <span class='ocrx_word' id='word_1_124' title='bbox 308 1599 333 1682; x_wconf 97' lang='lat'><em>†</em></span> <span class='ocrx_word' id='word_1_125' title='bbox 356 1603 470 1666; x_wconf 88' lang='lat' dir='ltr'>camelo</span> <span class='ocrx_word' id='word_1_126' title='bbox 497 1621 588 1666; x_wconf 90' lang='lat' dir='ltr'>aereo</span> <span class='ocrx_word' id='word_1_127' title='bbox 612 1607 644 1667; x_wconf 89' lang='lat' dir='ltr'>in</span> <span class='ocrx_word' id='word_1_128' title='bbox 667 1604 765 1668; x_wconf 86' lang='lat' dir='ltr'>hortis</span> <span class='ocrx_word' id='word_1_129' title='bbox 787 1603 924 1668; x_wconf 82' lang='lat' dir='ltr'>Caesaris</span> <span class='ocrx_word' id='word_1_130' title='bbox 948 1607 980 1668; x_wconf 89' lang='lat' dir='ltr'>ln</span> <span class='ocrx_word' id='word_1_131' title='bbox 1004 1603 1078 1666; x_wconf 86' lang='lat' dir='ltr'>sede</span> <span class='ocrx_word' id='word_1_132' title='bbox 1102 1603 1202 1667; x_wconf 83' lang='lat' dir='ltr'>Fortis</span> <span class='ocrx_word' id='word_1_133' title='bbox 1225 1603 1377 1666; x_wconf 80' lang='lat' dir='ltr'>Fortunae</span> <span class='ocrx_word' id='word_1_134' title='bbox 1401 1603 1476 1664; x_wconf 88' lang='lat' dir='ltr'>inci·</span> 
     </span>
     <span class='ocr_line' id='line_1_14' title="bbox 136 1709 1477 1802; baseline 0.001 -28"><span class='ocrx_word' id='word_1_135' title='bbox 136 1729 219 1795; x_wconf 87' lang='lat' dir='ltr'>sum,</span> <span class='ocrx_word' id='word_1_136' title='bbox 238 1711 292 1774; x_wconf 89' lang='lat' dir='ltr'>ubi</span> <span class='ocrx_word' id='word_1_137' title='bbox 308 1729 366 1795; x_wconf 93' lang='lat' dir='ltr'>pro</span> <span class='ocrx_word' id='word_1_138' title='bbox 381 1709 414 1774; x_wconf 87' lang='grc' dir='ltr'><strong><em>Γ</em></strong></span> <span class='ocrx_word' id='word_1_139' title='bbox 428 1711 503 1802; x_wconf 77' lang='lat' dir='ltr'>haec</span> <span class='ocrx_word' id='word_1_140' title='bbox 524 1713 619 1776; x_wconf 89' lang='lat' dir='ltr'>iorma</span> <span class='ocrx_word' id='word_1_141' title='bbox 638 1715 737 1796; x_wconf 88' lang='lat' dir='ltr'>posita</span> <span class='ocrx_word' id='word_1_142' title='bbox 756 1716 903 1797; x_wconf 71' lang='lat' dir='ltr'>estiterit</span> <span class='ocrx_word' id='word_1_143' title='bbox 917 1712 974 1775; x_wconf 84' lang='lat' dir='ltr'>llll</span> <span class='ocrx_word' id='word_1_144' title='bbox 992 1711 1122 1795; x_wconf 89' lang='lat' dir='ltr'>tabulae,</span> <span class='ocrx_word' id='word_1_145' title='bbox 1141 1711 1194 1775; x_wconf 91' lang='lat' dir='ltr'>ubi</span> <span class='ocrx_word' id='word_1_146' title='bbox 1213 1722 1261 1776; x_wconf 92' lang='lat' dir='ltr'>est</span> <span class='ocrx_word' id='word_1_147' title='bbox 1279 1727 1318 1775; x_wconf 80' lang='lat' dir='ltr'>ur</span> <span class='ocrx_word' id='word_1_148' title='bbox 1334 1725 1477 1776; x_wconf 75' lang='lat' dir='ltr'>Pncvur</span> 
     </span>
     <span class='ocr_line' id='line_1_15' title="bbox 134 1813 1476 1905; baseline 0 -23"><span class='ocrx_word' id='word_1_149' title='bbox 134 1817 296 1901; x_wconf 83' lang='lat' dir='ltr'>perhanc</span> <span class='ocrx_word' id='word_1_150' title='bbox 320 1819 457 1903; x_wconf 79' lang='lat' dir='ltr'>sormam,</span> <span class='ocrx_word' id='word_1_151' title='bbox 484 1819 566 1902; x_wconf 88' lang='lat' dir='ltr'>quod</span> <span class='ocrx_word' id='word_1_152' title='bbox 590 1820 666 1884; x_wconf 91' lang='lat' dir='ltr'>male</span> <span class='ocrx_word' id='word_1_153' title='bbox 691 1819 819 1903; x_wconf 85' lang='lat' dir='ltr'>quidam</span> <span class='ocrx_word' id='word_1_154' title='bbox 837 1839 893 1903; x_wconf 90' lang='lat' dir='ltr'>per</span> <span class='ocrx_word' id='word_1_155' title='bbox 916 1839 934 1882; x_wconf 90' lang='lat' dir='ltr'>c</span> <span class='ocrx_word' id='word_1_156' title='bbox 957 1821 1118 1883; x_wconf 87' lang='lat' dir='ltr'>enuntiant</span> <span class='ocrx_word' id='word_1_157' title='bbox 1140 1813 1204 1905; x_wconf 83' lang='lat' dir='ltr'>(est</span> <span class='ocrx_word' id='word_1_158' title='bbox 1225 1821 1306 1883; x_wconf 88' lang='lat' dir='ltr'>enlm</span> <span class='ocrx_word' id='word_1_159' title='bbox 1328 1822 1476 1902; x_wconf 87' lang='lat' dir='ltr'>praeteri·</span> 
     </span>
     <span class='ocr_line' id='line_1_16' title="bbox 136 1923 1475 2013; baseline 0.002 -24"><span class='ocrx_word' id='word_1_160' title='bbox 136 1935 203 1990; x_wconf 91' lang='lat' dir='ltr'>tum</span> <span class='ocrx_word' id='word_1_161' title='bbox 223 1928 304 1990; x_wconf 73' lang='lat' dir='ltr'>eius·</span> <span class='ocrx_word' id='word_1_162' title='bbox 314 1929 416 2010; x_wconf 75' lang='lat' dir='ltr'>pepigi</span> <span class='ocrx_word' id='word_1_163' title='bbox 435 1946 452 1991; x_wconf 91' lang='lat' dir='ltr'>a</span> <span class='ocrx_word' id='word_1_164' title='bbox 470 1947 579 2012; x_wconf 78' lang='lat' dir='ltr'>pango,</span> <span class='ocrx_word' id='word_1_165' title='bbox 603 1938 637 1991; x_wconf 93' lang='lat' dir='ltr'>ut</span> <span class='ocrx_word' id='word_1_166' title='bbox 657 1947 677 1992; x_wconf 85' lang='grc' dir='ltr'><em>α</em></span> <span class='ocrx_word' id='word_1_167' title='bbox 701 1937 791 2011; x_wconf 76' lang='lat' dir='ltr'>tango</span> <span class='ocrx_word' id='word_1_168' title='bbox 817 1931 911 2011; x_wconf 78' lang='lat' dir='ltr'>tetigt,</span> <span class='ocrx_word' id='word_1_169' title='bbox 934 1947 995 1990; x_wconf 90' lang='lat' dir='ltr'>nou</span> <span class='ocrx_word' id='word_1_170' title='bbox 1018 1929 1096 2011; x_wconf 89' lang='lat' dir='ltr'>paxl,</span> <span class='ocrx_word' id='word_1_171' title='bbox 1121 1937 1155 1993; x_wconf 94' lang='lat' dir='ltr'>ut</span> <span class='ocrx_word' id='word_1_172' title='bbox 1174 1949 1190 1991; x_wconf 86' lang='lat' dir='ltr'>a</span> <span class='ocrx_word' id='word_1_173' title='bbox 1209 1928 1277 1992; x_wconf 89' lang='lat' dir='ltr'>dico</span> <span class='ocrx_word' id='word_1_174' title='bbox 1301 1923 1387 2013; x_wconf 88' lang='lat' dir='ltr'>dixi),</span> <span class='ocrx_word' id='word_1_175' title='bbox 1411 1948 1475 1993; x_wconf 91' lang='lat' dir='ltr'>crs-</span> 
     </span>
     <span class='ocr_line' id='line_1_17' title="bbox 70 2034 1476 2120; baseline 0.004 -25"><span class='ocrx_word' id='word_1_176' title='bbox 70 2054 122 2096; x_wconf 80' lang='lat' dir='ltr'>-ss</span> <span class='ocrx_word' id='word_1_177' title='bbox 136 2035 253 2099; x_wconf 91' lang='lat' dir='ltr'>didisse</span> <span class='ocrx_word' id='word_1_178' title='bbox 283 2034 415 2098; x_wconf 85' lang='lat' dir='ltr'>nobislr</span> <span class='ocrx_word' id='word_1_179' title='bbox 445 2036 550 2100; x_wconf 84' lang='lat' dir='ltr'>deesse</span> <span class='ocrx_word' id='word_1_180' title='bbox 579 2047 611 2102; x_wconf 92' lang='lat' dir='ltr'>et</span> <span class='ocrx_word' id='word_1_181' title='bbox 638 2037 716 2102; x_wconf 85' lang='lat' dir='ltr'>hanc</span> <span class='ocrx_word' id='word_1_182' title='bbox 741 2037 863 2120; x_wconf 83' lang='lat' dir='ltr'>quidem</span> <span class='ocrx_word' id='word_1_183' title='bbox 887 2037 908 2100; x_wconf 89' lang='lat' dir='ltr'>k</span> <span class='ocrx_word' id='word_1_184' title='bbox 936 2037 1061 2120; x_wconf 82' lang='lat' dir='ltr'>dixisse,</span> <span class='ocrx_word' id='word_1_185' title='bbox 1091 2045 1228 2101; x_wconf 90' lang='lat' dir='ltr'>ceterum</span> <span class='ocrx_word' id='word_1_186' title='bbox 1256 2056 1313 2120; x_wconf 91' lang='lat' dir='ltr'>pro</span> <span class='ocrx_word' id='word_1_187' title='bbox 1342 2055 1377 2100; x_wconf 91' lang='lat' dir='ltr'>ea</span> <span class='ocrx_word' id='word_1_188' title='bbox 1405 2046 1476 2101; x_wconf 89' lang='lat' dir='ltr'>uota</span> 
     </span>
    </p>

    <p class='ocr_par' dir='ltr' id='par_1_3' title="bbox 54 2143 1572 2338">
     <span class='ocr_line' id='line_1_18' title="bbox 54 2143 1572 2228; baseline 0.003 -22"><span class='ocrx_word' id='word_1_189' title='bbox 54 2143 58 2150; x_wconf 84' lang='lat'>&#39;</span> <span class='ocrx_word' id='word_1_190' title='bbox 137 2144 255 2208; x_wconf 87' lang='lat' dir='ltr'>adlecta</span> <span class='ocrx_word' id='word_1_191' title='bbox 275 2162 292 2206; x_wconf 89' lang='lat' dir='ltr'>a</span> <span class='ocrx_word' id='word_1_192' title='bbox 313 2143 424 2227; x_wconf 90' lang='lat' dir='ltr'>Spurio</span> <span class='ocrx_word' id='word_1_193' title='bbox 444 2143 573 2209; x_wconf 82' lang='lat' dir='ltr'>Carvilio</span> <span class='ocrx_word' id='word_1_194' title='bbox 598 2165 708 2210; x_wconf 83' lang='lat' dir='ltr'>noram</span> <span class='ocrx_word' id='word_1_195' title='bbox 729 2146 856 2209; x_wconf 77' lang='lat' dir='ltr'>formam</span> <span class='ocrx_word' id='word_1_196' title='bbox 876 2157 910 2228; x_wconf 34' lang='lat' dir='ltr'>(a,</span> <span class='ocrx_word' id='word_1_197' title='bbox 924 2145 1043 2209; x_wconf 82' lang='lat' dir='ltr'>litterae</span> <span class='ocrx_word' id='word_1_198' title='bbox 1067 2148 1205 2228; x_wconf 87' lang='lat' dir='ltr'>positam.</span> <span class='ocrx_word' id='word_1_199' title='bbox 1243 2165 1312 2209; x_wconf 93' lang='lat' dir='ltr'>nam</span> <span class='ocrx_word' id='word_1_200' title='bbox 1326 2163 1392 2210; x_wconf 48' lang='lat' dir='ltr'>xnou</span> <span class='ocrx_word' id='word_1_201' title='bbox 1413 2147 1476 2210; x_wconf 85' lang='lat' dir='ltr'>lue·</span> <span class='ocrx_word' id='word_1_202' title='bbox 1567 2171 1572 2177; x_wconf 96' lang='lat'>·</span> 
     </span>
     <span class='ocr_line' id='line_1_19' title="bbox 136 2237 1566 2338; baseline 0 -20"><span class='ocrx_word' id='word_1_203' title='bbox 136 2262 297 2332; x_wconf 84' lang='lat' dir='ltr'>runttam</span> <span class='ocrx_word' id='word_1_204' title='bbox 321 2256 446 2336; x_wconf 91' lang='lat' dir='ltr'>inperiti</span> <span class='ocrx_word' id='word_1_205' title='bbox 469 2257 599 2338; x_wconf 77' lang='lat' dir='ltr'>antiqui,</span> <span class='ocrx_word' id='word_1_206' title='bbox 623 2264 658 2318; x_wconf 84' lang='lat' dir='ltr'>ut</span> <span class='ocrx_word' id='word_1_207' title='bbox 681 2254 701 2318; x_wconf 87' lang='grc'>11</span> <span class='ocrx_word' id='word_1_208' title='bbox 725 2262 892 2338; x_wconf 81' lang='lat' dir='ltr'>servarent,</span> <span class='ocrx_word' id='word_1_209' title='bbox 916 2257 942 2316; x_wconf 92' lang='lat' dir='ltr'>si</span> <span class='ocrx_word' id='word_1_210' title='bbox 960 2253 1048 2317; x_wconf 89' lang='lat' dir='ltr'>aliam</span> <span class='ocrx_word' id='word_1_211' title='bbox 1067 2253 1200 2318; x_wconf 80' lang='lat' dir='ltr'>litteram</span> <span class='ocrx_word' id='word_1_212' title='bbox 1218 2253 1299 2318; x_wconf 86' lang='lat' dir='ltr'>idem</span> <span class='ocrx_word' id='word_1_213' title='bbox 1319 2263 1476 2318; x_wconf 90' lang='lat' dir='ltr'>sonantem</span> <span class='ocrx_word' id='word_1_214' title='bbox 1563 2237 1566 2248; x_wconf 69' lang='grc'><strong>’</strong></span> 
     </span>
    </p>

    <p class='ocr_par' dir='ltr' id='par_1_4' title="bbox 107 2358 1475 2555">
     <span class='ocr_line' id='line_1_20' title="bbox 134 2358 1475 2444; baseline 0.001 -18"><span class='ocrx_word' id='word_1_215' title='bbox 134 2358 325 2427; x_wconf 72' lang='lat' dir='ltr'>habuissem</span> <span class='ocrx_word' id='word_1_216' title='bbox 360 2365 429 2444; x_wconf 85' lang='lat' dir='ltr'>quls</span> <span class='ocrx_word' id='word_1_217' title='bbox 452 2365 532 2427; x_wconf 86' lang='lat' dir='ltr'>enim</span> <span class='ocrx_word' id='word_1_218' title='bbox 552 2363 599 2428; x_wconf 84' lang='lat' dir='ltr'>vel</span> <span class='ocrx_word' id='word_1_219' title='bbox 617 2362 737 2428; x_wconf 87' lang='lat' dir='ltr'>hebetis</span> <span class='ocrx_word' id='word_1_220' title='bbox 756 2365 848 2426; x_wconf 80' lang='lat' dir='ltr'>auiam</span> <span class='ocrx_word' id='word_1_221' title='bbox 867 2380 1012 2426; x_wconf 88' lang='lat' dir='ltr'>sonorum</span> <span class='ocrx_word' id='word_1_222' title='bbox 1032 2361 1260 2426; x_wconf 86' lang='lat' dir='ltr'>similitudinem</span> <span class='ocrx_word' id='word_1_223' title='bbox 1280 2365 1395 2426; x_wconf 90' lang='lat' dir='ltr'>sentire</span> <span class='ocrx_word' id='word_1_224' title='bbox 1415 2374 1475 2427; x_wconf 89' lang='lat' dir='ltr'>nou</span> 
     </span>
     <span class='ocr_line' id='line_1_21' title="bbox 107 2465 1475 2555; baseline 0.001 -22"><span class='ocrx_word' id='word_1_225' title='bbox 107 2479 109 2484; x_wconf 85' lang='lat'>&#39;</span> <span class='ocrx_word' id='word_1_226' title='bbox 135 2465 257 2552; x_wconf 80' lang='lat' dir='ltr'>possit?</span> <span class='ocrx_word' id='word_1_227' title='bbox 304 2483 328 2546; x_wconf 82' lang='lat' dir='ltr'><strong>Q</strong></span> <span class='ocrx_word' id='word_1_228' title='bbox 359 2469 459 2534; x_wconf 85' lang='lat' dir='ltr'>littera</span> <span class='ocrx_word' id='word_1_229' title='bbox 487 2491 582 2555; x_wconf 82' lang='lat' dir='ltr'>aeque</span> <span class='ocrx_word' id='word_1_230' title='bbox 611 2481 730 2536; x_wconf 86' lang='lat' dir='ltr'>retenta</span> <span class='ocrx_word' id='word_1_231' title='bbox 759 2479 808 2534; x_wconf 91' lang='lat' dir='ltr'>est</span> <span class='ocrx_word' id='word_1_232' title='bbox 835 2479 962 2553; x_wconf 91' lang='lat' dir='ltr'>propter</span> <span class='ocrx_word' id='word_1_233' title='bbox 994 2479 1094 2555; x_wconf 88' lang='lat' dir='ltr'>notas,</span> <span class='ocrx_word' id='word_1_234' title='bbox 1123 2469 1204 2553; x_wconf 86' lang='lat' dir='ltr'>quod</span> <span class='ocrx_word' id='word_1_235' title='bbox 1232 2489 1288 2554; x_wconf 90' lang='lat' dir='ltr'>per</span> <span class='ocrx_word' id='word_1_236' title='bbox 1316 2491 1349 2534; x_wconf 91' lang='lat' dir='ltr'>se</span> <span class='ocrx_word' id='word_1_237' title='bbox 1378 2473 1475 2554; x_wconf 88' lang='lat' dir='ltr'>posita</span> 
     </span>
    </p>
   </div>
   <div class='ocr_carea' id='block_1_3' title="bbox 134 2600 356 2628">
    <p class='ocr_par' dir='ltr' id='par_1_5' title="bbox 134 2600 356 2628">
     <span class='ocr_line' id='line_1_22' title="bbox 134 2600 356 2628; baseline 0 0"><span class='ocrx_word' id='word_1_238' title='bbox 134 2600 356 2628; x_wconf 58' lang='lat' dir='ltr'>——b—p—</span> 
     </span>
    </p>
   </div>
   <div class='ocr_carea' id='block_1_4' title="bbox 149 2677 712 2754">
    <p class='ocr_par' dir='ltr' id='par_1_6' title="bbox 149 2677 712 2754">
     <span class='ocr_line' id='line_1_23' title="bbox 149 2677 712 2754; baseline 0.007 -18"><span class='ocrx_word' id='word_1_239' title='bbox 149 2699 151 2702; x_wconf 95' lang='lat'>·</span> <span class='ocrx_word' id='word_1_240' title='bbox 228 2686 264 2736; x_wconf 86' lang='grc'>11</span> <span class='ocrx_word' id='word_1_241' title='bbox 284 2677 309 2746; x_wconf 83' lang='lat' dir='ltr'>Q</span> <span class='ocrx_word' id='word_1_242' title='bbox 328 2677 474 2754; x_wconf 65' lang='grc'>11111111.</span> <span class='ocrx_word' id='word_1_243' title='bbox 493 2688 540 2752; x_wconf 82' lang='lat' dir='ltr'>rs,</span> <span class='ocrx_word' id='word_1_244' title='bbox 559 2689 585 2742; x_wconf 82' lang='lat'>4.</span> <span class='ocrx_word' id='word_1_245' title='bbox 605 2689 654 2754; x_wconf 80' lang='grc'>17,</span> <span class='ocrx_word' id='word_1_246' title='bbox 673 2689 712 2740; x_wconf 80' lang='lat' dir='ltr'>aa</span> 
     </span>
    </p>
   </div>
   <div class='ocr_carea' id='block_1_5' title="bbox 134 2878 1477 3298">
    <p class='ocr_par' dir='ltr' id='par_1_7' title="bbox 134 2878 1477 3298">
     <span class='ocr_line' id='line_1_24' title="bbox 208 2878 1476 2951; baseline 0.002 -16"><span class='ocrx_word' id='word_1_247' title='bbox 208 2885 225 2935; x_wconf 80' lang='lat'>8</span> <span class='ocrx_word' id='word_1_248' title='bbox 246 2878 368 2936; x_wconf 78' lang='lat' dir='ltr'>dicisum</span> <span class='ocrx_word' id='word_1_249' title='bbox 387 2878 407 2935; x_wconf 93' lang='lat' dir='ltr'>d</span> <span class='ocrx_word' id='word_1_250' title='bbox 424 2896 476 2951; x_wconf 87' lang='lat' dir='ltr'>per</span> <span class='ocrx_word' id='word_1_251' title='bbox 490 2897 520 2938; x_wconf 87' lang='lat' dir='ltr'>se</span> <span class='ocrx_word' id='word_1_252' title='bbox 534 2881 611 2938; x_wconf 81' lang='lat' dir='ltr'>deins</span> <span class='ocrx_word' id='word_1_253' title='bbox 630 2879 751 2936; x_wconf 84' lang='lat' dir='ltr'>dicimus</span> <span class='ocrx_word' id='word_1_254' title='bbox 768 2879 798 2934; x_wconf 91' lang='lat' dir='ltr'><strong><em>P</em></strong></span> <span class='ocrx_word' id='word_1_255' title='bbox 814 2878 935 2935; x_wconf 85' lang='lat' dir='ltr'>dicimus</span> <span class='ocrx_word' id='word_1_256' title='bbox 955 2878 974 2934; x_wconf 93' lang='lat' dir='ltr'>d</span> <span class='ocrx_word' id='word_1_257' title='bbox 992 2897 1045 2950; x_wconf 86' lang='lat' dir='ltr'>per</span> <span class='ocrx_word' id='word_1_258' title='bbox 1058 2897 1089 2937; x_wconf 91' lang='lat' dir='ltr'>se</span> <span class='ocrx_word' id='word_1_259' title='bbox 1107 2881 1148 2936; x_wconf 85' lang='lat' dir='ltr'>im</span> <span class='ocrx_word' id='word_1_260' title='bbox 1167 2880 1288 2938; x_wconf 86' lang='lat' dir='ltr'>dicimus</span> <span class='ocrx_word' id='word_1_261' title='bbox 1307 2880 1336 2936; x_wconf 99' lang='grc' dir='ltr'><strong><em>Β</em></strong></span> <span class='ocrx_word' id='word_1_262' title='bbox 1355 2880 1476 2937; x_wconf 82' lang='lat' dir='ltr'>dicimus</span> 
     </span>
     <span class='ocr_line' id='line_1_25' title="bbox 134 2959 1477 3036; baseline 0.001 -20"><span class='ocrx_word' id='word_1_263' title='bbox 134 2959 223 3031; x_wconf 87' lang='lat' dir='ltr'>perd</span> <span class='ocrx_word' id='word_1_264' title='bbox 243 2959 352 3017; x_wconf 87' lang='lat' dir='ltr'>sedcim</span> <span class='ocrx_word' id='word_1_265' title='bbox 371 2959 482 3017; x_wconf 85' lang='lat' dir='ltr'>doirnns</span> <span class='ocrx_word' id='word_1_266' title='bbox 502 2982 524 3018; x_wconf 84' lang='grc' dir='ltr'><strong><em>ω</em></strong></span> <span class='ocrx_word' id='word_1_267' title='bbox 543 2960 678 3019; x_wconf 82' lang='lat' dir='ltr'>Decimus</span> <span class='ocrx_word' id='word_1_268' title='bbox 695 2960 715 3016; x_wconf 91' lang='lat' dir='ltr'>d</span> <span class='ocrx_word' id='word_1_269' title='bbox 733 2977 786 3033; x_wconf 89' lang='lat' dir='ltr'>per</span> <span class='ocrx_word' id='word_1_270' title='bbox 804 2977 835 3017; x_wconf 90' lang='lat' dir='ltr'>se</span> <span class='ocrx_word' id='word_1_271' title='bbox 852 2961 894 3018; x_wconf 86' lang='lat' dir='ltr'>im</span> <span class='ocrx_word' id='word_1_272' title='bbox 912 2959 1032 3016; x_wconf 86' lang='lat' dir='ltr'>dicimus</span> <span class='ocrx_word' id='word_1_273' title='bbox 1053 2960 1218 3030; x_wconf 79' lang='lat' dir='ltr'>Putsclts&#39;us,</span> <span class='ocrx_word' id='word_1_274' title='bbox 1242 2962 1369 3020; x_wconf 86' lang='lat' dir='ltr'>decimus</span> <span class='ocrx_word' id='word_1_275' title='bbox 1389 2963 1408 3018; x_wconf 92' lang='lat' dir='ltr'>d</span> <span class='ocrx_word' id='word_1_276' title='bbox 1426 2981 1477 3036; x_wconf 81' lang='lat' dir='ltr'>per</span> 
     </span>
     <span class='ocr_line' id='line_1_26' title="bbox 135 3039 1475 3115; baseline 0.003 -17"><span class='ocrx_word' id='word_1_277' title='bbox 135 3057 165 3098; x_wconf 90' lang='lat' dir='ltr'>ss</span> <span class='ocrx_word' id='word_1_278' title='bbox 183 3041 252 3098; x_wconf 88' lang='lat' dir='ltr'>inds</span> <span class='ocrx_word' id='word_1_279' title='bbox 272 3039 364 3098; x_wconf 82' lang='lat' dir='ltr'>cimus</span> <span class='ocrx_word' id='word_1_280' title='bbox 381 3040 534 3112; x_wconf 74' lang='lat' dir='ltr'>Scioppius</span> <span class='ocrx_word' id='word_1_281' title='bbox 551 3059 666 3114; x_wconf 64' lang='lat' dir='ltr'>mamm.</span> <span class='ocrx_word' id='word_1_282' title='bbox 684 3042 784 3112; x_wconf 74' lang='lat' dir='ltr'>platos.</span> <span class='ocrx_word' id='word_1_283' title='bbox 801 3059 832 3114; x_wconf 91' lang='grc' dir='ltr'>ρ.</span> <span class='ocrx_word' id='word_1_284' title='bbox 853 3045 908 3099; x_wconf 85' lang='grc'>163</span> <span class='ocrx_word' id='word_1_285' title='bbox 928 3045 954 3097; x_wconf 82' lang='lat' dir='ltr'>et</span> <span class='ocrx_word' id='word_1_286' title='bbox 974 3040 1088 3098; x_wconf 82' lang='lat' dir='ltr'>Vossius</span> <span class='ocrx_word' id='word_1_287' title='bbox 1106 3041 1263 3100; x_wconf 72' lang='lat' dir='ltr'>Anstorcn.</span> <span class='ocrx_word' id='word_1_288' title='bbox 1289 3042 1312 3099; x_wconf 92' lang='lat' dir='ltr'><strong><em>I</em></strong></span> <span class='ocrx_word' id='word_1_289' title='bbox 1328 3049 1365 3100; x_wconf 85' lang='lat'>17</span> <span class='ocrx_word' id='word_1_290' title='bbox 1379 3061 1411 3115; x_wconf 83' lang='lat' dir='ltr'>p.</span> <span class='ocrx_word' id='word_1_291' title='bbox 1427 3049 1475 3113; x_wconf 82' lang='lat'>78,</span> 
     </span>
     <span class='ocr_line' id='line_1_27' title="bbox 136 3121 1411 3197; baseline 0.002 -19"><span class='ocrx_word' id='word_1_292' title='bbox 136 3121 265 3179; x_wconf 78' lang='lat' dir='ltr'>desimus</span> <span class='ocrx_word' id='word_1_293' title='bbox 282 3139 336 3194; x_wconf 84' lang='lat' dir='ltr'>psr</span> <span class='ocrx_word' id='word_1_294' title='bbox 353 3122 373 3178; x_wconf 90' lang='lat' dir='ltr'>d</span> <span class='ocrx_word' id='word_1_295' title='bbox 391 3124 424 3178; x_wconf 81' lang='lat' dir='ltr'>ot</span> <span class='ocrx_word' id='word_1_296' title='bbox 441 3123 532 3180; x_wconf 81' lang='lat' dir='ltr'>cinam</span> <span class='ocrx_word' id='word_1_297' title='bbox 551 3123 737 3182; x_wconf 65' lang='lat' dir='ltr'>Scinddanu</span> <span class='ocrx_word' id='word_1_298' title='bbox 754 3141 869 3196; x_wconf 65' lang='lat' dir='ltr'>mamm.</span> <span class='ocrx_word' id='word_1_299' title='bbox 890 3124 939 3179; x_wconf 86' lang='lat' dir='ltr'>lot.</span> <span class='ocrx_word' id='word_1_300' title='bbox 958 3138 982 3178; x_wconf 85' lang='lat' dir='ltr'>s.</span> <span class='ocrx_word' id='word_1_301' title='bbox 1005 3123 1026 3176; x_wconf 90' lang='grc' dir='ltr'><em>Ι</em></span> <span class='ocrx_word' id='word_1_302' title='bbox 1038 3139 1071 3194; x_wconf 87' lang='grc' dir='ltr'>ρ.</span> <span class='ocrx_word' id='word_1_303' title='bbox 1090 3127 1149 3180; x_wconf 82' lang='lat'>293</span> <span class='ocrx_word' id='word_1_304' title='bbox 1223 3124 1300 3197; x_wconf 86' lang='lat' dir='ltr'>cern]</span> <span class='ocrx_word' id='word_1_305' title='bbox 1321 3140 1370 3180; x_wconf 84' lang='lat' dir='ltr'>cro</span> <span class='ocrx_word' id='word_1_306' title='bbox 1389 3145 1411 3180; x_wconf 82' lang='grc' dir='ltr'><strong><em>ω</em></strong></span> 
     </span>
     <span class='ocr_line' id='line_1_28' title="bbox 135 3202 1474 3298; baseline 0.004 -41"><span class='ocrx_word' id='word_1_307' title='bbox 135 3203 620 3298; x_wconf 66' lang='lat' dir='ltr'>estbenebotnsPetbene</span> <span class='ocrx_word' id='word_1_308' title='bbox 639 3207 722 3264; x_wconf 84' lang='lat' dir='ltr'>etbs</span> <span class='ocrx_word' id='word_1_309' title='bbox 741 3203 994 3263; x_wconf 83' lang='lat' dir='ltr'>etneBetbne</span> <span class='ocrx_word' id='word_1_310' title='bbox 1013 3202 1032 3258; x_wconf 89' lang='lat' dir='ltr'>b</span> <span class='ocrx_word' id='word_1_311' title='bbox 1052 3205 1119 3260; x_wconf 82' lang='lat' dir='ltr'>ein</span> <span class='ocrx_word' id='word_1_312' title='bbox 1138 3223 1160 3258; x_wconf 86' lang='grc' dir='ltr'><strong><em>ω</em></strong></span> <span class='ocrx_word' id='word_1_313' title='bbox 1228 3203 1474 3280; x_wconf 75' lang='lat' dir='ltr'>kanusstlmnsa]</span> 
     </span>
    </p>
   </div>
   <div class='ocr_carea' id='block_1_6' title="bbox 68 3297 1537 4062">
    <p class='ocr_par' dir='ltr' id='par_1_8' title="bbox 134 3297 1409 3418">
     <span class='ocr_line' id='line_1_29' title="bbox 134 3297 1409 3418; baseline 0.002 -24"><span class='ocrx_word' id='word_1_314' title='bbox 134 3337 209 3395; x_wconf 82' lang='lat' dir='ltr'>knns</span> <span class='ocrx_word' id='word_1_315' title='bbox 228 3340 259 3394; x_wconf 80' lang='lat' dir='ltr'>st</span> <span class='ocrx_word' id='word_1_316' title='bbox 276 3338 388 3418; x_wconf 68' lang='lat' dir='ltr'>krnss</span> <span class='ocrx_word' id='word_1_317' title='bbox 416 3357 420 3368; x_wconf 92' lang='lat'>·</span> <span class='ocrx_word' id='word_1_318' title='bbox 454 3297 501 3394; x_wconf 52' lang='grc' dir='ltr'>’Β</span> <span class='ocrx_word' id='word_1_319' title='bbox 521 3339 590 3410; x_wconf 83' lang='lat' dir='ltr'>quis</span> <span class='ocrx_word' id='word_1_320' title='bbox 608 3359 630 3394; x_wconf 84' lang='grc' dir='ltr'><strong><em>ω</em></strong></span> <span class='ocrx_word' id='word_1_321' title='bbox 649 3298 708 3410; x_wconf 81' lang='lat' dir='ltr'>qun¹</span> <span class='ocrx_word' id='word_1_322' title='bbox 725 3341 791 3397; x_wconf 88' lang='lat' dir='ltr'>BP</span> <span class='ocrx_word' id='word_1_323' title='bbox 888 3297 1063 3394; x_wconf 52' lang='lat' dir='ltr'>debentur</span> <span class='ocrx_word' id='word_1_324' title='bbox 1079 3338 1110 3394; x_wconf 94' lang='grc' dir='ltr'><strong><em>Β</em></strong></span> <span class='ocrx_word' id='word_1_325' title='bbox 1199 3339 1360 3412; x_wconf 79' lang='lat' dir='ltr'>ponabntur</span> <span class='ocrx_word' id='word_1_326' title='bbox 1380 3339 1409 3395; x_wconf 89' lang='lat' dir='ltr'><em>P</em></span> 
     </span>
    </p>

    <p class='ocr_par' dir='ltr' id='par_1_9' title="bbox 134 3417 1475 3736">
     <span class='ocr_line' id='line_1_30' title="bbox 135 3417 1475 3492; baseline 0.002 -19"><span class='ocrx_word' id='word_1_327' title='bbox 135 3425 151 3473; x_wconf 82' lang='grc'>9</span> <span class='ocrx_word' id='word_1_328' title='bbox 169 3419 292 3488; x_wconf 70' lang='lat' dir='ltr'>sonum</span> <span class='ocrx_word' id='word_1_329' title='bbox 309 3418 402 3490; x_wconf 69' lang='lat' dir='ltr'>figura</span> <span class='ocrx_word' id='word_1_330' title='bbox 420 3417 441 3474; x_wconf 83' lang='lat' dir='ltr'>G</span> <span class='ocrx_word' id='word_1_331' title='bbox 461 3417 596 3492; x_wconf 84' lang='lat' dir='ltr'>deceptos</span> <span class='ocrx_word' id='word_1_332' title='bbox 671 3426 704 3476; x_wconf 87' lang='lat'>10</span> <span class='ocrx_word' id='word_1_333' title='bbox 723 3437 744 3492; x_wconf 79' lang='lat' dir='ltr'>g</span> <span class='ocrx_word' id='word_1_334' title='bbox 762 3421 860 3476; x_wconf 84' lang='lat' dir='ltr'>litters</span> <span class='ocrx_word' id='word_1_335' title='bbox 877 3419 1064 3476; x_wconf 70' lang='lat' dir='ltr'>Schmidcrua</span> <span class='ocrx_word' id='word_1_336' title='bbox 1081 3437 1196 3492; x_wconf 65' lang='lat' dir='ltr'>mamm.</span> <span class='ocrx_word' id='word_1_337' title='bbox 1217 3420 1266 3478; x_wconf 84' lang='lat' dir='ltr'>iot.</span> <span class='ocrx_word' id='word_1_338' title='bbox 1284 3437 1310 3476; x_wconf 92' lang='lat' dir='ltr'>o.</span> <span class='ocrx_word' id='word_1_339' title='bbox 1326 3419 1348 3476; x_wconf 86' lang='lat'><em>1</em></span> <span class='ocrx_word' id='word_1_340' title='bbox 1359 3437 1391 3492; x_wconf 88' lang='grc' dir='ltr'>ρ.</span> <span class='ocrx_word' id='word_1_341' title='bbox 1406 3426 1475 3488; x_wconf 74' lang='lat'>294,</span> 
     </span>
     <span class='ocr_line' id='line_1_31' title="bbox 134 3498 1474 3573; baseline 0.005 -18"><span class='ocrx_word' id='word_1_342' title='bbox 134 3498 207 3557; x_wconf 82' lang='lat' dir='ltr'>heac</span> <span class='ocrx_word' id='word_1_343' title='bbox 224 3499 324 3557; x_wconf 77' lang='lat' dir='ltr'>litters</span> <span class='ocrx_word' id='word_1_344' title='bbox 342 3499 394 3554; x_wconf 82' lang='lat' dir='ltr'>Pu</span> <span class='ocrx_word' id='word_1_345' title='bbox 414 3499 485 3556; x_wconf 73' lang='lat' dir='ltr'>haee</span> <span class='ocrx_word' id='word_1_346' title='bbox 504 3499 532 3554; x_wconf 85' lang='lat' dir='ltr'>.L</span> <span class='ocrx_word' id='word_1_347' title='bbox 551 3499 580 3554; x_wconf 89' lang='grc' dir='ltr'><strong><em>Β</em></strong></span> <span class='ocrx_word' id='word_1_348' title='bbox 658 3500 758 3558; x_wconf 86' lang='lat' dir='ltr'>iosdns</span> <span class='ocrx_word' id='word_1_349' title='bbox 777 3498 886 3573; x_wconf 70' lang='lat' dir='ltr'>pretias</span> <span class='ocrx_word' id='word_1_350' title='bbox 904 3499 933 3555; x_wconf 97' lang='grc' dir='ltr'><strong><em>Β</em></strong></span> <span class='ocrx_word' id='word_1_351' title='bbox 951 3499 1033 3556; x_wconf 81' lang='lat' dir='ltr'>fedus</span> <span class='ocrx_word' id='word_1_352' title='bbox 1052 3501 1183 3573; x_wconf 73' lang='lat' dir='ltr'>graeciae</span> <span class='ocrx_word' id='word_1_353' title='bbox 1204 3500 1232 3555; x_wconf 91' lang='lat' dir='ltr'><em>P</em></span> <span class='ocrx_word' id='word_1_354' title='bbox 1312 3507 1344 3557; x_wconf 89' lang='grc'>11</span> <span class='ocrx_word' id='word_1_355' title='bbox 1365 3506 1474 3562; x_wconf 83' lang='lat' dir='ltr'>camelo</span> 
     </span>
     <span class='ocr_line' id='line_1_32' title="bbox 134 3579 1473 3656; baseline 0.002 -17"><span class='ocrx_word' id='word_1_356' title='bbox 134 3581 233 3656; x_wconf 68' lang='lat' dir='ltr'>urso]</span> <span class='ocrx_word' id='word_1_357' title='bbox 251 3581 372 3650; x_wconf 71' lang='lat' dir='ltr'>[messe</span> <span class='ocrx_word' id='word_1_358' title='bbox 390 3579 541 3637; x_wconf 80' lang='lat' dir='ltr'>columneo</span> <span class='ocrx_word' id='word_1_359' title='bbox 559 3597 665 3639; x_wconf 79' lang='lat' dir='ltr'>aeneae</span> <span class='ocrx_word' id='word_1_360' title='bbox 737 3581 768 3638; x_wconf 89' lang='lat' dir='ltr'>in</span> <span class='ocrx_word' id='word_1_361' title='bbox 783 3579 866 3654; x_wconf 85' lang='lat' dir='ltr'>aede]</span> <span class='ocrx_word' id='word_1_362' title='bbox 886 3579 944 3637; x_wconf 82' lang='lat' dir='ltr'>id&#39;n</span> <span class='ocrx_word' id='word_1_363' title='bbox 957 3581 986 3636; x_wconf 91' lang='lat' dir='ltr'><em>B</em></span> <span class='ocrx_word' id='word_1_364' title='bbox 1004 3580 1034 3637; x_wconf 89' lang='lat' dir='ltr'>id</span> <span class='ocrx_word' id='word_1_365' title='bbox 1053 3585 1097 3639; x_wconf 80' lang='lat' dir='ltr'>est</span> <span class='ocrx_word' id='word_1_366' title='bbox 1115 3599 1133 3638; x_wconf 86' lang='lat' dir='ltr'>s</span> <span class='ocrx_word' id='word_1_367' title='bbox 1149 3580 1179 3636; x_wconf 92' lang='lat' dir='ltr'><em>P</em></span> <span class='ocrx_word' id='word_1_368' title='bbox 1190 3581 1256 3638; x_wconf 80' lang='lat' dir='ltr'>sedi</span> <span class='ocrx_word' id='word_1_369' title='bbox 1270 3601 1292 3637; x_wconf 86' lang='grc' dir='ltr'><strong><em>ω</em></strong></span> <span class='ocrx_word' id='word_1_370' title='bbox 1368 3589 1401 3638; x_wconf 76' lang='grc'>12</span> <span class='ocrx_word' id='word_1_371' title='bbox 1420 3602 1473 3656; x_wconf 85' lang='lat' dir='ltr'>pro</span> 
     </span>
     <span class='ocr_line' id='line_1_33' title="bbox 137 3661 1398 3736; baseline 0.002 -18"><span class='ocrx_word' id='word_1_372' title='bbox 137 3661 381 3736; x_wconf 79' lang='lat' dir='ltr'>Phsec]proo.</span> <span class='ocrx_word' id='word_1_373' title='bbox 400 3679 428 3733; x_wconf 87' lang='lat' dir='ltr'>p.</span> <span class='ocrx_word' id='word_1_374' title='bbox 448 3661 1092 3736; x_wconf 70' lang='lat' dir='ltr'>heeoBP‚sedssopuostua&#39;otBotittero,</span> <span class='ocrx_word' id='word_1_375' title='bbox 1113 3678 1165 3734; x_wconf 89' lang='lat' dir='ltr'>pro</span> <span class='ocrx_word' id='word_1_376' title='bbox 1184 3663 1398 3734; x_wconf 84' lang='lat' dir='ltr'>portahseen</span> 
     </span>
    </p>

    <p class='ocr_par' dir='ltr' id='par_1_10' title="bbox 133 3740 1475 3980">
     <span class='ocr_line' id='line_1_34' title="bbox 134 3740 1473 3819; baseline 0.002 -20"><span class='ocrx_word' id='word_1_377' title='bbox 134 3741 232 3815; x_wconf 77' lang='lat' dir='ltr'>posite</span> <span class='ocrx_word' id='word_1_378' title='bbox 256 3743 295 3799; x_wconf 83' lang='lat' dir='ltr'>sit</span> <span class='ocrx_word' id='word_1_379' title='bbox 317 3741 409 3800; x_wconf 82' lang='lat' dir='ltr'>BPo</span> <span class='ocrx_word' id='word_1_380' title='bbox 510 3743 564 3800; x_wconf 85' lang='lat' dir='ltr'>XII</span> <span class='ocrx_word' id='word_1_381' title='bbox 587 3745 717 3819; x_wconf 82' lang='lat' dir='ltr'>tabulae]</span> <span class='ocrx_word' id='word_1_382' title='bbox 741 3746 791 3816; x_wconf 78' lang='lat' dir='ltr'>lep.</span> <span class='ocrx_word' id='word_1_383' title='bbox 813 3740 889 3798; x_wconf 86' lang='lat' dir='ltr'>XII</span> <span class='ocrx_word' id='word_1_384' title='bbox 910 3741 966 3799; x_wconf 76' lang='lat' dir='ltr'>tao.</span> <span class='ocrx_word' id='word_1_385' title='bbox 990 3743 1037 3800; x_wconf 84' lang='lat' dir='ltr'>rel.</span> <span class='ocrx_word' id='word_1_386' title='bbox 1058 3743 1098 3801; x_wconf 87' lang='lat' dir='ltr'>ed.</span> <span class='ocrx_word' id='word_1_387' title='bbox 1119 3742 1226 3800; x_wconf 80' lang='lat' dir='ltr'>Schoell</span> <span class='ocrx_word' id='word_1_388' title='bbox 1244 3761 1275 3815; x_wconf 91' lang='grc' dir='ltr'>ρ.</span> <span class='ocrx_word' id='word_1_389' title='bbox 1295 3749 1352 3802; x_wconf 74' lang='lat' dir='ltr'>tt&amp;</span> <span class='ocrx_word' id='word_1_390' title='bbox 1442 3746 1473 3802; x_wconf 89' lang='lat' dir='ltr'>ni</span> 
     </span>
     <span class='ocr_line' id='line_1_35' title="bbox 134 3823 1475 3899; baseline 0.004 -20"><span class='ocrx_word' id='word_1_391' title='bbox 134 3826 249 3898; x_wconf 69' lang='lat' dir='ltr'>pagum</span> <span class='ocrx_word' id='word_1_392' title='bbox 270 3823 373 3884; x_wconf 82' lang='lat' dir='ltr'>BPo.</span> <span class='ocrx_word' id='word_1_393' title='bbox 401 3825 432 3882; x_wconf 86' lang='lat' dir='ltr'>ni</span> <span class='ocrx_word' id='word_1_394' title='bbox 455 3829 564 3899; x_wconf 81' lang='lat' dir='ltr'>prount</span> <span class='ocrx_word' id='word_1_395' title='bbox 585 3827 761 3884; x_wconf 62' lang='lat' dir='ltr'>audiendum</span> <span class='ocrx_word' id='word_1_396' title='bbox 784 3841 840 3883; x_wconf 86' lang='lat' dir='ltr'>esse</span> <span class='ocrx_word' id='word_1_397' title='bbox 860 3823 934 3880; x_wconf 77' lang='lat' dir='ltr'>uidit</span> <span class='ocrx_word' id='word_1_398' title='bbox 957 3825 995 3882; x_wconf 86' lang='lat' dir='ltr'>B.</span> <span class='ocrx_word' id='word_1_399' title='bbox 1014 3826 1043 3881; x_wconf 91' lang='lat' dir='ltr'>I.</span> <span class='ocrx_word' id='word_1_400' title='bbox 1062 3825 1099 3882; x_wconf 76' lang='lat' dir='ltr'>A.</span> <span class='ocrx_word' id='word_1_401' title='bbox 1119 3823 1270 3898; x_wconf 67' lang='grc' dir='ltr'>191ρῖ111111-</span> <span class='ocrx_word' id='word_1_402' title='bbox 1284 3845 1400 3898; x_wconf 65' lang='lat' dir='ltr'>mamm.</span> <span class='ocrx_word' id='word_1_403' title='bbox 1424 3829 1475 3886; x_wconf 85' lang='lat' dir='ltr'>lot.</span> 
     </span>
     <span class='ocr_line' id='line_1_36' title="bbox 133 3905 1472 3980; baseline 0.001 -18"><span class='ocrx_word' id='word_1_404' title='bbox 133 3923 159 3962; x_wconf 83' lang='lat' dir='ltr'>o.</span> <span class='ocrx_word' id='word_1_405' title='bbox 180 3905 203 3960; x_wconf 89' lang='grc' dir='ltr'><em>Ι</em></span> <span class='ocrx_word' id='word_1_406' title='bbox 215 3923 248 3978; x_wconf 89' lang='grc' dir='ltr'>ρ.</span> <span class='ocrx_word' id='word_1_407' title='bbox 267 3909 304 3962; x_wconf 76' lang='grc'>54</span> <span class='ocrx_word' id='word_1_408' title='bbox 406 3913 440 3964; x_wconf 72' lang='lat' dir='ltr'>it</span> <span class='ocrx_word' id='word_1_409' title='bbox 459 3908 537 3966; x_wconf 85' lang='lat' dir='ltr'>male</span> <span class='ocrx_word' id='word_1_410' title='bbox 555 3909 673 3980; x_wconf 80' lang='lat' dir='ltr'>qnidam</span> <span class='ocrx_word' id='word_1_411' title='bbox 694 3909 749 3964; x_wconf 84' lang='lat' dir='ltr'>Pc</span> <span class='ocrx_word' id='word_1_412' title='bbox 768 3907 878 3964; x_wconf 80' lang='lat' dir='ltr'>mutae</span> <span class='ocrx_word' id='word_1_413' title='bbox 898 3905 1014 3977; x_wconf 85' lang='lat' dir='ltr'>quidem</span> <span class='ocrx_word' id='word_1_414' title='bbox 1033 3907 1062 3962; x_wconf 91' lang='grc' dir='ltr'><strong><em>Β</em></strong></span> <span class='ocrx_word' id='word_1_415' title='bbox 1152 3923 1204 3978; x_wconf 88' lang='lat' dir='ltr'>per</span> <span class='ocrx_word' id='word_1_416' title='bbox 1223 3923 1239 3961; x_wconf 90' lang='lat' dir='ltr'>o</span> <span class='ocrx_word' id='word_1_417' title='bbox 1258 3908 1410 3966; x_wconf 81' lang='lat' dir='ltr'>enuntiant</span> <span class='ocrx_word' id='word_1_418' title='bbox 1427 3913 1472 3967; x_wconf 84' lang='lat' dir='ltr'>est</span> 
     </span>
    </p>

    <p class='ocr_par' dir='ltr' id='par_1_11' title="bbox 68 3986 1537 4062">
     <span class='ocr_line' id='line_1_37' title="bbox 68 3986 1537 4062; baseline 0.001 -18"><span class='ocrx_word' id='word_1_419' title='bbox 68 4023 76 4034; x_wconf 88' lang='lat'>-</span> <span class='ocrx_word' id='word_1_420' title='bbox 133 3988 211 4044; x_wconf 85' lang='lat' dir='ltr'>enim</span> <span class='ocrx_word' id='word_1_421' title='bbox 237 3987 434 4060; x_wconf 69' lang='lat' dir='ltr'>praepositum</span> <span class='ocrx_word' id='word_1_422' title='bbox 460 3989 522 4047; x_wconf 86' lang='lat' dir='ltr'>eins</span> <span class='ocrx_word' id='word_1_423' title='bbox 547 4009 570 4046; x_wconf 82' lang='grc' dir='ltr'><strong><em>ω</em></strong></span> <span class='ocrx_word' id='word_1_424' title='bbox 594 4007 647 4062; x_wconf 84' lang='lat' dir='ltr'>per</span> <span class='ocrx_word' id='word_1_425' title='bbox 672 4007 688 4048; x_wconf 91' lang='lat' dir='ltr'>c</span> <span class='ocrx_word' id='word_1_426' title='bbox 713 3989 882 4048; x_wconf 71' lang='lat' dir='ltr'>nunciantes</span> <span class='ocrx_word' id='word_1_427' title='bbox 907 3988 1099 4058; x_wconf 74' lang='lat' dir='ltr'>(nunctiantes</span> <span class='ocrx_word' id='word_1_428' title='bbox 1127 3987 1166 4058; x_wconf 91' lang='lat' dir='ltr'>P)</span> <span class='ocrx_word' id='word_1_429' title='bbox 1194 3986 1269 4044; x_wconf 87' lang='lat' dir='ltr'>enim</span> <span class='ocrx_word' id='word_1_430' title='bbox 1294 3988 1472 4061; x_wconf 83' lang='lat' dir='ltr'>prepositum</span> <span class='ocrx_word' id='word_1_431' title='bbox 1528 4002 1537 4012; x_wconf 91' lang='lat'><strong>·</strong></span> 
     </span>
    </p>
   </div>
   <div class='ocr_carea' id='block_1_7' title="bbox 133 4083 1474 4768">
    <p class='ocr_par' dir='ltr' id='par_1_12' title="bbox 133 4083 1474 4768">
     <span class='ocr_line' id='line_1_38' title="bbox 959 4083 974 4114; baseline 0 0"><span class='ocrx_word' id='word_1_432' title='bbox 959 4083 974 4114; x_wconf 67' lang='grc' dir='ltr'>δ</span> 
     </span>
     <span class='ocr_line' id='line_1_39' title="bbox 134 4121 1473 4198; baseline -0.001 -18"><span class='ocrx_word' id='word_1_433' title='bbox 134 4123 196 4180; x_wconf 85' lang='lat' dir='ltr'>eius</span> <span class='ocrx_word' id='word_1_434' title='bbox 218 4121 285 4179; x_wconf 89' lang='lat' dir='ltr'>BP</span> <span class='ocrx_word' id='word_1_435' title='bbox 374 4129 409 4181; x_wconf 77' lang='lat'>14</span> <span class='ocrx_word' id='word_1_436' title='bbox 432 4142 451 4182; x_wconf 77' lang='lat' dir='ltr'>e</span> <span class='ocrx_word' id='word_1_437' title='bbox 473 4131 539 4182; x_wconf 72' lang='lat' dir='ltr'>ante</span> <span class='ocrx_word' id='word_1_438' title='bbox 562 4128 652 4198; x_wconf 75' lang='lat' dir='ltr'>tango</span> <span class='ocrx_word' id='word_1_439' title='bbox 670 4143 723 4185; x_wconf 80' lang='lat' dir='ltr'>om.</span> <span class='ocrx_word' id='word_1_440' title='bbox 741 4127 831 4183; x_wconf 85' lang='grc' dir='ltr'><strong><em>ΒΡω</em></strong></span> <span class='ocrx_word' id='word_1_441' title='bbox 923 4129 957 4182; x_wconf 85' lang='lat' dir='ltr'>ut</span> <span class='ocrx_word' id='word_1_442' title='bbox 974 4125 1038 4182; x_wconf 87' lang='lat' dir='ltr'>dico</span> <span class='ocrx_word' id='word_1_443' title='bbox 1058 4123 1086 4179; x_wconf 91' lang='grc' dir='ltr'><strong><em>Β</em></strong></span> <span class='ocrx_word' id='word_1_444' title='bbox 1179 4121 1332 4180; x_wconf 83' lang='lat' dir='ltr'>credidisse</span> <span class='ocrx_word' id='word_1_445' title='bbox 1351 4121 1434 4179; x_wconf 89' lang='lat' dir='ltr'>nobis</span> <span class='ocrx_word' id='word_1_446' title='bbox 1452 4140 1473 4194; x_wconf 92' lang='grc' dir='ltr'>ρ</span> 
     </span>
     <span class='ocr_line' id='line_1_40' title="bbox 136 4203 1473 4282; baseline -0.001 -20"><span class='ocrx_word' id='word_1_447' title='bbox 136 4205 239 4262; x_wconf 84' lang='lat' dir='ltr'>deesse</span> <span class='ocrx_word' id='word_1_448' title='bbox 257 4207 288 4261; x_wconf 80' lang='lat' dir='ltr'>et</span> <span class='ocrx_word' id='word_1_449' title='bbox 305 4205 380 4261; x_wconf 74' lang='lat' dir='ltr'>hanc</span> <span class='ocrx_word' id='word_1_450' title='bbox 398 4206 514 4278; x_wconf 86' lang='lat' dir='ltr'>quidem</span> <span class='ocrx_word' id='word_1_451' title='bbox 533 4225 552 4282; x_wconf 89' lang='grc' dir='ltr'>ρ</span> <span class='ocrx_word' id='word_1_452' title='bbox 572 4206 678 4266; x_wconf 83' lang='lat' dir='ltr'>dixisse</span> <span class='ocrx_word' id='word_1_453' title='bbox 697 4209 761 4265; x_wconf 90' lang='lat' dir='ltr'>BP</span> <span class='ocrx_word' id='word_1_454' title='bbox 778 4208 887 4266; x_wconf 85' lang='lat' dir='ltr'>credidi</span> <span class='ocrx_word' id='word_1_455' title='bbox 906 4223 991 4278; x_wconf 77' lang='lat' dir='ltr'>saepe</span> <span class='ocrx_word' id='word_1_456' title='bbox 1009 4205 1090 4262; x_wconf 83' lang='lat' dir='ltr'>nobis</span> <span class='ocrx_word' id='word_1_457' title='bbox 1109 4222 1128 4277; x_wconf 88' lang='lat' dir='ltr'><strong>p</strong></span> <span class='ocrx_word' id='word_1_458' title='bbox 1152 4203 1251 4261; x_wconf 87' lang='lat' dir='ltr'>deesse</span> <span class='ocrx_word' id='word_1_459' title='bbox 1269 4205 1300 4259; x_wconf 80' lang='lat' dir='ltr'>et</span> <span class='ocrx_word' id='word_1_460' title='bbox 1318 4203 1391 4260; x_wconf 78' lang='lat' dir='ltr'>lasnc</span> <span class='ocrx_word' id='word_1_461' title='bbox 1409 4204 1473 4275; x_wconf 89' lang='lat' dir='ltr'>qni-</span> 
     </span>
     <span class='ocr_line' id='line_1_41' title="bbox 136 4283 1473 4362; baseline 0.002 -21"><span class='ocrx_word' id='word_1_462' title='bbox 136 4285 202 4342; x_wconf 81' lang='lat' dir='ltr'>dem</span> <span class='ocrx_word' id='word_1_463' title='bbox 221 4303 241 4358; x_wconf 89' lang='grc' dir='ltr'>ρ</span> <span class='ocrx_word' id='word_1_464' title='bbox 260 4284 388 4358; x_wconf 86' lang='lat' dir='ltr'>(quidem</span> <span class='ocrx_word' id='word_1_465' title='bbox 404 4286 425 4342; x_wconf 92' lang='lat' dir='ltr'>b</span> <span class='ocrx_word' id='word_1_466' title='bbox 446 4285 609 4362; x_wconf 61' lang='lat' dir='ltr'>Paeonius)</span> <span class='ocrx_word' id='word_1_467' title='bbox 628 4289 734 4348; x_wconf 87' lang='lat' dir='ltr'>dixisse</span> <span class='ocrx_word' id='word_1_468' title='bbox 758 4311 780 4346; x_wconf 83' lang='lat' dir='ltr'>n</span> <span class='ocrx_word' id='word_1_469' title='bbox 799 4295 825 4347; x_wconf 82' lang='lat' dir='ltr'>et</span> <span class='ocrx_word' id='word_1_470' title='bbox 845 4290 996 4347; x_wconf 58' lang='lat' dir='ltr'>Mustius</span> <span class='ocrx_word' id='word_1_471' title='bbox 1108 4293 1142 4344; x_wconf 81' lang='lat' dir='ltr'>to</span> <span class='ocrx_word' id='word_1_472' title='bbox 1165 4283 1308 4341; x_wconf 81' lang='lat' dir='ltr'>adiectum</span> <span class='ocrx_word' id='word_1_473' title='bbox 1331 4302 1349 4342; x_wconf 85' lang='lat' dir='ltr'>a</span> <span class='ocrx_word' id='word_1_474' title='bbox 1369 4284 1473 4357; x_wconf 84' lang='lat' dir='ltr'>Spurio</span> 
     </span>
     <span class='ocr_line' id='line_1_42' title="bbox 135 4363 1474 4447; baseline 0 -25"><span class='ocrx_word' id='word_1_475' title='bbox 135 4365 359 4429; x_wconf 70' lang='lat' dir='ltr'>cmuuoaovs</span> <span class='ocrx_word' id='word_1_476' title='bbox 378 4367 498 4424; x_wconf 77' lang='lat' dir='ltr'>formem</span> <span class='ocrx_word' id='word_1_477' title='bbox 516 4367 542 4424; x_wconf 79' lang='lat' dir='ltr'><strong>G</strong></span> <span class='ocrx_word' id='word_1_478' title='bbox 563 4369 679 4428; x_wconf 81' lang='lat' dir='ltr'>litterae</span> <span class='ocrx_word' id='word_1_479' title='bbox 703 4371 899 4444; x_wconf 78' lang='lat' dir='ltr'>praepositum</span> <span class='ocrx_word' id='word_1_480' title='bbox 918 4373 1061 4447; x_wconf 75' lang='lat' dir='ltr'>Seyseatus</span> <span class='ocrx_word' id='word_1_481' title='bbox 1089 4371 1107 4428; x_wconf 84' lang='lat' dir='ltr'>l.</span> <span class='ocrx_word' id='word_1_482' title='bbox 1126 4385 1149 4425; x_wconf 89' lang='lat' dir='ltr'>c.</span> <span class='ocrx_word' id='word_1_483' title='bbox 1255 4363 1391 4440; x_wconf 79' lang='lat' dir='ltr'>Carvilio]</span> <span class='ocrx_word' id='word_1_484' title='bbox 1412 4384 1474 4424; x_wconf 88' lang='lat' dir='ltr'>cor·</span> 
     </span>
     <span class='ocr_line' id='line_1_43' title="bbox 134 4447 1472 4519; baseline -0.001 -13"><span class='ocrx_word' id='word_1_485' title='bbox 134 4449 210 4508; x_wconf 72' lang='lat' dir='ltr'>tutio</span> <span class='ocrx_word' id='word_1_486' title='bbox 233 4465 305 4508; x_wconf 80' lang='lat' dir='ltr'>corr.</span> <span class='ocrx_word' id='word_1_487' title='bbox 329 4449 453 4506; x_wconf 69' lang='lat' dir='ltr'>umus</span> <span class='ocrx_word' id='word_1_488' title='bbox 475 4448 505 4505; x_wconf 97' lang='grc' dir='ltr'><strong><em>Β</em></strong></span> <span class='ocrx_word' id='word_1_489' title='bbox 530 4451 652 4508; x_wconf 71' lang='lat' dir='ltr'>unctio</span> <span class='ocrx_word' id='word_1_490' title='bbox 678 4451 707 4506; x_wconf 92' lang='lat' dir='ltr'><em>P</em></span> <span class='ocrx_word' id='word_1_491' title='bbox 729 4451 845 4510; x_wconf 75' lang='lat' dir='ltr'>Garutio</span> <span class='ocrx_word' id='word_1_492' title='bbox 869 4473 904 4508; x_wconf 80' lang='lat' dir='ltr'>os:</span> <span class='ocrx_word' id='word_1_493' title='bbox 928 4455 1049 4512; x_wconf 62' lang='lat' dir='ltr'>commit</span> <span class='ocrx_word' id='word_1_494' title='bbox 1071 4447 1256 4508; x_wconf 65' lang='lat' dir='ltr'>sautem</span> <span class='ocrx_word' id='word_1_495' title='bbox 1279 4464 1395 4519; x_wconf 76' lang='lat' dir='ltr'>prorum.</span> <span class='ocrx_word' id='word_1_496' title='bbox 1423 4449 1472 4504; x_wconf 81' lang='lat' dir='ltr'>lat.</span> 
     </span>
     <span class='ocr_line' id='line_1_44' title="bbox 133 4527 1469 4603; baseline 0 -17"><span class='ocrx_word' id='word_1_497' title='bbox 133 4531 193 4587; x_wconf 76' lang='lat' dir='ltr'>nl</span> <span class='ocrx_word' id='word_1_498' title='bbox 205 4549 237 4603; x_wconf 88' lang='grc' dir='ltr'>ρ.</span> <span class='ocrx_word' id='word_1_499' title='bbox 246 4537 308 4590; x_wconf 77' lang='lat'>270</span> <span class='ocrx_word' id='word_1_500' title='bbox 325 4529 387 4588; x_wconf 79' lang='lat' dir='ltr'>coll.</span> <span class='ocrx_word' id='word_1_501' title='bbox 404 4530 550 4588; x_wconf 66' lang='lat' dir='ltr'>Plutarch.</span> <span class='ocrx_word' id='word_1_502' title='bbox 570 4533 770 4602; x_wconf 65' lang='grc'>1111111111.</span> <span class='ocrx_word' id='word_1_503' title='bbox 786 4539 823 4590; x_wconf 77' lang='lat'>54</span> <span class='ocrx_word' id='word_1_504' title='bbox 886 4551 992 4592; x_wconf 82' lang='lat' dir='ltr'>nonam</span> <span class='ocrx_word' id='word_1_505' title='bbox 1010 4529 1171 4589; x_wconf 75' lang='lat' dir='ltr'>lormsmtl</span> <span class='ocrx_word' id='word_1_506' title='bbox 1189 4527 1305 4586; x_wconf 81' lang='lat' dir='ltr'>litterae</span> <span class='ocrx_word' id='word_1_507' title='bbox 1325 4530 1348 4598; x_wconf 93' lang='lat' dir='ltr'>(s</span> <span class='ocrx_word' id='word_1_508' title='bbox 1367 4528 1469 4586; x_wconf 78' lang='lat' dir='ltr'>literne</span> 
     </span>
     <span class='ocr_line' id='line_1_45' title="bbox 135 4610 1473 4686; baseline -0.001 -18"><span class='ocrx_word' id='word_1_509' title='bbox 135 4615 169 4684; x_wconf 83' lang='grc' dir='ltr'>ω)</span> <span class='ocrx_word' id='word_1_510' title='bbox 187 4613 383 4686; x_wconf 72' lang='lat' dir='ltr'>praepositam</span> <span class='ocrx_word' id='word_1_511' title='bbox 398 4612 453 4667; x_wconf 84' lang='lat' dir='ltr'>Pas</span> <span class='ocrx_word' id='word_1_512' title='bbox 466 4628 542 4670; x_wconf 87' lang='lat' dir='ltr'>none</span> <span class='ocrx_word' id='word_1_513' title='bbox 559 4611 681 4670; x_wconf 76' lang='lat' dir='ltr'>formem</span> <span class='ocrx_word' id='word_1_514' title='bbox 695 4631 717 4685; x_wconf 77' lang='lat' dir='ltr'>g</span> <span class='ocrx_word' id='word_1_515' title='bbox 735 4613 849 4672; x_wconf 73' lang='lat' dir='ltr'>litterae</span> <span class='ocrx_word' id='word_1_516' title='bbox 861 4614 1057 4686; x_wconf 75' lang='lat' dir='ltr'>praepositam</span> <span class='ocrx_word' id='word_1_517' title='bbox 1075 4610 1104 4665; x_wconf 91' lang='grc' dir='ltr'><strong><em>Β</em></strong></span> <span class='ocrx_word' id='word_1_518' title='bbox 1118 4616 1144 4666; x_wconf 83' lang='lat' dir='ltr'>et</span> <span class='ocrx_word' id='word_1_519' title='bbox 1158 4610 1312 4666; x_wconf 74' lang='lat' dir='ltr'>Putscha&#39;us</span> <span class='ocrx_word' id='word_1_520' title='bbox 1387 4615 1419 4666; x_wconf 80' lang='grc'>17</span> <span class='ocrx_word' id='word_1_521' title='bbox 1439 4613 1473 4667; x_wconf 82' lang='lat' dir='ltr'>ut</span> 
     </span>
     <span class='ocr_line' id='line_1_46' title="bbox 134 4690 1473 4768; baseline -0.003 -16"><span class='ocrx_word' id='word_1_522' title='bbox 134 4709 185 4752; x_wconf 75' lang='lat' dir='ltr'>oss</span> <span class='ocrx_word' id='word_1_523' title='bbox 204 4693 282 4764; x_wconf 90' lang='lat' dir='ltr'>BP,</span> <span class='ocrx_word' id='word_1_524' title='bbox 301 4693 367 4753; x_wconf 82' lang='lat' dir='ltr'>edd.</span> <span class='ocrx_word' id='word_1_525' title='bbox 386 4713 409 4748; x_wconf 85' lang='lat' dir='ltr'>aa</span> <span class='ocrx_word' id='word_1_526' title='bbox 454 4763 459 4768; x_wconf 29' lang='grc' dir='ltr'>Ι</span> <span class='ocrx_word' id='word_1_527' title='bbox 502 4697 536 4750; x_wconf 86' lang='grc'>18</span> <span class='ocrx_word' id='word_1_528' title='bbox 555 4692 602 4752; x_wconf 86' lang='lat' dir='ltr'>rel</span> <span class='ocrx_word' id='word_1_529' title='bbox 620 4711 671 4752; x_wconf 87' lang='lat' dir='ltr'>om.</span> <span class='ocrx_word' id='word_1_530' title='bbox 689 4693 729 4763; x_wconf 97' lang='grc' dir='ltr'><strong><em>Β,</em></strong></span> <span class='ocrx_word' id='word_1_531' title='bbox 746 4697 812 4754; x_wconf 84' lang='lat' dir='ltr'>odd.</span> <span class='ocrx_word' id='word_1_532' title='bbox 836 4697 891 4753; x_wconf 82' lang='lat' dir='ltr'>Poa</span> <span class='ocrx_word' id='word_1_533' title='bbox 993 4692 1081 4750; x_wconf 82' lang='lat' dir='ltr'>animi</span> <span class='ocrx_word' id='word_1_534' title='bbox 1099 4708 1233 4748; x_wconf 86' lang='lat' dir='ltr'>sonorum</span> <span class='ocrx_word' id='word_1_535' title='bbox 1251 4690 1279 4745; x_wconf 92' lang='lat' dir='ltr'><em>B</em></span> <span class='ocrx_word' id='word_1_536' title='bbox 1299 4691 1403 4748; x_wconf 76' lang='lat' dir='ltr'>animis</span> <span class='ocrx_word' id='word_1_537' title='bbox 1421 4709 1473 4748; x_wconf 82' lang='lat' dir='ltr'>sn·</span> 
     </span>
    </p>
   </div>
   <div class='ocr_carea' id='block_1_8' title="bbox 134 4781 1470 4942">
    <p class='ocr_par' dir='ltr' id='par_1_13' title="bbox 134 4781 1470 4942">
     <span class='ocr_line' id='line_1_47' title="bbox 134 4781 1470 4864; baseline -0.004 -20"><span class='ocrx_word' id='word_1_538' title='bbox 134 4784 287 4844; x_wconf 75' lang='lat' dir='ltr'>miswrnm</span> <span class='ocrx_word' id='word_1_539' title='bbox 306 4783 442 4864; x_wconf 80' lang='lat' dir='ltr'>Pauimi</span> <span class='ocrx_word' id='word_1_540' title='bbox 460 4800 558 4840; x_wconf 87' lang='lat' dir='ltr'>corum</span> <span class='ocrx_word' id='word_1_541' title='bbox 577 4804 599 4839; x_wconf 83' lang='grc' dir='ltr'><strong><em>ω</em></strong></span> <span class='ocrx_word' id='word_1_542' title='bbox 675 4789 708 4840; x_wconf 85' lang='lat' dir='ltr'>to</span> <span class='ocrx_word' id='word_1_543' title='bbox 727 4801 820 4858; x_wconf 87' lang='lat' dir='ltr'>seque</span> <span class='ocrx_word' id='word_1_544' title='bbox 832 4788 946 4844; x_wconf 82' lang='lat' dir='ltr'>rotenis</span> <span class='ocrx_word' id='word_1_545' title='bbox 960 4787 1004 4841; x_wconf 86' lang='lat' dir='ltr'>est</span> <span class='ocrx_word' id='word_1_546' title='bbox 1020 4784 1074 4839; x_wconf 81' lang='lat' dir='ltr'>Pu</span> <span class='ocrx_word' id='word_1_547' title='bbox 1094 4799 1184 4854; x_wconf 84' lang='lat' dir='ltr'>oeque</span> <span class='ocrx_word' id='word_1_548' title='bbox 1203 4781 1366 4852; x_wconf 84' lang='lat' dir='ltr'>quserends</span> <span class='ocrx_word' id='word_1_549' title='bbox 1385 4785 1429 4839; x_wconf 84' lang='lat' dir='ltr'>est</span> <span class='ocrx_word' id='word_1_550' title='bbox 1441 4781 1470 4838; x_wconf 92' lang='grc' dir='ltr'><strong><em>Β</em></strong></span> 
     </span>
     <span class='ocr_line' id='line_1_48' title="bbox 187 4867 492 4942; baseline -0.013 -16"><span class='ocrx_word' id='word_1_551' title='bbox 187 4868 295 4942; x_wconf 69' lang='lat' dir='ltr'>posu]</span> <span class='ocrx_word' id='word_1_552' title='bbox 315 4867 407 4940; x_wconf 75' lang='lat' dir='ltr'>possit</span> <span class='ocrx_word' id='word_1_553' title='bbox 425 4885 444 4924; x_wconf 74' lang='grc'>1</span> <span class='ocrx_word' id='word_1_554' title='bbox 463 4868 492 4922; x_wconf 81' lang='lat' dir='ltr'><em>P</em></span> 
     </span>
    </p>
   </div>
   <div class='ocr_carea' id='block_1_9' title="bbox 0 0 1810 5482">
    <p class='ocr_par' dir='ltr' id='par_1_14' title="bbox 0 0 1810 5482">
     <span class='ocr_line' id='line_1_49' title="bbox 0 0 1810 5482; baseline 0 0"><span class='ocrx_word' id='word_1_555' title='bbox 0 0 1810 5482; x_wconf 95' lang='lat' dir='ltr'> </span> 
     </span>
    </p>
   </div>
  </div>
 </body>
</html>
