3616 5482
564 415 567 422 Ι
607 330 657 388 un
677 301 973 392 onninamente
1399 332 1463 398 163

127 446 148 485 p.
161 435 224 478 229&
239 434 305 478 ΜΡ.

128 520 254 603 subesse
279 502 523 584 subauscultare:
547 519 701 584 interdurn
726 529 822 584 mutat
844 523 877 584 to
900 515 1028 582 sandeia
1052 516 1183 581 litteram
1208 537 1224 580 s
1249 539 1307 602 qus
1331 537 1464 601 sequens

127 629 249 695 inchoat
271 627 412 712 verbum,
440 637 476 692 ut
498 627 611 691 suliicit
641 629 767 693 suliudit
790 629 954 692 summovit
981 629 1203 690 sumministrat
1225 631 1370 710 supponit
1393 646 1463 710 sup·

126 740 231 822 primit
259 740 411 821 suggerit:
446 745 593 820 sequente
618 756 634 800 r
658 737 758 801 litters
787 741 904 818 integra
929 744 1044 820 manet,
1072 745 1106 800 ut
1129 734 1261 799 subrado
1290 735 1464 818 subremigo

127 847 286 931 subrideo,
313 867 370 913 nec
398 865 541 930 simquanr
571 855 717 928 sequente
746 863 763 908 r
789 845 891 909 littera
918 847 1133 928 corrumpitur.
1180 844 1199 908 b
1227 847 1258 908 in
1272 847 1302 908 's
1331 852 1465 908 mutatur

101 955 326 1038 esequeotibue
350 965 362 1019 t
385 968 416 1020 et
440 975 470 1040 c,
493 964 528 1018 ut
551 954 676 1018 sustulit
699 941 869 1038 suscepit!

218 1064 262 1128 tie
292 1067 477 1148 praepositio
508 1072 560 1128 aut
590 1063 680 1148 plena
710 1065 742 1126 io
773 1062 1043 1146 compositionibus
1074 1066 1213 1148 ponitur,
1244 1072 1278 1128 ut
1294 1143 1298 1148 p
1312 1063 1464 1128 deducere

126 1173 337 1238 demonstrare
356 1173 535 1257 detrudere3
558 1181 610 1236 ant
629 1173 822 1255 correptione
842 1191 859 1234 e
878 1145 1004 1236 litterae!
1017 1175 1237 1256 corrumpitur,
1259 1182 1293 1236 ut
1312 1172 1464 1236 deorsum.

128 1301 198 1346 nam
222 1272 343 1366 qrr'srndo
366 1285 397 1346 io
421 1285 432 1344 i
456 1281 592 1345 litteram
613 1283 737 1364 transit,
762 1289 797 1345 ut
819 1289 867 1344 est

291 1397 373 1455 aera
397 1391 553 1456 dimovit
577 1389 815 1455 tenebrosum
841 1399 876 1452 et
900 1388 1059 1472 dispulit
1081 1389 1242 1476 umbras,
1293 1477 1294 1482 ἵ

89 1521 113 1560 sa
128 1517 195 1562 uon.
212 1509 260 1563 cst
283 1520 299 1563 a
324 1502 549 1594 praepositione
573 1497 624 1583 de,
648 1498 701 1562 sed
726 1497 787 1580 dis,
811 1508 845 1562 ut
869 1498 1003 1562 distraho
1028 1499 1178 1581 dispereo.

217 1608 270 1672 llis
289 1611 474 1692 praepositio
489 1627 504 1670 s
519 1617 665 1690 sequente
686 1607 816 1672 litteram
832 1626 847 1668 s
867 1626 927 1669 non
943 1610 1069 1684 amittit,
1090 1616 1125 1671 ut
1138 1607 1296 1692 disspici03
1311 1611 1464 1690 sequenti·

126 1714 184 1780 bus
217 1735 289 1780 rero
318 1715 510 1800 bdglm
535 1734 554 1779 o
579 1733 608 1811 r⁸
627 1717 751 1799 amittit,
784 1725 818 1778 ut
853 1699 1017 1778 dibucinat
1037 1714 1155 1780 diducit
1182 1714 1465 1798 digerit'dilaeerat

125 1825 259 1889 dlmoret
286 1826 417 1889 dinoscit
445 1824 549 1908 diripit
578 1817 748 1908 (interdum
771 1803 792 1884 's
820 1821 918 1886 littera
948 1831 1096 1904 sequente
1125 1843 1141 1887 r
1170 1825 1201 1886 in
1231 1823 1357 1888 eandem
1386 1825 1465 1889 litte·

126 1952 190 1996 ram
207 1942 369 2018 ,mutatum
397 1943 432 1998 ut
460 1925 646 2019 dirrumpo);
675 1941 821 2014 sequente
851 1931 865 1992 l
891 1941 994 1994 nostra
1023 1931 1244 1996 consuetudine
1275 1934 1306 1996 io
1338 1933 1465 1998 eandem

90 2061 114 2104 ιι
128 2052 225 2107 mutat
247 2041 394 2127 litteram,
418 2051 452 2107 ut
475 2041 620 2106 diffundo.
874 2023 876 2026 ⁵

150 2165 164 2182 ·
217 2150 262 2214 lte
280 2152 465 2234 praepositio
480 2169 541 2213 oon
557 2158 675 2212 tantum
690 2149 777 2230 plena
792 2151 990 2231 praeponitur
1005 2148 1186 2231 quibusdam
1201 2150 1339 2234 partibus
1355 2156 1464 2216 oratio-

126 2261 187 2341 nis,
211 2270 246 2323 ut
270 2267 406 2323 removet
428 2259 554 2322 refricat
577 2261 721 2340 respirat,
745 2257 798 2320 sed
822 2266 854 2320 et
877 2257 895 2320 d
920 2257 1051 2321 litteram
1072 2235 1214 2344 assumit,
1238 2270 1273 2326 ut
1292 2271 1340 2325 est
1362 2261 1466 2325 redire

126 2367 273 2432 redolere.
312 2365 364 2430 sed
385 2367 538 2431 interdum
557 2366 575 2429 d
600 2365 674 2430 haec
694 2366 795 2429 littera
814 2368 999 2450 geminatur,
1023 2369 1165 2449 quotiens
1184 2368 1221 2432 ab
1241 2369 1347 2434 eadem
1365 2368 1466 2433 littera
1536 2431 1539 2438 .

126 2493 259 2558 sequens
282 2477 390 2558 incipit
413 2474 524 2558 syllaba
547 2483 578 2538 et
602 2492 661 2538 una
685 2492 756 2556 pars
780 2475 925 2537 orationis
950 2473 1103 2560 expletor,
1126 2484 1161 2540 ut
1183 2476 1312 2542 reddere
1337 2477 1466 2541 delusus

91 2588 279 2668 egeminata
301 2583 336 2668 d;
360 2585 507 2648 reducere
531 2595 632 2648 sutem
657 2581 787 2664 simplici
810 2583 934 2646 utimur.

217 2692 315 2756 Trans
334 2695 517 2777 praepositio
537 2693 691 2757 interdum
710 2691 798 2772 plena
818 2701 878 2774 est,
903 2701 937 2754 nt
956 2693 1111 2758 transtulit
1131 2671 1318 2760 trimactum
1342 2705 1464 2761 transeo

127 2805 287 2886 musitae,
311 2801 465 2866 interdum
489 2787 649 2882 minuitur,
675 2809 708 2862 ut
732 2800 833 2862 traicit
857 2799 998 2864 traducit.
1051 2885 1055 2894 ι

213 2907 815 2996 Sepraepositiointerdumassumptiooe
823 2907 1228 2996 litteraedcorrumpituput
1236 2913 1344 2977 seditio
1352 2914 1465 2979 sedulo.

219 3093 235 3143 6
254 3085 298 3142 De
316 3083 493 3158 praepositio
513 3082 569 3140 Vel.
589 3081 678 3153 Ionp,
699 3085 745 3149 64,
764 3086 801 3137 19
875 3087 909 3137 11
929 3081 980 3138 Dis
999 3085 1174 3156 praepositio
1194 3085 1251 3143 Vei.
1270 3087 1361 3162 Lassp.
1382 3095 1429 3159 65,
1449 3097 1466 3147 5

182 3174 217 3226 to
236 3167 278 3224 iis
296 3165 471 3242 praepositio
491 3165 548 3223 Vei.
562 3164 651 3236 Lossp.
672 3168 718 3231 65,
733 3167 773 3220 20
846 3167 880 3218 it
901 3161 993 3220 Trans
1012 3167 1187 3239 praepositio
1207 3168 1264 3227 Vei.
1279 3170 1368 3244 Loap.
1384 3176 1432 3240 66,
1447 3178 1466 3230 9

222 3318 236 3368 1
257 3312 472 3370 subauscultare
486 3327 556 3368 corr.
574 3306 789 3366 subobsoultare
802 3306 831 3361 Β
845 3307 1061 3366 subabseultare
1075 3310 1135 3368 Ao
1204 3315 1299 3371 mumt
1313 3313 1361 3374 sti
1372 3317 1467 3372 mota-

127 3395 174 3450 tur
191 3393 254 3450 AB
335 3400 352 3450 s
377 3391 506 3464 suffodit]
531 3387 641 3448 suiddit
654 3386 746 3443 ABG
762 3388 871 3460 suffigit
890 3405 919 3458 s,
939 3391 1056 3448 suffodit
1075 3393 1170 3462 Velius
1183 3393 1310 3466 Lampsos,
1330 3397 1468 3456 suffundit

128 3475 247 3534 Marias
271 3476 435 3534 Victoriam
448 3492 479 3547 p.
499 3479 546 3542 19,
564 3475 581 3528 3
670 3470 868 3529 subministrat
888 3471 912 3529 0
997 3480 1013 3530 b
1034 3475 1129 3530 cett
1150 3473 1174 3530 0
1248 3481 1267 3533 ’1
1288 3482 1467 3552 correptione

127 3556 276 3615 elitterae
294 3558 324 3614 A
343 3557 523 3630 corruptione
543 3555 624 3624 (corr.
639 3551 823 3623 'correptione
842 3553 880 3621 Β)
902 3552 1033 3611 elitiera
1050 3553 1110 3610 ΒΟ
1188 3558 1219 3612 ot
1238 3555 1352 3616 domum
1374 3560 1398 3617 0

128 3639 246 3712 taam]
271 3639 350 3710 Verp.
370 3639 441 3695 Asse
467 3636 563 3703 7839
639 3639 672 3688 10
692 3636 724 3690 ut
742 3633 870 3692 distraho
889 3635 1041 3708 dispertior
1058 3637 1092 3692 de
1110 3637 1229 3709 ortbopr.
1245 3655 1276 3710 p.
1296 3646 1382 3698 2333.
1412 3643 1469 3700 aaa

128 3721 257 3792 ecmpia
270 3720 492 3792 praepositionis
511 3717 555 3774 dis
567 3715 741 3788 mpteaencta
757 3718 936 3788 psammatiai
954 3717 1010 3787 bac
1021 3719 1154 3775 viderim
1167 3722 1308 3778 mamiato
1323 3739 1386 3793 csse,
1406 3741 1469 3781 cum

128 3801 212 3857 iniis
226 3817 298 3872 puae
307 3806 406 3873 postea
419 3802 453 3857 de
465 3801 518 3856 bac
528 3797 737 3870 praepositissa
751 3798 889 3853 adnotma
902 3803 970 3853 sant
982 3801 1090 3871 scripta
1105 3807 1200 3869 metm,
1214 3807 1247 3857 cst
1260 3820 1320 3858 eoas
1333 3807 1469 3876 septered-

128 3883 179 3941 bsss
201 3884 216 3939 t
241 3887 268 3938 et
290 3899 310 3954 p
333 3881 455 3938 litteram
478 3899 491 3936 e
516 3895 575 3936 nors
594 3879 719 3953 amittere
733 3877 916 3948 probaretur:
935 3880 971 3948 ci.
993 3879 1084 3938 Prisc.
1104 3882 1122 3936 t.
1143 3881 1228 3937 XIV
1240 3901 1272 3954 p.
1292 3890 1339 3953 56,
1358 3891 1395 3942 18

127 3963 254 4040 disperio
267 3963 296 4019 B
353 3969 384 4019 11
403 3961 453 4018 Dis
467 3959 640 4034 praepositio
656 3977 668 4014 s
683 3961 820 4029 sequente
834 3956 961 4014 litteram
976 3979 989 4016 s
1002 3976 1059 4016 non
1074 3961 1183 4019 amittit
1197 3967 1230 4026 at
1245 3963 1402 4036 dispiciant
1417 3965 1468 4022 Dis

125 4044 306 4120 praepositio
319 4045 480 4115 sequentes
495 4041 592 4099 littera
605 4056 661 4096 noo
676 4037 785 4095 amittit
799 4041 832 4094 ut
846 4038 964 4111 dispicio
975 4044 1056 4110 (eom.
1068 4040 1202 4114 disspicio
1212 4047 1236 4115 a)
1253 4045 1277 4100 0
1290 4047 1340 4102 liis
1349 4063 1468 4119 praepo-

127 4129 195 4188 sitio
204 4130 372 4200 sequentem
386 4125 536 4206 littarams
545 4139 603 4180 non
613 4121 722 4178 amittit
735 4123 768 4176 ut
782 4119 903 4192 dispicio
919 4123 1000 4192 (coss.
1011 4121 1158 4196 disspicio)
1167 4125 1210 4182 Be
1226 4128 1261 4196 ef.
1272 4143 1329 4182 esc.
1341 4127 1469 4184 Cascellii

78 4217 81 4222 ¹
125 4246 155 4300 p.
169 4233 251 4287 2316
322 4231 355 4283 13
375 4223 515 4297 dimovet]
538 4199 650 4278 ationis
666 4218 815 4276 Cdinoait
828 4219 856 4274 A
922 4227 957 4277 ts
973 4220 1003 4278 io
1018 4223 1136 4279 eandem
1151 4222 1279 4292 litteram
1294 4229 1422 4283 mutatur
1435 4233 1469 4284 ut

129 4311 278 4382 disrumpo
292 4307 321 4364 A
339 4307 369 4364 in
384 4306 505 4365 maciem
520 4309 602 4374 (corr.
617 4301 646 4357 in
662 4299 771 4372 sedem)
789 4301 889 4358 littera
903 4305 1032 4358 mutatur
1045 4306 1078 4360 ut
1091 4303 1237 4378 dirrumpe
1258 4306 1282 4362 0
1298 4307 1328 4363 in
1348 4310 1468 4366 eaodem

129 4391 258 4448 mam
276 4391 405 4446 mutatur
423 4389 457 4443 ot
476 4384 608 4456 dirumpo
626 4381 678 4441 Bc
769 4387 907 4453 sequente
926 4383 940 4438 i
956 4400 1023 4440 nam
1049 4387 1127 4454 (nsm
1146 4403 1197 4442 οιιι.
1218 4391 1245 4458 ς)
1265 4379 1468 4447 consuetudine

130 4471 257 4538 Anca,
276 4487 345 4528 uam
363 4472 500 4543 sequente
518 4468 533 4523 i
554 4461 757 4524 consuetudine
774 4461 888 4520 Garrioc
911 4465 1234 4538 efisuprcp.162,18
1310 4477 1342 4526 lb
1362 4471 1467 4545 mamb]

130 4557 258 4609 ruamur
281 4551 310 4607 A
395 4557 427 4607 tt
451 4544 634 4622 quibusdam]
658 4545 775 4615 qnidam
802 4545 826 4600 G
907 4554 940 4604 18
966 4549 1037 4604 haee
1061 4547 1079 4602 d
1102 4547 1201 4604 litters
1224 4548 1319 4608 Velius
1343 4553 1467 4624 Loesptts,

131 4633 149 4688 d
172 4631 273 4689 litters
297 4633 331 4688 de
353 4633 473 4704 ombapr.
497 4647 526 4701 p.
544 4632 620 4685 2344
694 4632 726 4681 21
759 4627 849 4684 Trans
870 4628 1014 4686 interdum
1037 4631 1212 4701 praepositio
1235 4633 1322 4703 plena
1339 4633 1398 4687 An

12 4711 13 4718 ’
131 4718 166 4768 it
186 4712 224 4769 Se
242 4713 418 4785 praepositio
437 4711 465 4767 A
486 4710 552 4769 Sine
570 4707 745 4782 praepositio
762 4709 857 4778 ntis,
882 4709 1107 4783 &praepositio
1129 4711 1198 4769 Par.
1278 4714 1469 4785 corrumpitur

132 4809 185 4850 oss.
204 4792 229 4848 0
300 4793 412 4863 sedulo,
431 4793 505 4864 quod
523 4791 584 4848 sine
602 4789 669 4846 dolo
689 4805 744 4845 ease
761 4791 909 4846 coiecerunt
927 4792 1117 4862 promtissimi,
1137 4808 1193 4863 pro
1212 4796 1334 4866 amplo
1348 4812 1467 4866 praepo·

79 4895 84 4902 ·
133 4877 245 4932 titionis
263 4891 321 4932 sorr
339 4879 463 4930 mutatae
477 4873 605 4943 possiem
622 4871 733 4927 videtur
752 4871 928 4941 Papirianae

1140 5025 1145 5031 .
1195 4968 1251 5042 ιι*
