3616 5482
302 343 368 412 134
850 338 1085 399 oasuouosu

301 545 368 598 erat
391 533 537 598 nominati
565 551 626 595 non
649 539 731 594 sunt
769 529 821 594 seri
847 529 1016 592 Cornutum
1040 537 1164 592 secutus
1189 538 1236 593 est
1263 548 1292 612 p.
1317 527 1405 595 2288
1429 528 1466 592 de
1490 548 1510 610 q
1534 527 1635 591 littera

299 653 331 708 et
354 662 382 726 p.
407 638 496 706 2289
521 639 558 704 de
583 661 598 704 ι
621 639 737 705 littera:
760 638 798 702 ci.
821 637 954 702 Cassiod.
978 655 1043 700 exc.
1066 656 1095 719 p.
1120 633 1210 702 2283
1234 645 1265 700 et
1288 634 1387 703 2288.
1425 655 1494 700 carm
1519 635 1635 700 Scauro

300 771 329 836 p.
354 748 455 836 25,1
488 751 683 814 consentiunt
713 766 790 832 quae
814 749 852 812 de
876 750 1027 830 scriptura
1051 750 1208 826 portubus
1231 745 1278 809 vel
1303 748 1448 826 portibus
1473 753 1635 828 praecepta

301 871 374 925 sunt
390 880 419 944 p.
435 857 534 924 2288.
572 857 753 922 Caesellium
772 874 880 940 parum
900 863 1041 920 accurata
1061 873 1077 918 a
1097 854 1287 918 Cassiodorio
1306 873 1334 936 p.
1349 851 1438 920 2318
1458 863 1635 938 excerptum

301 971 418 1034 ridetur
449 977 573 1032 secutus
604 985 671 1030 esse
699 985 729 1048 p.
752 963 841 1030 2288
870 963 908 1028 de
937 964 1162 1048 praepositione
1191 963 1239 1027 rel
1266 963 1409 1026 adverbio
1437 982 1507 1028 cum
1535 972 1566 1028 et
1597 964 1635 1027 de

302 1079 481 1162 pronomine
504 1079 642 1141 huiusce.
680 1075 839 1160 Papiniano
859 1073 1010 1138 debentur
1034 1091 1111 1155 quae
1135 1093 1163 1156 p.
1183 1069 1272 1138 2289
1297 1073 1334 1136 de
1358 1091 1465 1154 graeca
1488 1072 1587 1137 littera
1608 1081 1635 1150 ψ

301 1195 333 1251 et
356 1185 394 1252 de
419 1205 437 1249 o
460 1204 517 1269 pro
541 1203 560 1248 u
585 1184 622 1248 ab
651 1185 783 1267 antiquis
811 1185 909 1266 posita
938 1181 1096 1265 leguntur:
1126 1183 1164 1246 cl.
1189 1181 1321 1246 Cassiod.
1346 1201 1410 1246 exc.
1439 1200 1467 1264 p.
1491 1179 1578 1246 2291
1604 1191 1636 1245 ιι

302 1295 448 1360 Priscian.
472 1293 491 1357 l.
515 1293 527 1356 l
550 1313 580 1378 p.
603 1290 657 1376 21,
683 1289 734 1356 11.
772 1300 803 1357 et
832 1293 975 1374 quoniam
1003 1293 1034 1354 in
1065 1293 1218 1374 excerptis
1240 1289 1392 1372 Papiriaui
1420 1288 1531 1372 quibus
1555 1309 1636 1354 nunc

304 1405 419 1469 utimur
442 1402 536 1466 multa
564 1403 674 1464 omissa
703 1417 770 1463 esse
794 1409 927 1483 constat,
955 1398 1051 1463 iacilis
1074 1409 1121 1462 est
1150 1401 1324 1463 coniectura
1349 1409 1383 1468 ιιι
1406 1417 1440 1462 ea
1464 1399 1502 1463 de
1526 1397 1636 1482 quibus

303 1531 374 1577 cum
392 1507 616 1594 antiquioribus
635 1508 824 1592 auctoribus,
843 1507 954 1591 quibus
971 1507 1151 1591 Papirianus
1171 1527 1292 1590 quoque
1312 1527 1387 1572 urus
1406 1519 1485 1592 erat,
1508 1507 1636 1572 Valeria·

302 1639 361 1685 ιιιιιι
385 1622 538 1685 consentit
560 1618 597 1681 ab
621 1616 672 1682 ilio
695 1619 797 1700 potius
821 1635 911 1700 quam
935 1617 972 1679 ab
995 1617 1043 1681 his
1066 1619 1141 1700 ipsis
1165 1619 1258 1700 petita
1281 1635 1348 1680 esse
1373 1616 1541 1682 credamus.

392 1727 426 1792 ln
454 1730 492 1792 iis
521 1745 597 1810 quae
627 1745 663 1789 ex
687 1725 885 1808 Papiriano
913 1725 1039 1790 collecta
1067 1734 1140 1790 ιιιιιι
1167 1725 1295 1808 plurima
1324 1745 1393 1790 crim
1424 1726 1506 1790 Velio
1534 1725 1637 1810 Longo

305 1840 515 1921 consentiunt,
537 1854 628 1919 quem
652 1839 717 1918 lpse
741 1837 956 1918 grammaticus
976 1835 1136 1919 appellavit
1159 1855 1187 1917 p.
1207 1831 1297 1900 2292
1321 1834 1358 1898 de
1382 1855 1403 1899 ιι
1426 1836 1526 1900 littera
1545 1837 1637 1918 gerni·

303 1956 382 2010 nata.
419 1947 537 2029 reliqua
560 1963 637 2028 quae
662 1963 698 2007 ex
727 1943 808 2008 illins
838 1943 917 2008 libro
940 1946 1046 2027 petivit
1069 1947 1100 2008 in
1125 1947 1259 2027 margine
1284 1944 1420 2009 indicari.
1458 1946 1566 2010 sedin
1591 1944 1638 2009 his

174 2109 176 2112 .
304 2065 376 2120 sunt
403 2054 441 2119 de
470 2053 581 2137 quibus
609 2055 695 2137 plura
724 2055 755 2116 in
779 2053 930 2136 Papiriani
959 2055 1111 2136 excerptis
1142 2073 1232 2137 qnam
1263 2056 1294 2117 in
1318 2053 1412 2136 Longi
1441 2053 1518 2117 libro
1547 2072 1638 2136 quem

305 2183 387 2229 nrrno
411 2163 558 2227 babemus
583 2165 695 2246 scripta
718 2165 925 2248 inveniantur,
951 2165 982 2226 in
1017 2166 1124 2247 primis
1147 2163 1184 2226 de
1209 2163 1301 2227 verbo
1325 2183 1464 2228 narrare
1486 2183 1515 2246 p.
1540 2159 1638 2247 2290,
1662 2178 1672 2187 ·

305 2272 358 2336 ιι1ιΙ
381 2272 516 2336 additum
541 2281 589 2336 est
611 2291 723 2334 nomen
742 2270 899 2356 Varronis,
923 2273 1002 2354 quod
1027 2274 1106 2356 apud
1126 2273 1263 2356 Longum
1282 2292 1311 2354 p.
1326 2269 1414 2354 80,9
1436 2291 1496 2335 uon
1519 2271 1639 2355 legitur,

304 2389 335 2444 et
357 2381 395 2444 de
418 2377 695 2462 praepositionibus
719 2399 748 2462 p.
762 2376 853 2444 2292
867 2399 949 2463 sqq,
974 2379 1025 2444 ubi
1046 2391 1076 2444 et
1096 2386 1125 2444 in
1146 2383 1330 2465 praepositio
1350 2391 1419 2463 post
1437 2383 1477 2444 ob
1499 2389 1530 2444 et
1553 2397 1637 2462 prae·

302 2489 471 2570 positiones'
498 2507 532 2551 se
562 2507 623 2567 pro
654 2491 774 2552 circum
805 2499 878 2554 onte
910 2494 992 2554 inter
1019 2499 1090 2570 post
1124 2499 1213 2552 trous
1247 2491 1277 2553 in
1308 2489 1405 2572 Longi
1435 2489 1638 2572 disputatione

305 2615 334 2679 p.
358 2593 412 2680 60,
436 2593 457 2660 6
481 2615 545 2679 sqq.
570 2599 710 2660 omissae
723 2606 803 2660 ιιιιιι.
842 2617 859 2660 e
883 2597 996 2687 quibus
1019 2600 1156 2681 quaestio
1180 2598 1217 2660 de
1242 2599 1464 2681 praepositione
1488 2601 1520 2661 in
1545 2599 1637 2661 mani·

305 2707 381 2770 leste
410 2704 523 2770 codicis
552 2704 658 2769 lacuna
687 2706 791 2789 periit3
820 2705 956 2789 reliquae
984 2725 1106 2788 quoqne
1136 2707 1376 2788 praepositiones
1404 2705 1484 2768 baud
1514 2709 1576 2770 scio
1601 2725 1639 2768 an

304 2813 494 2897 neglegentia
522 2816 624 2896 potios
653 2832 759 2878 eorum
789 2817 841 2896 qul
869 2813 963 2898 longi
994 2812 1106 2878 librum
1134 2815 1364 2898 descripserunt
1396 2832 1486 2896 qnam
1514 2815 1640 2879 consilio

303 2924 491 3007 grammatici
523 2925 755 3005 praetermissae
789 2927 859 2987 sint.
909 2923 974 2987 aliis
1008 2932 1107 2987 tamen
1139 2923 1214 2987 loeis
1244 2922 1423 3005 Papirianae
1453 2925 1640 3006 antiquiores

304 3040 458 3113 auctores,
482 3049 498 3092 a
522 3029 634 3112 quibus
657 3030 830 3096 uberiorem
855 3035 992 3097 notitiam
1016 3042 1121 3115 petere
1145 3041 1278 3114 poterat,
1302 3031 1452 3117 adhibuit,
1477 3033 1510 3095 in
1534 3035 1641 3114 primis

303 3139 472 3203 Cornutum
503 3149 533 3202 et
562 3138 748 3204 Caesellium.
798 3161 815 3204 e
845 3139 956 3223 quibus
985 3139 1164 3203 Caesellium
1193 3160 1220 3223 p.
1250 3139 1339 3204 2292
1367 3141 1405 3203 de
1434 3142 1584 3224 scriptura
1613 3161 1640 3202 v.

306 3251 403 3312 hienis
426 3249 600 3311 nominavit.
638 3267 768 3330 cumque
792 3249 829 3313 de
853 3250 960 3314 eodem
984 3248 1130 3313 vocabulo
1154 3248 1259 3312 similis
1283 3251 1324 3312 sit
1345 3249 1510 3331 disputatio
1533 3250 1641 3314 Seatni

303 3377 331 3440 p.
356 3353 415 3442 21,
438 3354 459 3420 6
483 3366 520 3419 et
542 3354 596 3434 27,
623 3354 659 3441 8,
687 3360 835 3441 suspicari
863 3376 1026 3440 possumus
1054 3376 1090 3420 ea
1117 3375 1239 3439 quoque
1270 3373 1346 3437 quae
1376 3376 1404 3438 p.
1430 3353 1516 3420 2291
1546 3357 1584 3420 de
1612 3377 1640 3421 v.

303 3475 391 3544 tropa
420 3475 450 3528 et
479 3466 516 3528 de
540 3485 566 3528 v.
587 3464 743 3543 formosus
772 3467 914 3549 leguntur
938 3486 974 3528 ex
998 3467 1105 3530 eodem
1134 3465 1217 3528 ionte
1242 3464 1331 3528 ducta
1355 3483 1438 3528 esse:
1467 3483 1537 3527 nam
1565 3464 1640 3529 baec

306 3589 428 3653 quoque
448 3573 588 3638 similiter
607 3574 686 3658 apud
707 3574 855 3638 Scaurum
875 3575 893 3636 l.
909 3593 934 3638 o.
955 3577 1067 3657 scripta
1086 3584 1166 3638 sunt.
1204 3592 1274 3637 cram
1296 3575 1392 3656 ipsius
1411 3592 1482 3638 vero
1503 3573 1641 3638 Caeseiiii

305 3683 457 3762 excerptis
477 3701 504 3764 p.
521 3679 610 3747 2314
630 3685 824 3746 consentiunt
843 3703 879 3747 ea
898 3701 975 3765 quae
995 3684 1032 3746 de
1052 3681 1153 3745 verbis
1172 3699 1242 3746 cum
1262 3702 1302 3745 ex
1322 3685 1544 3766 praepositione
1558 3702 1639 3747 com·

305 3789 412 3871 positis
435 3807 464 3871 p.
480 3785 567 3854 2291
594 3794 707 3874 scripta
731 3799 811 3854 sunt.
849 3791 980 3873 denique
1004 3810 1040 3854 es
1066 3790 1192 3855 Cornuti
1217 3793 1367 3873 excerptis
1391 3811 1420 3873 p.
1436 3789 1525 3856 2286
1549 3809 1639 3874 quae·

280 3942 284 3952 .
306 3895 374 3958 dam
395 3915 455 3960 non
476 3899 600 3960 mutatis
621 3898 720 3962 rerbis
738 3900 867 3982 repetita
887 3909 959 3962 sunt
977 3899 1014 3962 de
1031 3899 1233 3981 adspiratione
1253 3918 1281 3981 p.
1297 3896 1383 3963 2291
1401 3910 1432 3963 ιι
1451 3900 1521 3984 dey
1540 3900 1640 3964 littera

304 4023 332 4087 p.
349 3999 453 4089 2292,
478 4015 512 4068 ut
533 4005 603 4088 alia,
626 4009 656 4070 in
676 4007 786 4089 quibus
806 4011 907 4070 minrrs
925 4017 1086 4071 accuratus
1105 4025 1273 4070 consensus
1292 4007 1539 4091 deprehenditur,
1559 4027 1640 4072 nune

305 4116 449 4177 omittam.
493 4122 617 4196 praeter
646 4115 700 4177 hos
730 4125 792 4178 tres
825 4125 980 4200 auctores,
1014 4135 1090 4198 quos
1118 4115 1297 4198 Papirianus
1327 4119 1358 4179 ln
1387 4127 1452 4180 arte
1481 4115 1640 4180 scribenda

305 4231 429 4286 secutus
457 4232 519 4305 est,
549 4222 698 4286 Donatum
728 4225 892 4287 nominarit
923 4245 952 4305 p.
976 4222 1075 4289 2292.
1121 4244 1188 4289 nam
1217 4227 1302 4289 Grati
1335 4225 1499 4309 artigraphi
1530 4243 1640 4289 nomen

306 4350 337 4411 p
351 4325 442 4393 2295
460 4329 540 4394 haud
559 4331 651 4395 dubie
671 4341 851 4414 corruptum
870 4343 934 4416 est,
951 4336 1087 4415 quamvis
1107 4344 1188 4398 certa
1208 4334 1379 4399 emendatio
1398 4345 1501 4417 parata
1517 4353 1576 4398 uon
1592 4336 1644 4398 sit.

396 4437 499 4521 ipsum
524 4439 675 4523 Papiriani
705 4440 815 4504 librum
845 4442 882 4504 de
907 4442 1119 4526 orthographia
1147 4445 1220 4526 legit
1243 4443 1429 4525 Priscianus,
1457 4445 1509 4526 qui
1533 4453 1641 4526 qnater

306 4549 373 4610 eius
392 4550 575 4611 mentionem
601 4529 686 4633 iecit,
709 4549 728 4613 l.
747 4549 759 4612 l
777 4568 807 4632 p.
827 4545 879 4632 27,
902 4547 944 4614 10
966 4555 1050 4615 uncle
1069 4553 1279 4616 Romanorum
1303 4570 1424 4629 quoque
1446 4555 1642 4615 vetustissimi

305 4659 337 4718 iu
356 4658 458 4718 miultis
478 4643 665 4721 dictionibus·
684 4662 750 4722 loco
770 4663 836 4722 eiras
855 4679 873 4722 o
894 4663 1034 4739 pontisse
1053 4664 1264 4737 inueniuntur,
1285 4662 1440 4740 poblicum
1461 4679 1521 4739 pro
1538 4662 1641 4740 publi·

305 4785 388 4843 erem,
412 4769 497 4845 qrtod
519 4775 651 4830 testatur
672 4771 862 4847 Papirianus
886 4771 924 4831 de
943 4770 1182 4850 orthographia,
1203 4771 1367 4849 pulchrum
1387 4788 1448 4849 pro
1464 4771 1641 4849 pulchrum,

305 4879 424 4956 comum
439 4895 500 4956 pro
521 4880 643 4956 culpam
663 4881 801 4942 dieentes
819 4885 849 4941 et
869 4877 1029 4941 Herculem
1046 4898 1107 4958 pro
1128 4879 1292 4943 Herculem
1297 4899 1309 4952 ,·
1330 4898 1358 4960 p.
1373 4874 1432 4961 31,
1450 4877 1465 4941 i
1487 4897 1507 4940 n
1527 4883 1643 4943 ιιαιιιιι
