3616 5482
302 271 369 338 104
915 275 1026 336 carot

301 385 323 424 ρ.
338 373 400 416 arn.
413 375 441 416 aa
454 374 480 416 r.

394 459 583 544 Nongentos‚
613 481 674 526 uon
701 473 868 527 noncentos
892 463 1054 528 dicendum
1078 475 1125 529 est
1148 465 1186 529 ab
1210 486 1332 552 norem,
1361 470 1518 552 nonagies,
1546 487 1638 532 nona·

301 570 397 652 gintm
421 588 482 632 non
507 575 702 635 nonacenta.'

466 678 629 760 castigavit
653 678 731 761 [me]
758 685 803 745 uti
825 682 921 768 dicas,
945 702 1006 770 nou
1030 685 1180 766 corripuit
1199 703 1255 746 me.

392 785 448 850 llic
477 787 575 851 lanius
605 807 714 851 nomen
745 799 805 872 est,
834 789 960 855 verbum
990 802 1090 854 autent
1119 791 1199 854 lanio
1226 789 1320 856 lanias
1350 791 1449 857 laniat.
1496 794 1638 858 dixerunt

302 905 402 960 tamen
427 907 546 960 veteres
570 905 601 960 ct
625 897 704 960 lanio
728 899 759 960 in
783 902 914 963 nomine.
1652 918 1666 959 ⁵

393 1005 503 1068 llostra
532 1024 617 1088 roca,
646 1025 707 1069 nou
737 1018 902 1088 prorostra.
948 1027 1016 1071 nam
1047 1003 1120 1091 ‘pro
1144 1004 1270 1072 rostris'
1293 1009 1374 1090 qnod
1398 1007 1527 1073 dicimus
1551 1005 1637 1073 ‘ante

303 1107 420 1174 rostra'
445 1113 608 1196 significat,
636 1123 670 1176 ut
694 1107 765 1196 ‘pro
795 1112 919 1179 muris'.
962 1119 1006 1179 sic
1030 1125 1135 1180 errant
1159 1121 1211 1200 qui
1233 1121 1393 1201 proscenia
1417 1117 1568 1201 appellant
1592 1118 1636 1198 [id

303 1231 350 1283 est
374 1219 509 1301 scenam]
534 1238 693 1302 operosam
717 1221 861 1286 fabricam
885 1243 921 1287 ex
946 1226 1071 1288 adverso
1096 1245 1213 1310 careae,
1239 1245 1316 1309 quae
1341 1227 1420 1310 apud
1444 1226 1576 1290 Graecos
1599 1227 1636 1289 de

304 1330 410 1392 ironde
441 1339 566 1392 ornatus
598 1328 782 1412 umbraeque
817 1352 907 1394 carisa
937 1333 1028 1396 liebat
1058 1343 1089 1396 et
1119 1333 1156 1396 ab
1186 1334 1305 1417 umbra,
1337 1353 1426 1416 quam
1457 1333 1637 1417 praestabat,

303 1456 394 1500 scena
422 1437 589 1500 dicebatur.
638 1439 716 1502 unde
745 1443 904 1521 proscenia
933 1445 1048 1505 rectius
1076 1443 1191 1526 pulpita
1221 1462 1298 1525 quae
1327 1453 1397 1507 ante
1421 1461 1543 1506 scenam
1566 1453 1638 1506 sunt
1654 1460 1682 1500 ro

303 1546 549 1629 appellabuntur,
573 1556 607 1609 ut
631 1542 795 1610 ‘veteres
819 1550 949 1612 ineunt
972 1554 1169 1632 proscenia
1191 1547 1297 1614 ludi'.

398 1653 526 1718 lnrersis
551 1657 642 1718 armis
666 1673 817 1738 pugnasse
837 1656 1019 1740 gladiatores
1038 1677 1099 1721 non
1119 1669 1166 1722 est
1185 1659 1356 1754 dicendum,
1379 1661 1433 1723 sed
1453 1663 1557 1742 versis,
1580 1660 1638 1722 boc

304 1773 352 1824 est
377 1767 597 1848 transmutatis3
621 1767 665 1828 sic
690 1783 746 1827 nec
770 1768 899 1829 int-'ersis
923 1769 1030 1848 pannis
1055 1770 1183 1848 agitasse
1208 1769 1342 1849 aurigas,
1366 1767 1419 1830 sed
1444 1769 1547 1830 versis.

394 1865 557 1936 ‘balneae'
591 1872 640 1936 die
671 1867 818 1958 ‘lavant’,
852 1892 912 1937 non
945 1874 1091 1938 lavantur.
1142 1875 1179 1938 ad
1212 1874 1351 1938 homines
1384 1885 1515 1957 utroque
1547 1875 1655 1939 modo'

303 1989 404 2062 potest
427 1983 495 2045 dici.
1652 2002 1680 2044 rs

468 2089 636 2174 Quadrigas
660 2096 753 2175 trigas
779 2092 863 2174 bigas
887 2092 1045 2175 pluraliter
1070 2093 1157 2178 eiier,

467 2209 623 2262 antemnas
647 2219 769 2283 quoque
793 2220 854 2264 non
878 2201 965 2263 aliter
991 2199 1037 2282 [a]
1061 2203 1171 2283 priscis
1195 2212 1375 2266 memoratas

306 2305 380 2388 [nisi
403 2305 511 2389 plurali
535 2307 701 2390 numero}
975 2305 976 2308 '

395 2414 506 2479 Cancer
530 2417 687 2480 masculini
711 2421 833 2499 generis
857 2437 978 2502 semper
1002 2419 1196 2500 singulariter
1220 2419 1341 2502 dicitur,
1365 2423 1395 2482 in
1421 2439 1481 2500 quo
1501 2419 1639 2482 homines

305 2535 500 2608 coercentur,
523 2524 683 2607 pluraliter
705 2545 777 2589 vero
802 2545 956 2610 carceres,
979 2527 1060 2590 unde
1084 2545 1195 2590 currus
1220 2528 1426 2591 effunduntur.
1653 2544 1682 2584 ao

396 2633 595 2717 Particlpium
619 2653 635 2696 a
658 2637 780 2698 nomine
806 2632 966 2716 tripliciter
989 2633 1183 2718 discernitur,
1206 2638 1445 2718 comparatione,
1475 2630 1480 2719 l
1509 2633 1638 2697 declina·

267 2771 269 2778 ·
305 2742 401 2824 tione,
425 2743 653 2823 significatione.

397 2925 411 2973 1
432 2917 600 2990 Nongentos
614 2935 671 2974 uon
687 2919 844 2974 nunoentos
861 2917 1014 2974 dicendum
1029 2921 1073 2975 eet
1087 2919 1125 2975 ab
1139 2935 1242 2975 nouem
1258 2919 1394 2990 nonagies
1412 2917 1570 2990 nonaginta
1583 2931 1640 2972 non

305 3002 466 3056 nonaoenta
479 2999 618 3071 nongenti
630 3016 687 3055 non
701 2997 854 3056 nonacenti
870 3000 908 3054 M
926 2999 1094 3071 blongentos
1115 3016 1171 3056 non
1187 3003 1255 3067 (non
1269 3016 1320 3055 orn.
1335 2999 1374 3070 Β)
1390 3001 1545 3054 noncentos
1560 2999 1640 3068 (non-

306 3081 408 3151 gentos
423 3097 493 3136 corr.
508 3083 663 3137 noncenton
680 3079 714 3151 0)
734 3081 771 3136 ab
790 3097 893 3136 nonem
908 3081 1045 3152 nonagies
1060 3079 1198 3152 nongenti
1211 3079 1370 3151 nonaginta
1382 3078 1453 3146 ΒΟ,
1472 3081 1639 3150 nongentos,

304 3179 362 3218 non
380 3164 541 3234 nungentos
561 3163 598 3218 ab
616 3179 718 3220 novem
738 3163 826 3221 Beda.
841 3181 873 3235 p.
889 3168 967 3218 2793
1040 3169 1122 3217 erne
1137 3163 1235 3231 priore
1254 3162 1312 3217 loco
1331 3159 1428 3216 aaut*
1499 3158 1639 3230 alaniae]

304 3243 397 3300 lenius
415 3243 444 3298 Β
519 3249 535 3299 t
555 3247 665 3300 veteres
686 3262 736 3300 om.
755 3245 815 3301 BG
877 3251 893 3299 t
913 3244 1017 3300 Rostra
1035 3257 1108 3300 nooa
1126 3259 1183 3298 non
1201 3260 1253 3314 pro
1272 3246 1364 3300 rostra
1383 3259 1450 3298 nam
1468 3257 1520 3312 pro
1539 3239 1639 3297 rostris

781 3339 861 3369 mim

305 3397 378 3449 quae
397 3379 518 3436 dicimus
539 3381 577 3436 M
594 3381 698 3438 Rostra
717 3383 783 3437 sunt
802 3382 877 3437 Nam
895 3395 948 3450 pro
967 3376 1066 3434 rostris
1085 3379 1162 3448 quod
1181 3377 1302 3434 dicimus
1322 3377 1349 3432 B
1374 3380 1467 3434 rostra
1485 3380 1551 3434 sunt
1573 3393 1640 3432 nam

307 3477 358 3531 pro
377 3460 479 3516 rostris
499 3461 575 3530 quod
595 3459 716 3517 &cimus
736 3461 760 3517 0
798 3481 801 3488 ·
831 3469 856 3517 7·
867 3461 909 3517 sio
923 3463 1019 3516 errant
1037 3459 1088 3530 qui
1106 3460 1273 3532 proscaenia
1288 3458 1437 3532 appellant
1455 3459 1547 3529 ipsam
1562 3475 1639 3514 eoae-

307 3558 382 3597 nam.
411 3558 478 3597 narn
493 3557 580 3612 opera
598 3540 739 3598 fabricata
754 3543 939 3600 exadversum
954 3556 1059 3596 careae
1075 3559 1147 3614 quae
1163 3541 1239 3612 apud
1254 3541 1376 3598 Graecos
1392 3540 1427 3595 de
1445 3539 1544 3595 ironde
1559 3555 1640 3596 orna·

307 3630 354 3682 tue
369 3623 543 3691 umbraeque
557 3638 643 3677 causa
656 3623 775 3694 fiebant,
795 3642 898 3682 scaena
913 3623 1088 3680 dicebantur.
1118 3625 1191 3678 unde
1206 3622 1312 3679 rectius
1327 3619 1453 3693 pulpita,
1472 3637 1523 3692 pro
1538 3635 1641 3676 scaena

307 3721 381 3777 quae
406 3707 486 3770 sunt,
509 3704 676 3774 proscaenia
694 3707 916 3777 appellabuntur
940 3705 1076 3760 Liecnerae
1095 3719 1164 3758 crarta.
1188 3703 1277 3760 Rten.
1304 3721 1329 3758 o.
1355 3703 1442 3758 XXI
1447 3700 1474 3756 V
1489 3706 1528 3764 (a.
1552 3705 1642 3770 1869)

304 3805 335 3858 p.
350 3791 389 3843 96
462 3785 575 3855 quiem.
592 3785 642 3852 M,
657 3788 721 3843 odd.
736 3787 796 3843 BC
864 3784 1075 3860 proacbeniaB
1148 3783 1317 3839 tiabricam
1334 3782 1640 3851 MGiabricanthp

380 3885 415 3924 ex
434 3865 567 3938 adverso]
592 3867 621 3922 et
650 3868 788 3926 aduersae
810 3873 847 3926 M
850 3872 878 3927 Β
886 3871 930 3940 Cp
1006 3873 1021 3922 9
1047 3868 1162 3920 ornatus
1182 3867 1356 3936 umbraeque
1376 3882 1462 3923 causa
1485 3863 1594 3920 fiebant
1612 3865 1642 3918 et

306 3952 343 4007 ab
367 3949 468 4006 umbra
492 3964 579 4018 quam
604 3950 771 4018 prestabant
794 3968 876 4007 soene
901 3951 1068 4006 dicebantur
1093 3947 1130 4000 Μ
1152 3952 1288 4004 ornantur
1311 3949 1429 4004 umbrae
1453 3963 1526 4018 quae
1554 3961 1641 4001 cauae

306 4031 413 4087 fiebant
432 4045 516 4085 scena
535 4029 648 4098 (scenae
666 4029 703 4101 0)
722 4031 890 4088 dicebantur
908 4031 966 4086 BG
983 4031 1120 4085 ornantur
1138 4028 1311 4098 umbraeque
1326 4045 1413 4085 cauea
1430 4029 1538 4084 fiebant
1557 4041 1642 4082 scena

306 4111 475 4167 dicebantur
490 4126 512 4180 p
583 4117 616 4167 10
638 4113 713 4167 unde
727 4113 831 4168 rectius
850 4111 963 4184 pulpita
982 4109 1130 4181 proscenia
1143 4125 1217 4178 quae
1232 4114 1298 4166 ante
1313 4127 1427 4166 scenam
1442 4108 1588 4179 (schenam
1601 4105 1641 4175 B)

307 4193 373 4248 sunt
392 4190 612 4262 appellabantur
632 4193 831 4264 (appellabant
851 4195 897 4262 nl)
919 4188 1019 4246 MBO
1039 4189 1114 4244 unde
1132 4189 1237 4244 rectius
1261 4191 1374 4261 pulpita
1398 4188 1547 4261 proscenia
1566 4202 1640 4256 quae

306 4277 373 4330 ante
388 4289 503 4329 scenam
518 4275 584 4327 sunt
598 4274 746 4344 proscenia
760 4275 1012 4347 appellabanturp
1079 4275 1109 4324 11
1131 4271 1255 4342 veteres]
1278 4270 1357 4342 Vcrg.
1376 4286 1466 4341 georg.
1487 4268 1530 4323 ΙΙ
1548 4271 1601 4323 381

309 4359 342 4409 12
358 4353 507 4411 estomtl
571 4355 620 4410 sed
639 4355 728 4412 uersis
747 4371 888 4428 pugnasse
903 4354 959 4409 boo
977 4351 1018 4420 tid
1033 4351 1066 4421 C)
1086 4353 1129 4406 eet
1147 4353 1344 4408 transmutatis
1357 4351 1418 4406 BC
1472 4355 1504 4405 1³
1521 4345 1639 4419 sionec]

308 4435 359 4491 sed
377 4453 429 4491 neo
448 4435 476 4490 Β
543 4442 577 4492 14
596 4436 775 4493 BalneaBt·
838 4435 924 4492 atad
944 4432 1073 4490 homines
1092 4432 1151 4488 BC
1213 4440 1248 4489 lt
1268 4431 1428 4502 Quadrigas
1447 4427 1640 4553 bigaeutriges

1515 4523 1527 4554 ῦ

1436 4525 1451 4554 ὓ

307 4569 455 4642 pluraliter
474 4570 502 4625 Β
567 4569 723 4627 efferuntur
736 4575 886 4628 antemnas
905 4571 954 4626 Bc
973 4570 1127 4626 clarentem
1142 4567 1238 4626 nasO
1301 4574 1332 4624 ta
1354 4565 1438 4622 aliter
1456 4565 1516 4637 pris
1535 4582 1641 4622 memo·

308 4649 431 4708 ratast*
494 4657 527 4707 18
548 4651 614 4724 nisi]
635 4669 722 4722 quam
736 4653 774 4723 B,
793 4651 885 4709 orn.O
949 4659 982 4707 19
1003 4652 1105 4708 Carcer
1123 4669 1235 4724 semper
1249 4649 1399 4706 masculini
1418 4647 1529 4719 generis
1545 4647 1640 4718 singu-

309 4732 408 4788 lnritcr
423 4731 528 4787 dicitur
541 4731 602 4786 BC
664 4739 696 4787 ‘21
717 4731 903 4805 Participium
918 4732 1070 4804 tripliciter
1085 4751 1103 4790 a
1117 4735 1232 4792 nomine
1246 4730 1417 4789 discernitur
1434 4727 1640 4802 significatione

310 4813 499 4872 declinatione
519 4814 721 4886 conparatione
741 4813 765 4871 Ο
