3590 5486
336 299 404 368 264
941 302 1066 362 REDAE

335 413 357 454 a.
371 403 432 446 van.
447 403 474 444 rs
488 401 514 446 r.
560 447 569 466 ,

425 487 521 552 inibo
541 498 572 552 et
594 489 655 554 dno
679 490 867 573 neutraliter,
891 491 995 555 ambos
1020 501 1050 556 et
1073 469 1150 556 duos
1175 492 1349 556 masculine.
1387 513 1447 558 non
1472 494 1546 558 nnlli
1571 505 1671 558 tannen

336 597 467 660 Graecos
491 601 590 662 secuti
614 598 719 665 dicuvvt
742 599 799 665 laos
821 601 882 664 duo
906 611 938 665 et
960 601 1017 664 bos
1040 599 1143 686 ambo,
1170 603 1242 684 qnia
1270 601 1314 666 illl
1342 593 1423 680 τοὺς
1447 597 1512 668 δύο
1536 613 1569 668 et
1591 596 1674 680 τοὺς

336 697 439 790 ἄμφω
463 706 582 772 dicunt:
608 706 756 792 Vergilius
778 702 898 795 (peorp.
924 704 1078 795 111188)

502 834 626 880 verum
650 816 711 882 u-bi
734 818 909 883 ductores
933 821 1010 883 acle
1034 823 1269 884 revocaveris
1292 819 1402 884 ambo.
1438 834 1445 846 ·
1643 903 1650 912 .

427 925 543 1008 lagnis
561 943 633 990 cum
651 927 692 991 sit
710 925 871 992 masculini
888 931 1019 1014 generis,
1041 928 1184 994 dixerunt
1204 937 1305 994 tamen
1324 939 1355 994 et
1373 930 1518 994 feminino
1537 927 1675 1012 Ovidius,
1704 949 1715 987 s

338 1032 432 1097 Varro
455 1036 624 1100 Atacinus·

428 1147 507 1208 Acer
531 1145 603 1208 lacit
626 1143 774 1228 pluralem
797 1146 874 1228 scri,
897 1147 976 1208 acris
999 1145 1147 1228 pluralem
1171 1165 1268 1210 acras.

431 1252 648 1332 Absconditus,
671 1271 733 1317 non
755 1252 932 1318 absconsus.

305 1409 308 1417 .
429 1361 513 1426 dlter
532 1362 569 1425 de
589 1361 822 1444 duobus,.nnua
841 1380 878 1424 ex
896 1360 1050 1445 pluribus,
1074 1365 1210 1444 quamvls
1233 1362 1367 1444 legamus
1388 1381 1468 1426 nnus
1488 1381 1525 1426 ex
1544 1363 1675 1428 dnobus.

430 1469 581 1534 Audacter
607 1470 735 1534 latinum
765 1479 824 1554 est,
856 1470 910 1534 sed
938 1471 1094 1534 audaciter
1121 1471 1244 1556 arelius,
1275 1474 1345 1554 quia
1375 1475 1495 1536 uomina
1524 1493 1543 1536 x
1574 1473 1675 1538 littera
1692 1491 1716 1529 ιο

340 1582 501 1644 terminata
529 1581 561 1642 iu
585 1577 735 1642 adverbiis
763 1581 822 1643 iter
846 1578 1023 1663 adsumunt,
1051 1589 1085 1642 nt
1113 1587 1199 1643 atrox
1222 1582 1375 1664 atrociter,
1393 1582 1492 1645 ‘ievox
1521 1585 1675 1647 iercciter.

430 1689 567 1751 Accersit
590 1690 643 1770 qul
665 1697 784 1766 evocat,
807 1690 935 1752 arcessit
957 1691 1011 1770 qui
1034 1688 1190 1766 accusati

431 1797 565 1861 Auernus
588 1795 685 1860 moles
708 1804 770 1880 est,
793 1797 923 1860 acerbus
947 1799 1118 1860 inmaturus
1141 1806 1194 1861 sut
1217 1814 1315 1880 asper.

432 1905 597 1970 Adlicimur
620 1903 736 1968 bonove
760 1914 792 1969 et
815 1905 973 1969 adficimur
995 1907 1114 1968 iniuria.

326 2095 336 2104 .
432 2014 565 2097 Apparet
588 2017 641 2096 qni
665 2015 794 2098 ridetur,
816 2014 942 2096 adparet
965 2015 1018 2096 qui
1041 2012 1230 2099 obsequitur,
1254 2033 1314 2077 non
1335 2015 1456 2097 repulse
1476 2019 1603 2100 ratione,
1623 2017 1675 2080 sed
1693 2030 1715 2070 1⁵

343 2121 537 2186 discernendi
559 2111 655 2204 gratia
679 2123 860 2188 intellectus.

433 2231 532 2294 Arbor
555 2250 645 2295 omne
669 2231 783 2313 lignum
807 2231 929 2314 dicitur,
953 2230 1077 2295 arbusta
1100 2249 1161 2298 non
1186 2234 1245 2295 nisi
1269 2233 1435 2297 irnctilera.

435 2341 552 2404 Avenae
567 2339 671 2404 sterile
687 2357 822 2424 germen,
842 2339 975 2404 habenae
990 2338 1157 2404 retinacula
1170 2340 1394 2406 iumentorum:
1418 2342 1475 2408 boc
1490 2341 1527 2405 de
1547 2342 1676 2406 babecali

231 2525 233 2529 Ι
344 2456 510 2532 pptestste,
533 2447 607 2513 illud
632 2447 669 2512 de
693 2448 862 2532 occupandi
885 2449 1026 2512 aviditate
1050 2447 1172 2512 dictum.

261 4725 265 4733 ·
354 4699 389 4749 23
404 4691 498 4748 locum
512 4693 612 4748 orodi
666 4696 701 4747 14
716 4688 1081 4762 deportare-bollerscnv.
1094 4689 1131 4743 Μ
1184 4692 1219 4742 ta
1235 4684 1390 4742 excederem

435 2556 585 2622 decidunt
607 2557 697 2640 mala,
721 2559 903 2639 contingunt
925 2556 1017 2639 bona,
1040 2558 1185 2620 eveniunt
1208 2566 1347 2639 utraque.
1691 2574 1715 2613 m

435 2668 607 2730 Advocatuv
629 2665 757 2730 daturus
785 2668 1001 2749 patrocinium,
1025 2674 1168 2730 evocatur
1196 2663 1391 2747 praebiturus
1415 2666 1610 2751 obsequium,
1633 2670 1694 2732 iu·.

346 2786 470 2841 vocatur
493 2785 704 2860 praestaturus
728 2776 880 2840 auxilium.
1234 2769 1241 2779 ’

436 2886 604 2968 Adportare
632 2893 680 2948 est
707 2884 819 2966 aliquid
848 2884 995 2968 adlerre,¹
1010 2894 1191 2968 conportare
1219 2885 1252 2947 lu
1281 2903 1375 2949 unum
1404 2885 1504 2950 locum
1530 2888 1679 2964 conferve,

347 2994 509 3077 deportare
534 2994 702 3086 deponere,
725 3004 886 3077 exportare
911 2994 1026 3058 tollere.

437 3104 635 3184 Agnoscimus
660 3120 737 3184 quae
760 3102 848 3166 nobis
869 3101 1058 3186 exciderant,
1081 3103 1293 3184 cognoscimus
1316 3105 1451 3184 ignorata
1476 3113 1507 3168 et
1529 3105 1634 3167 invisa.
1692 3116 1715 3158 ²⁵

438 3211 539 3275 ditum
563 3220 594 3274 et
617 3229 740 3274 sursum
763 3220 795 3274 et
817 3210 961 3274 deorsum
985 3209 1142 3291 significat.

438 3322 586 3402 aquatam
608 3323 763 3402 potionem
786 3329 870 3383 reete
893 3317 1022 3382 diclinus
1047 3335 1123 3400 qnae
1148 3337 1256 3400 aquam
1279 3317 1400 3383 aliunde
1423 3321 1565 3405 recipiat,
1588 3337 1680 3401 aquo·

349 3449 417 3493 snm
441 3439 542 3492 antem
565 3429 666 3496 locum
690 3432 743 3511 qni
767 3449 802 3491 ex
828 3449 860 3492 se
884 3445 993 3510 aquam
1017 3427 1131 3490 lnndat

439 3536 547 3600 Album
579 3533 703 3602 naturae
734 3547 850 3602 tantum
879 3547 938 3620 est,
969 3535 1131 3600 candidum
1160 3536 1337 3617 frequenter
1364 3546 1394 3599 et
1422 3537 1529 3600 studii:
1557 3549 1681 3602 suamet

350 3647 471 3729 corpori
495 3654 525 3709 et
549 3649 648 3710 animo
672 3647 854 3729 aliquotiens
877 3644 1060 3727 adsignatur.
1097 3643 1181 3707 albos
1205 3662 1288 3725 ergo.
1302 3643 1440 3726 capillos,
1464 3663 1587 3708 caruem
1612 3659 1715 3708 can-u

350 3755 451 3818 didam
474 3763 558 3818 reete
582 3753 719 3818 dicimus.

359 3895 362 3898 ·
441 3863 532 3927 Alvus
551 3866 685 3926 virorum
705 3873 788 3928 recte
808 3862 929 3946 dicitnr,
948 3875 1054 3926 uterus
1073 3861 1250 3943 mulierum,
1272 3870 1378 3926 ventor
1398 3863 1427 3925 in
1449 3872 1579 3944 vinoque
1599 3881 1681 3926 sexu.

442 3978 591 4056 deceptor
614 3982 645 4037 et
676 3975 834 4055 accipiter:
863 3971 1011 4054 Vergilius
1035 3973 1115 4033 enirn
1139 3973 1284 4053 accipiter
1307 3969 1394 4056 dicit,
1422 3969 1556 4034 anllius
1582 3980 1682 4034 atatem

353 4079 576 4165 ‘acceptoris
600 4091 636 4146 et
658 4077 846 4172 ungues'„
1607 4156 1612 4170 ι

444 4191 530 4275 Apud
554 4209 609 4274 per
632 4191 651 4254 d
676 4189 885 4272 scribendum,
909 4198 999 4271 caput
1021 4207 1077 4270 per
1101 4198 1127 4270 t,
1150 4191 1220 4270 quia
1244 4189 1316 4251 iacit
1339 4189 1455 4270 capitis.
1695 4201 1718 4241 u

351 4316 569 4328 -uu———nn

442 4363 546 4432 drevic
564 4361 618 4424 ado
636 4369 667 4423 sl
684 4383 737 4423 ona.
758 4366 796 4422 Μ
849 4363 936 4420 subi
953 4379 1004 4421 om.
1024 4362 1063 4419 M
1113 4362 1244 4420 doctores
1263 4361 1292 4416 P
1343 4359 1516 4418 sanemus
1536 4358 1683 4417 Obuiam

349 4467 380 4521 p.
394 4455 441 4518 90,
455 4454 502 4518 18,
521 4451 551 4504 et
569 4448 679 4505 sciolus
701 4447 738 4504 Μ
744 4446 801 4502 PL
856 4452 927 4502 lex
945 4444 1087 4517 pluribus]
1107 4443 1142 4500 da
1161 4443 1291 4515 pluribus
1310 4442 1337 4497 L
1374 4471 1381 4480 ·
1412 4447 1445 4497 10
1463 4441 1562 4498 littera
1580 4458 1632 4499 ova.
1648 4441 1685 4497 Μ

390 4536 423 4587 11
444 4529 590 4604 ferociter]
610 4529 750 4588 ueraciter
770 4528 799 4584 P
866 4534 900 4584 13
919 4543 1039 4583 aceruus
1056 4531 1172 4597 utroque
1191 4526 1250 4581 loco
1270 4523 1299 4579 P
1368 4526 1401 4578 1⁶
1425 4524 1548 4594 apparel
1568 4528 1684 4594 utroque

354 4613 411 4668 loco
431 4611 460 4666 P
527 4609 652 4684 regulari
671 4609 781 4666 radone
800 4608 827 4664 L
901 4614 934 4663 ts
953 4607 1116 4664 intellectus
1135 4605 1233 4663 canl.
1307 4609 1341 4660 18
1360 4602 1488 4739 Aqeuue]
1509 4619 1601 4660 suana
1620 4603 1649 4660 Ρ

354 4773 518 4846 ignorantia
533 4775 570 4829 Μ
625 4779 659 4828 28
673 4771 768 4828 locum
782 4788 817 4828 eo
832 4771 907 4841 qnod
922 4787 957 4826 ex
971 4770 1037 4826 seL
1093 4775 1127 4825 30
1143 4767 1298 4840 eorporeP
1348 4681 1489 4821 mg?
1523 4686 1684 4822 3138111ξέ3ῧέ

357 4856 393 4913 Μ
401 4854 459 4910 PL
513 4857 610 4910 autem
625 4870 707 4910 coma
723 4852 820 4911 heroic
836 4849 994 4924 acceptoris
1009 4851 1039 4908 el
1051 4867 1161 4922 ungues
1179 4849 1206 4904 L
1262 4853 1297 4904 35
1315 4847 1400 4918 Apud
1415 4877 1449 4890 -
1465 4845 1569 4918 cupitis
1582 4863 1634 4906 om.
1651 4847 1685 4902 Μ
