3616 5482
220 1575 403 1641 Cassiodorii
432 1586 574 1661 excerpta
603 1576 640 1639 de
670 1571 882 1658 orthographia
912 1593 970 1638 una
995 1593 1065 1638 otum
1090 1571 1204 1636 Scauro
1229 1583 1259 1636 ει
1284 1569 1396 1656 Capro,
1427 1570 1465 1633 de

128 1684 241 1768 quihus
265 1695 352 1748 antea
376 1684 492 1748 dictrtm
517 1693 577 1768 cst,
605 1685 717 1767 scripta
747 1693 819 1746 sunt
848 1686 879 1746 in
904 1683 1007 1747 codice
1031 1682 1213 1746 Bernensi
1236 1677 1313 1767 330
1337 1699 1415 1744 saec.
1439 1677 1467 1742 Χ

128 1789 312 1876 r.1—17*,
336 1797 447 1873 incipit
465 1797 615 1873 prologus
639 1794 819 1856 Cassiodori
840 1793 1003 1856 Senatorio
1025 1811 1120 1872 snper
1143 1792 1402 1870 orthographiam
1425 1789 1466 1852 ob

94 1961 98 1970 ,
128 1905 260 1980 ipsoex
282 1905 420 1978 antiquis
444 1905 604 1964 collectum
632 1901 705 1964 Cum
732 1905 814 1964 inter
837 1919 893 1964 nos
916 1919 981 1985 sqq.
1008 1910 1129 1984 praeter
1157 1899 1239 1963 hunc
1269 1907 1331 1962 tres
1361 1916 1466 1981 super·

128 2019 201 2090 sunt
229 2007 299 2072 libri
328 2008 433 2072 eadem
462 2009 526 2072 tere
556 2021 653 2074 aetate
682 2011 802 2094 scripti,
831 2007 995 2073 bernensis
1023 2005 1102 2090 243,
1131 2006 1339 2070 Bruxeliensis
1367 2003 1468 2089 9581,

129 2116 319 2181 Coloniensis
344 2114 402 2200 83,
426 2127 457 2181 et
480 2126 607 2199 quartus
632 2119 685 2199 qui
707 2116 755 2179 his
779 2100 932 2198 aliquanto
955 2119 1107 2180 recentior
1126 2125 1173 2180 est
1191 2115 1348 2180 Parisinus
1369 2111 1467 2179 tneo.

220 2225 254 2288 ln
279 2225 384 2288 codice
409 2223 588 2288 bernensi
612 2221 688 2287 243
712 2244 789 2288 saec.
810 2223 836 2286 X
859 2224 938 2288 liber
957 2225 1140 2289 Cassiodorii
1164 2224 1268 2289 ultima
1292 2224 1359 2286 eius
1382 2231 1468 2305 parte

129 2337 238 2399 amissa
273 2337 405 2416 scriptus
441 2342 488 2396 est
521 2321 541 2396 i.
568 2329 747 2418 10-19*,
782 2337 893 2413 incipit
920 2337 1071 2414 prolopus
1102 2335 1282 2397 Cassiodori
1308 2333 1470 2395 Sertotoris

128 2463 224 2524 super
247 2451 364 2521 ortogr.
392 2443 467 2504 Cum
498 2445 660 2506 internos
687 2474 724 2487 —
751 2461 780 2524 p,
804 2438 892 2506 2318
922 2462 964 2506 ea
988 2443 1153 2507 Prisciono
1179 2445 1386 2521 grammatico
1415 2443 1472 2518 qui

129 2562 235 2617 nostro
273 2561 409 2631 ternpore
443 2551 714 2630 Constantinopoli.
760 2551 818 2613 luit
851 2550 923 2613 olim
954 2550 1037 2614 Petri
1068 2549 1220 2635 Danielis,
1254 2551 1342 2614 cuius
1378 2567 1468 2611 mann

130 2661 278 2744 quaedam
297 2663 328 2724 in
347 2670 484 2723 extrema
503 2659 616 2722 codicis
638 2661 745 2741 pagina
765 2661 878 2742 scripta
898 2669 985 2722 sunt:
1008 2659 1045 2721 oi.
1066 2657 1168 2742 Hagen
1188 2657 1275 2722 catal.
1295 2657 1361 2720 cod.
1380 2656 1469 2721 Rern.

132 2789 159 2852 p.
184 2765 267 2852 283,
290 2767 395 2831 anecd.
420 2766 535 2830 llelret.
557 2785 587 2849 p.
612 2763 738 2829 CXLIX.

224 2876 366 2940 codicem
385 2873 682 2958 Bruxellensem,
705 2892 797 2957 quem
816 2877 880 2958 ipse
901 2893 961 2937 non
982 2875 1056 2958 aidi,
1075 2876 1129 2938 secl
1149 2894 1166 2938 a
1184 2875 1341 2939 Fridcrico
1361 2873 1470 2938 llaasio

132 3005 201 3049 cum
221 2986 354 3049 editione
374 2983 543 3048 Geueuensi
563 3003 588 3046 a.
606 2979 694 3047 1650
713 2981 855 3046 collatum
879 2982 1042 3066 habebam,
1065 2983 1193 3048 llaasius
1212 2985 1330 3048 ‹lecinto
1350 2985 1471 3048 saecurio

133 3095 246 3158 tribuit.
288 3097 319 3158 in
344 3094 479 3178 catalogo
503 3092 702 3157 bibliothecae
721 3091 926 3156 Bruxeliensis
951 3089 1122 3178 (catalogue
1146 3094 1200 3158 dos
1224 3096 1407 3159 manuscrits
1431 3093 1468 3156 tic

132 3205 158 3268 la
181 3203 388 3286 bibliotheque
413 3203 468 3266 des
492 3202 568 3265 datos
591 3201 628 3266 de
647 3195 843 3287 Bourgogne)
867 3221 892 3264 r.
913 3203 926 3266 l
946 3223 974 3286 p.
997 3200 1062 3267 192
1087 3201 1247 3268 undecimo
1274 3203 1395 3266 saeculo
1419 3203 1470 3266 act·

133 3313 286 3377 scribitur.
320 3311 504 3375 Cassiodorii
521 3310 600 3374 iiber
619 3312 752 3392 scriptus
767 3310 847 3373 esti.
866 3309 881 3373 l
899 3331 975 3396 sqq,
996 3316 1105 3393 incipit
1119 3307 1165 3392 ps.
1184 3313 1362 3404 Cassiodori
1375 3315 1471 3376 Senn-

133 3427 209 3485 ioric
237 3422 311 3484 Crem
334 3427 418 3484 inter
440 3439 496 3484 nos
519 3439 584 3502 sqq.
1062 3488 1067 3496 ,

223 3529 324 3594 cotes
358 3528 593 3594 coloniensis
627 3533 751 3594 inerunte
784 3531 903 3594 decimo
936 3531 1072 3615 saeculo,
1113 3541 1146 3594 ut
1179 3531 1253 3596 mihi
1285 3533 1383 3594 risum
1416 3542 1472 3612 est,

134 3643 267 3723 scriptus
290 3649 360 3722 post
383 3638 501 3700 boethii
525 3636 620 3701 libros
645 3639 681 3702 de
707 3639 896 3703 arithmetica
920 3639 1105 3704 cassiodorii
1130 3640 1376 3722 orthographiam
1401 3659 1471 3702 con·

134 3751 209 3813 tinet
229 3749 248 3812 i.
265 3743 434 3830 75-8ῖ*,
455 3744 615 3826 ponesotio
639 3747 804 3810 Casioclori
817 3747 978 3811 Seittttoris
1001 3749 1075 3810 Crito
1096 3753 1178 3811 irater
1197 3767 1252 3811 nos
1267 3767 1343 3832 sqq,
1362 3749 1470 3812 deinde

135 3855 241 3920 isidori
266 3857 516 3919 commentarium
540 3855 577 3917 tle
601 3855 816 3938 orthographia
840 3865 870 3919 et
895 3857 991 3920 Servii
1025 3859 1256 3922 centimetrum:
1284 3859 1322 3921 cl.
1346 3859 1416 3922 latii
1441 3869 1471 3922 ot

135 3967 333 4032 wattenbach
356 3967 465 4029 eccles.
488 3965 646 4048 metropol.
671 3965 773 4028 Colon.
798 3966 864 4030 cot.
888 3985 1039 4030 manuscr.
1064 3986 1093 4050 p.
1113 3964 1166 4031 29.

224 4075 326 4140 Codex
341 4075 534 4139 Parisinus
551 4071 639 4137 7495
653 4073 724 4136 olim
740 4074 857 4138 Claudii
871 4075 999 4140 Puteani
1013 4075 1095 4139 hunc
1114 4075 1225 4139 librum
1244 4079 1334 4138 tertio
1353 4075 1471 4138 decimo

135 4185 271 4268 saeculo,
297 4193 330 4248 ut
354 4183 427 4248 mitri
452 4186 547 4247 risum
568 4195 628 4268 est,
654 4187 801 4266 scriptum
821 4183 960 4268 praehet,
984 4188 1095 4264 incipit
1109 4182 1271 4263 praefatio
1294 4185 1473 4246 Cassiodori

136 4297 297 4360 motoris
324 4295 398 4356 Cum
428 4297 510 4356 iuter
537 4311 659 4356 nos-
688 4295 845 4370 contonat.
884 4297 1012 4372 explicit
1040 4295 1220 4356 Cassiodori
1241 4294 1404 4356 Sertnloris
1433 4295 1472 4354 cle

135 4406 309 4481 ortoprofin
332 4403 413 4465 liber
436 4421 478 4465 ex
501 4403 662 4465 duodecin
677 4387 850 4464 'auctorum
875 4406 1031 4482 opusculis
1055 4405 1234 4478 defloratus.

226 4509 287 4573 Setl
312 4528 348 4573 ex
373 4509 421 4573 his
445 4507 600 4574 codicibus
619 4507 804 4572 tiernensem
824 4504 890 4572 243
915 4508 1094 4592 pierumque
1119 4529 1190 4574 cum
1209 4509 1303 4572 altero
1323 4507 1472 4575 Beruensi

136 4621 379 4684 consentientem
397 4621 506 4682 inveni.
538 4618 693 4682 Parisinus
713 4637 849 4702 quoqug
867 4636 1049 4702 quamquam
1068 4621 1189 4701 saepius
1209 4638 1314 4682 errore
1334 4619 1471 4684 librario·

137 4746 204 4791 rum
223 4737 255 4794 et
273 4727 507 4812 interpolatione
526 4736 689 4810 corruptus
710 4738 769 4812 est,
789 4737 889 4792 tamen
907 4729 1032 4794 eandem
1052 4737 1166 4791 sectam
1184 4730 1332 4809 sequitur.
1366 4740 1471 4794 contra

21 4907 24 5002 t

22 5099 24 5172 t

21 4819 22 4874 i
139 4833 343 4902 linuellensis
366 4846 398 4900 et
422 4837 623 4921 coloniensis,
651 4839 705 4919 qui
733 4839 813 4902 inter
837 4857 869 4902 se
895 4841 934 4902 ita
959 4838 1072 4902 similes
1096 4831 1189 4922 sunt,
1211 4848 1245 4902 ut
1272 4858 1325 4902 eos
1349 4859 1384 4902 ex
1410 4859 1471 4902 uno

191 4959 352 4994 nuntiator
366 4959 454 4992 ternu
474 4960 519 4992 vn.
1151 4969 1154 4975 .
1236 4947 1253 4997 9
