3602 5482
534 294 539 304 ’
625 317 676 375 on
696 317 1020 380 onruoenaenm*

137 429 160 468 1³·
175 421 273 464 ΜΗ
286 423 313 462 P.

231 507 348 571 Turtur
372 518 403 570 et
426 508 593 572 masculino
616 527 729 591 genere
753 519 784 573 et
808 511 953 574 feminino
977 512 1141 594 profertur.

231 615 318 679 Tunc
342 619 488 698 temporis
512 617 687 682 adverbium
712 629 774 702 est,
798 629 861 682 tum
886 615 1037 701 ordinis!

229 724 326 807 Terga
355 725 513 789 homiuum
542 736 614 789 sunt
644 735 776 811 tautum,
810 727 1004 810 singulariter
1037 735 1171 810 tergum3
1205 740 1309 811 tergus
1344 731 1475 813 quadru-

134 834 268 917 pedum,
286 833 445 915 pluraliter
469 834 541 896 iacit
565 843 701 918 tergora,
724 837 754 898 id
780 812 834 899 est⁸
850 839 940 899 coria.

105 956 118 995 ⁵
229 942 382 1023 Tinguere
407 940 584 1025 dicendum,
608 960 668 1004 non
693 933 820 1026 tingere.

229 1051 398 1114 Temeritas
422 1053 487 1114 sine
512 1050 653 1134 consilio,
676 1053 800 1115 audacia
825 1065 893 1136 post
917 1055 1087 1118 consilium.

227 1160 440 1242 Temperantia
464 1162 648 1243 animorum,
674 1164 852 1243 temperatio
877 1181 995 1247 rerum,
1019 1165 1183 1244 temperies
1207 1183 1359 1228 aurarum.

227 1269 341 1352 Tapete
366 1271 475 1353 tapetis
500 1271 593 1351 tapeti
612 1289 629 1332 a
649 1272 741 1352 tapeti
766 1280 796 1332 et
819 1268 977 1351 pluraliter
1002 1274 1112 1353 tapetia
1137 1275 1283 1354 tapetium
1307 1275 1475 1356 tapetibus:
1505 1339 1509 1344 ,

133 1377 284 1460 Vergilius
313 1371 404 1464 (Aen.
437 1380 536 1442 VIIII
555 1371 637 1464 325)
667 1374 747 1460 ‘qui
777 1379 873 1440 l'orte
904 1379 1091 1461 tapetibus
1120 1375 1230 1444 altis’.
1274 1382 1327 1444 sed
1357 1395 1387 1446 et
1415 1384 1473 1447 hoc

92 1501 117 1538 ¹⁰
134 1495 271 1569 tapetum
294 1487 385 1550 huius
405 1489 498 1568 tapeti
521 1488 593 1551 huic
617 1495 732 1570 tapeto,
756 1486 914 1568 pluraliter
933 1488 1007 1550 haec
1035 1497 1134 1571 tapeta
1154 1497 1326 1572 tapetorum
1350 1497 1472 1575 tapetis:

133 1594 284 1676 Vergilius
308 1588 400 1680 (Aeo.
432 1590 603 1682 171277)

297 1706 478 1768 instratos
503 1716 604 1769 ostro
629 1705 793 1788 alipedes
817 1709 1005 1788 pictisque
1032 1711 1176 1790 tapetis.

131 1813 185 1874 sed
216 1823 247 1874 et
276 1812 441 1876 masculino
470 1834 582 1895 genere
611 1815 685 1877 dicit
714 1808 795 1899 (Aen
828 1816 929 1877 VIIII
947 1808 1029 1900 358)
1054 1811 1266 1898 ‘pictosque
1297 1816 1469 1900 tapetos'.

135 1973 143 1980 .
223 1920 337 2003 Turbo,
356 1925 382 1984 si
402 1925 441 1984 sit
460 1926 633 2006 proprium,
652 1922 805 1986 Turbonis
826 1925 909 2002 iacit,
929 1926 954 1986 si
975 1923 1202 2007 appellativum,
1222 1905 1362 1991 turbinis.
1400 1948 1469 1992 nam

92 2031 194 2091 resive
223 2039 346 2112 ventus,
375 2033 437 2093 sive
468 2050 528 2112 quo
562 2030 672 2093 ludunt
700 2033 801 2112 pueri,
835 2031 885 2093 lric
919 2025 1011 2094 vturbo
1041 2031 1165 2096 dicitur:
1201 2031 1349 2114 Vergilius
1378 2029 1468 2120 (Aen.

139 2139 203 2200 ΓΙ]
222 2132 307 2223 378)
333 2134 448 2201 ‘torto
473 2137 540 2200 sub
565 2135 720 2200 verbere
744 2133 880 2201 turbo'.

223 2245 372 2310 Tumulus
392 2258 422 2310 et
442 2256 562 2310 tumens
584 2245 672 2309 tellus
692 2257 723 2309 et
744 2265 829 2332 mons
854 2246 955 2310 brevis
975 2257 1006 2310 et
1025 2249 1200 2330 sepulcrum
1219 2269 1314 2332 aeque
1334 2263 1468 2318 vocatur.

222 2354 403 2439 Teloneum,
432 2375 492 2418 non
516 2355 707 2436 theloneum,
736 2355 765 2416 id
795 2364 842 2418 est
869 2375 925 2438 per
949 2366 961 2418 t
991 2356 1171 2440 simplicem,
1200 2377 1261 2420 non
1284 2363 1468 2442 aspiratione
1498 2373 1500 2378 ‘

129 2462 240 2526 addita.
278 2473 325 2526 est
349 2475 451 2527 autem
474 2477 583 2546 graece
607 2463 697 2546 telos,
721 2463 813 2528 latine
838 2463 972 2546 vectigal.

88 2587 115 2624 ²⁰
222 2571 321 2636 Tabes
331 2581 448 2636 tantum
459 2573 654 2656 singulariter
665 2574 786 2656 dicitur,
797 2573 966 2636 tendiculae
978 2583 1008 2634 et
1018 2571 1162 2636 tenebrae
1174 2585 1289 2639 tantum
1300 2553 1468 2660 pluraliter.

221 2679 443 2762 Vsquequaque
462 2685 545 2745 omni
565 2681 654 2744 modo
674 2683 836 2765 significat,
860 2699 915 2763 pru
936 2699 996 2761 quo
1018 2682 1049 2742 iu
1073 2680 1196 2762 psalmis
1220 2685 1250 2746 in
1274 2703 1384 2766 graeco
1404 2683 1467 2764 ἕως

128 2782 267 2872 σφόδρα
286 2790 422 2873 legimus,
441 2791 522 2873 quod
542 2791 761 2872 significantius
780 2791 870 2853 latine
892 2798 993 2871 potest
1012 2783 1123 2870 ‘usque
1142 2786 1238 2853 valde’
1258 2795 1463 2875 interpretari.

221 2897 259 2962 Vt
282 2897 457 2962 adverbium
481 2909 529 2962 est
552 2900 641 2962 modo
666 2903 812 2980 temporis
836 2908 867 2961 et
890 2899 1039 2979 signiticat
1061 2907 1236 2981 postquam,
1260 2901 1349 2965 modo
1372 2903 1465 2984 quali·

130 3009 201 3069 tatis
220 3017 251 3070 et
275 3008 423 3089 significat
447 3007 714 3090 quemadmodum,
738 3007 827 3069 modo
853 3005 976 3088 optandi
999 3016 1030 3070 et
1053 3008 1202 3087 significat
1226 2997 1350 3094 utinam,
1375 3012 1463 3075 modo

61 3127 114 3177 ‚²⁵
128 3116 258 3178 mirandi
292 3125 323 3178 et
352 3117 501 3198 significat
528 3136 546 3179 o
576 3134 681 3198 quam,
715 3115 804 3177 modo
833 3119 1007 3179 coniunctio
1036 3115 1177 3200 causalis,
1211 3109 1293 3202 (Iob.
1323 3119 1375 3196 17,
1404 3113 1465 3204 24)

128 3217 226 3285 ‘volo
250 3233 289 3286 ut
314 3223 375 3287 ubi
399 3243 463 3306 ego
488 3243 563 3286 sum
589 3234 624 3288 et
647 3217 820 3306 ipsi'sint
846 3219 1010 3288 mecum'.

220 3331 309 3394 Vacat
332 3332 423 3414 mibi,
444 3351 551 3414 graece
577 3325 744 3416 σχολάζω,
769 3351 841 3395 vaco
865 3332 984 3415 militia,
1007 3334 1177 3414 perlectum
1202 3337 1296 3395 vacui.

221 3440 333 3522 Vulgus
357 3444 459 3504 neutri
481 3444 603 3524 generis
628 3452 674 3504 est
698 3451 729 3503 et
752 3438 900 3522 pluralem
923 3460 1085 3504 numerum
1106 3461 1166 3503 nou
1190 3441 1293 3519 habet,
1318 3443 1371 3505 sed
1393 3443 1463 3506 Ver·

126 3549 219 3631 gilius
242 3560 273 3612 et
296 3549 460 3612 masculine
486 3550 609 3630 vulgum
634 3548 755 3631 extulit,
778 3541 868 3633 (Aen.
890 3550 930 3611 ΙΙ
950 3544 1007 3634 98)
1033 3545 1133 3611 ‘binc
1158 3569 1331 3631 spargere
1357 3570 1465 3614 voces

86 3661 163 3720 uin
189 3657 333 3741 vulgum
359 3653 572 3740 ambiguas'.

219 3765 275 3828 Vas
296 3769 378 3830 vadis
397 3770 518 3849 generis
539 3766 697 3828 masculini
721 3765 758 3827 de
779 3765 961 3849 vadimonio,
985 3786 1036 3828 vas
1056 3771 1134 3829 vasis
1155 3769 1256 3829 rreutri
1276 3769 1312 3830 de
1334 3770 1462 3834 vasculo.

220 3874 269 3936 Vis
294 3875 445 3956 duplicem
470 3875 560 3938 babet
584 3876 850 3957 significationem,
874 3885 904 3936 et
929 3878 1049 3938 virtutis
1074 3875 1226 3960 videlicet,
1253 3895 1329 3958 quae
1353 3897 1460 3958 graece

125 3977 273 4064 δύναμις
297 3983 420 4066 dicitur,
445 3995 476 4046 et
499 3984 673 4065 violentiae,
698 4003 775 4064 quae
799 4002 907 4064 graece
932 3983 990 4064 βία
1015 3993 1147 4047 vocatur.

218 4090 362 4154 vecordia
391 4101 423 4155 et
452 4095 535 4154 virus
564 4101 681 4154 tautum
705 4091 901 4172 singulariter
924 4093 1101 4155 offeruntur.
1124 4087 1128 4178 l
1150 4112 1257 4174 vepres
1282 4101 1312 4154 et
1336 4093 1461 4156 verbera

85 4216 110 4255 ³⁵
125 4214 155 4265 et
186 4203 301 4264 viscera
329 4221 390 4264 non
424 4199 536 4264 habent
564 4199 748 4280 singularem
778 4198 1010 4262 declinationem
1043 4204 1102 4264 nisi
1130 4211 1247 4264 tantum
1277 4201 1402 4266 verbere
1431 4216 1462 4268 et

103 4436 105 4440 ,
161 4429 169 4440 ,
216 4379 320 4450 atauo
339 4383 455 4448 utroque
474 4377 531 4432 loco
552 4375 581 4430 P
635 4373 789 4430 taudacio
806 4375 835 4429 Ρ
849 4373 998 4431 audacitas
1021 4376 1058 4430 M
1062 4373 1089 4430 L
1145 4377 1272 4447 8tapeti
1287 4378 1384 4447 priore
1403 4379 1461 4436 loco

124 4473 176 4513 om.
197 4455 265 4512 ML
320 4455 500 4529 blergilius
519 4457 569 4527 qui
588 4455 660 4512 sorte
679 4455 826 4526 tapetibus
845 4456 1017 4524 orn.sML‚
1038 4457 1149 4513 oddP
1204 4459 1461 4518 reomense

178 4536 319 4611 alipedes]
335 4537 422 4610 pedes
438 4538 467 4594 P
539 4535 645 4608 tapetis
665 4553 716 4590 om.
733 4534 762 4590 P
836 4543 868 4591 13
888 4536 960 4596 dicit
973 4540 1022 4600 eL
1041 4539 1191 4596 dicendum
1209 4540 1247 4595 M
1263 4539 1361 4596 datiuo
1382 4541 1410 4595 P

125 4618 274 4689 pictosque
292 4619 406 4690 tapetas
427 4617 575 4674 Charisius
595 4635 627 4688 p.
647 4622 696 4684 62,
715 4621 734 4672 6
805 4625 838 4673 14
863 4619 887 4675 si
910 4621 1116 4692 appellativum
1140 4619 1262 4677 turbinis
1281 4639 1332 4678 orn.
1353 4623 1459 4692 sm,

125 4698 236 4755 aad?
292 4699 562 4774 idtorto]totoP
619 4705 651 4754 19
671 4699 759 4771 telos]
778 4701 857 4756 telon
878 4700 947 4756 ML
1002 4707 1035 4756 21
1056 4718 1107 4773 pro
1127 4701 1196 4774 quo]
1216 4718 1267 4773 per
1285 4703 1362 4774 quod
1384 4703 1413 4758 P

75 4845 76 4848 Ἴ
125 4785 158 4836 22
176 4783 260 4852 potes
281 4781 310 4837 P
373 4789 407 4837 25
427 4799 443 4838 o
464 4788 529 4838 ante
547 4798 635 4850 quam
655 4796 705 4835 om.
726 4780 755 4836 P
816 4789 850 4838 at
869 4781 982 4838 malitia
1003 4783 1031 4837 P
1094 4782 1179 4838 uacui
1198 4782 1272 4838 PM
1288 4785 1391 4841 uocaui
1410 4785 1461 4844 aL

178 4869 211 4917 31
231 4863 327 4919 neutri
345 4881 397 4920 ova.
418 4863 503 4931 PM,
522 4863 588 4918 adel.
608 4861 656 4921 aL
729 4870 764 4918 35
784 4864 957 4936 singularem
976 4879 1026 4919 orn.
1049 4863 1087 4918 M
