3604 5486
212 1233 256 1298 Ex
285 1234 390 1298 codice
418 1232 644 1298 vindobonensi
671 1231 712 1299 16
741 1236 813 1298 olim
841 1234 984 1299 Bobiensl
1011 1243 1117 1299 octavo
1145 1235 1192 1298 rel
1222 1254 1302 1300 nono
1330 1235 1451 1300 saeculo

120 1345 237 1426 scripto
260 1346 292 1407 in
316 1343 459 1408 analectis
482 1345 685 1426 grammaticis
708 1340 992 1407 vindobonensthus
1016 1342 1096 1407 edita
1125 1353 1196 1408 sunt
1224 1345 1390 1426 fragmenta
1414 1343 1452 1407 de

119 1451 299 1516 accentibus
322 1473 350 1536 p.
377 1450 453 1536 142,
484 1453 521 1516 de
545 1451 654 1518 litteris
679 1473 747 1516 cum
772 1452 946 1515 delinitione
970 1453 1103 1534 partium
1130 1453 1204 1515 artis
1232 1455 1453 1537 grammaticae,

119 1564 172 1624 cul
198 1559 296 1643 Sergii
319 1579 431 1624 nomen
453 1563 677 1644 praescriptum
701 1572 748 1625 est
770 1579 799 1644 p.
826 1557 904 1645 tet,
934 1560 972 1623 de
1000 1559 1174 1624 nominibus
1202 1579 1273 1625 cum
1302 1563 1453 1644 excerptis
1481 1613 1485 1622 .

119 1671 295 1752 argumenti
317 1671 504 1752 grammatici
531 1690 560 1754 p.
584 1667 652 1735 205
676 1689 756 1754 sqq,
785 1669 822 1733 de
851 1671 984 1753 propriis
1008 1669 1181 1732 nominihus
1204 1690 1233 1752 p.
1257 1667 1333 1734 212.
1375 1689 1453 1752 quae

120 1780 289 1861 fragmenta
317 1781 349 1842 in
378 1778 483 1842 codice
511 1780 602 1842 variis
630 1779 705 1843 locis
739 1778 899 1843 distributa
933 1778 1091 1861 leguntur,
1124 1779 1143 1842 i.
1172 1775 1216 1842 tt
1250 1778 1288 1841 de
1320 1781 1454 1861 propriis

120 1886 311 1952 nominihus:
339 1889 359 1951 i.
383 1883 428 1952 49
457 1886 494 1950 de
523 1886 698 1951 accentibus
727 1897 796 1952 ante
825 1896 967 1970 excerpta
996 1887 1033 1950 de
1062 1889 1168 1950 metris
1196 1905 1322 1969 gramm.
1349 1886 1398 1950 lat
1426 1907 1452 1950 r.

119 1994 159 2058 vt
185 2015 214 2078 p.
238 1992 304 2060 617
328 2016 337 2059 :
360 1997 381 2060 l.
405 1992 450 2059 55
473 1996 511 2059 de
535 1995 673 2079 partibus
697 1999 771 2060 artis
800 1997 1010 2078 grammaticae
1040 2004 1072 2059 et
1099 1995 1137 2059 de
1166 1994 1276 2059 litteris
1304 2004 1375 2060 anto
1403 2014 1453 2059 ex·

119 2114 229 2187 cerpta
252 2102 399 2168 Victorini
422 2123 546 2187 gramm.
569 2103 619 2168 lat.
640 2124 665 2168 r.
685 2104 723 2168 vt
741 2125 770 2187 p.
790 2103 873 2189 xii,
897 2105 972 2169 anal.
990 2102 1114 2169 deob.
1131 2105 1226 2188 prael.
1244 2123 1273 2188 p.
1288 2103 1315 2166 x
1329 2125 1338 2168 ι
1353 2105 1372 2168 l.
1390 2101 1454 2168 156

120 2212 158 2276 de
180 2211 369 2296 nominibus,
388 2215 437 2276 cul
456 2214 536 2296 parti
554 2213 662 2276 deinde
682 2215 714 2276 in
733 2213 825 2277 altera
847 2213 982 2277 eiusdem
996 2207 1455 2295 membranaepaginai.156*

119 2330 153 2385 et
186 2323 218 2384 in
251 2339 286 2384 ea
316 2340 393 2404 quae
423 2339 493 2385 curu
520 2321 576 2386 hac
610 2321 753 2386 cohaeret
785 2323 804 2386 i.
836 2318 901 2387 159
929 2323 1196 2406 interpretationes
1229 2320 1375 2403 quaedam
1408 2319 1456 2383 vel

120 2429 240 2514 glossae
265 2429 482 2494 vocabulorum
505 2433 663 2494 maximam
687 2441 804 2514 partem
828 2429 865 2494 ad
888 2429 1067 2515 Vergilium,
1091 2429 1263 2515 Horatium,
1289 2427 1456 2514 Lucanum,

121 2538 309 2623 iuvenalem,
332 2557 445 2623 paucae
469 2539 616 2604 etiamad
637 2539 812 2604 Sallustium
830 2542 1019 2623 pertinentes
1039 2537 1193 2603 subiectae
1213 2547 1298 2623 sunt,
1321 2540 1359 2603 ci.
1379 2537 1455 2602 anal.

120 2645 250 2710 Vindob.
273 2649 379 2730 praei·
393 2667 421 2730 p.
440 2645 496 2730 itt,
520 2647 683 2711 Endlicher
702 2648 767 2712 cod.
787 2648 836 2712 lat
856 2647 927 2711 bibl.
946 2645 1032 2712 Vind.
1050 2668 1079 2731 p.
1099 2644 1175 2712 222.
1222 2666 1259 2710 ex
1283 2647 1331 2711 his
1353 2657 1455 2712 autem

120 2774 158 2818 ea
187 2773 265 2837 quae
285 2754 401 2818 ultimo
429 2753 496 2818 loco
525 2758 772 2840 commemorari,
803 2763 965 2839 propterea
993 2752 1074 2836 quod
1102 2753 1139 2817 ad
1173 2757 1454 2838 interpretationem

120 2866 227 2948 potius
245 2871 383 2926 veterum
403 2865 588 2946 scriptorum
607 2882 698 2946 ιιιιιιιι
716 2864 751 2927 ad
772 2865 996 2947 grammaticam
1016 2871 1113 2926 artem
1131 2873 1284 2946 spectant,
1302 2883 1318 2926 a
1337 2867 1454 2928 ratione

122 2972 247 3055 quidem
270 2972 362 3034 huius
386 2974 488 3054 operis
511 2972 608 3065 aliena
627 2980 714 3035 erant
733 3021 739 3036 .
759 2972 814 3035 sed
833 2973 975 3054 qnoniam
994 2971 1069 3034 haec
1088 2990 1210 3054 quoque
1230 2971 1267 3035 ab
1286 2971 1455 3037 editoribus

121 3083 277 3165 superiori
300 3082 380 3163 parti
403 3089 556 3162 umquam
580 3093 722 3164 excerpta
750 3083 921 3163 argumenti
949 3083 1138 3162 grammatici
1166 3083 1340 3146 continuata
1368 3093 1456 3145 erant

122 3209 224 3272 neque
243 3193 279 3252 ln
303 3188 417 3253 scholia
441 3199 614 3273 poetarum,
637 3208 714 3271 quae
737 3206 818 3251 nunc
839 3188 999 3272 babemus,
1022 3198 1144 3274 recepta
1163 3201 1248 3274 sunt,
1272 3209 1333 3253 non
1352 3194 1456 3275 putari

122 3317 160 3362 ea
183 3297 352 3362 omittenda
375 3316 458 3381 esse,
480 3301 661 3380 praesertim
685 3317 754 3361 cum
773 3315 834 3359 non
854 3297 949 3381 nulla,
973 3315 1050 3379 quae
1069 3301 1214 3361 memoria
1233 3298 1313 3363 baud
1332 3299 1455 3381 indigna

123 3415 212 3490 sunt,
235 3409 266 3469 in
285 3409 324 3469 iis
342 3408 543 3470 inveniantur.
583 3392 696 3469 versus
709 3415 882 3490 poetarum,
905 3404 942 3468 ad
961 3425 1039 3488 quos
1058 3407 1266 3471 adnotationes
1285 3407 1454 3491 adscriptae

124 3525 227 3600 erant,
250 3517 377 3579 maxima
401 3534 437 3577 ex
462 3525 548 3597 parte
570 3514 724 3598 diligentia
743 3513 1022 3578 vindobonensium
1042 3515 1194 3578 editorum
1212 3516 1336 3581 indicati
1356 3525 1456 3601 erant,

19 3637 36 3654 “
123 3643 239 3706 paucos
262 3627 327 3706 ipse
352 3622 462 3686 addidi.
508 3623 655 3685 lectiones
684 3622 799 3684 codicis
821 3620 979 3686 Bobiensis
1009 3642 1046 3685 ex
1071 3621 1293 3687 vindobonensi
1322 3626 1454 3690 editione

124 3734 262 3814 repetivi

348 4061 516 4133 INCIPIT
539 4059 599 4130 DE
626 4061 743 4130 tutu
767 4059 1067 4130 GRAMMATIGA
1091 4060 1238 4130 senen

143 4211 149 4226 .
164 4181 204 4225 nr
218 4181 255 4224 aa
268 4179 338 4224 rna

124 4194 142 4235 ¹>
217 4271 275 4332 Ars
298 4270 491 4351 grammatica
515 4269 666 4330 institutio
690 4267 840 4328 sermonis
858 4268 958 4348 periti
1001 4265 1074 4329 haec
1094 4265 1141 4329 his
1160 4265 1252 4330 rebus
1272 4268 1454 4348 continetur,

121 4377 251 4461 litteris,
278 4373 634 4460 syllabis,¹accentihus,
666 4361 809 4456 pedibus,
842 4371 908 4436 vltt
941 4373 1079 4457 partibus
1111 4377 1271 4460 orationis,
1301 4375 1456 4459 anomalis,

124 4489 222 4570 vitiis,
259 4486 379 4568 liguris,
416 4483 573 4560 clausulis,
611 4485 731 4568 metris,
769 4482 961 4567 etymologia,
998 4484 1225 4568 orthographia,
1267 4487 1454 4567 expositione

217 4659 247 4716 Β
264 4661 349 4718 codes
368 4659 531 4726 Bobiensis,
549 4675 626 4716 nunc
650 4657 927 4715 vindobonensem

217 4743 338 4800 ecditio
363 4741 584 4800 Vindoboneruis
1438 4807 1442 4814 ⁴

162 4912 182 4963 ⁴
200 4823 393 4964 abab-'mli'
406 4841 424 4880 e
438 4822 564 4880 anomali
575 4866 582 4880 .
592 4840 626 4878 ns
644 4823 681 4894 (t.
697 4840 720 4880 e.
739 4821 929 4896 anomalihus)
948 4823 976 4880 Β
991 4867 997 4881 .
1012 4821 1131 4892 sortasse
1144 4821 1295 4878 anomaliis
1310 4822 1357 4878 rei
1376 4822 1455 4882 vitiis

181 5017 340 5050 emutare:
354 5017 441 5050 carran
456 5017 500 5050 m.
1202 5001 1238 5051 bh
