3590 5486
607 317 657 374 oe
677 316 777 374 aare
796 317 965 376 hermen
1076 287 1080 294 ’
1385 321 1451 389 231

113 378 294 466 n-ssssme.

115 507 245 568 etitem

282 630 377 675 mors
401 614 479 676 iera
501 633 566 697 per
590 615 771 680 bominem
796 619 968 681 miserum
994 617 1065 681 sibi
1089 616 1411 684 subdidit·orbenr.

116 721 168 785 ubi
186 725 261 785 item
281 721 403 804 quddam
421 723 687 804 grammaticorum
702 724 829 788 dubium
848 735 966 809 ponunt
980 727 1166 811 eucarpium,
1181 722 1302 810 ‘terga
1322 729 1452 810 latiga-

117 849 192 893 mus
216 824 349 894 basta'.
396 849 465 892 mm
494 833 552 894 etsi
575 851 639 895 non
660 832 680 894 b
701 843 898 917 sequeretur,
924 853 993 898 mus
1019 843 1120 899 tamen
1141 854 1210 898 esse
1236 845 1340 918 posset
1363 835 1453 918 longa

88 941 233 1022 tpoctica
254 938 388 1024 licentia,
408 942 478 1022 quala
496 939 595 1023 plenis
614 940 743 1022 pedibus
762 943 928 1025 superfuit,
947 945 1026 1007 sicut
1051 943 1108 1007 hoc
1128 943 1209 1026 quod
1232 946 1306 1007 item
1325 955 1453 1029 ponunt,

281 1049 399 1112 omnia
422 1051 540 1112 vineit
563 1067 674 1133 amor,
699 1059 734 1114 et
758 1069 822 1114 nos
847 1051 1017 1116 cedamus
1041 1055 1170 1137 amori,

117 1156 167 1220 urbi
197 1177 265 1220 mor
293 1157 362 1221 ideo
390 1160 490 1241 potuit
517 1157 659 1243 produci,
688 1161 759 1242 quia
787 1168 857 1243 post
880 1178 1021 1225 emensos
1049 1160 1143 1244 pedes
1172 1163 1308 1244 integros
1335 1170 1453 1244 partem

117 1269 259 1329 terminat
287 1269 447 1351 orationis,
476 1269 596 1330 hauetsl
625 1267 734 1330 vocalis
764 1279 919 1350 sequatur.
968 1271 1078 1334 tertius
1107 1269 1216 1333 modus
1244 1279 1292 1332 est
1322 1267 1451 1351 syllabae

118 1376 301 1460 communis,
329 1393 399 1438 cum
424 1373 551 1437 uerbum
573 1374 694 1457 aliquod
722 1377 753 1438 iu
779 1375 911 1440 vocalem
934 1376 1078 1440 desinens
1102 1386 1273 1460 correptam
1301 1378 1452 1459 excipitur

79 1496 132 1546 ¹0a
156 1482 275 1547 duabus
298 1482 550 1568 consonantibus,
578 1503 706 1566 quianam
734 1487 819 1568 prior
847 1488 887 1549 sit
913 1505 944 1550 s:
975 1495 1022 1549 cst
1051 1488 1132 1550 cuim
1156 1495 1263 1550 natura
1294 1485 1394 1550 breuis
1421 1488 1452 1548 ln

117 1593 174 1656 hoc
199 1593 372 1675 Fortunati,
1129 1583 1132 1588 ’
1317 1581 1320 1584 ’

281 1701 475 1766 ordinibus
499 1704 611 1766 variis
635 1703 713 1766 alba
738 1702 1085 1788 smaragdusinesty

117 1821 164 1876 est
185 1815 336 1895 positione
359 1811 448 1894 longa
470 1801 503 1874 in
527 1813 585 1875 hoc
610 1812 740 1896 Sedulii,

281 1921 450 1984 adveniat
473 1940 623 2003 regnum
647 1923 715 1984 iam
739 1921 881 2003 iamque
906 1920 1054 1985 scilicet
1077 1921 1179 1984 illud.

81 2039 186 2094 1⁵cum
217 2047 289 2094 vcro
320 2049 335 2092 s
366 2031 396 2092 in
428 2032 525 2112 capite
556 2027 641 2092 verbi
672 2031 764 2092 luerit
792 2031 972 2092 consonanti
999 2029 1049 2092 alii
1079 2028 1230 2112 subiecta,
1262 2047 1452 2111 unaquaquam

118 2137 375 2222 potesouhtmam
400 2136 484 2200 rerbl
507 2140 619 2222 prioris
640 2137 782 2220 syllabam
806 2139 991 2222 producere,
1015 2157 1092 2220 quae
1116 2141 1147 2201 ln
1171 2128 1294 2202 brevem
1318 2137 1452 2201 desierat

120 2247 264 2331 vocalem,
289 2256 322 2310 ut
346 2245 488 2310 Sedullus

280 2364 379 2420 stare
404 2355 516 2420 choro
541 2365 577 2419 et
599 2355 759 2439 placidis
784 2356 958 2420 caelestia
983 2355 1142 2438 psallere
1166 2354 1304 2440 verbis,
1329 2428 1332 2436 Ι
1476 2371 1497 2412 s

118 2475 148 2529 et
171 2465 356 2530 Fortunatus

79 2584 105 2622 ιι
281 2572 432 2646 uocibus
456 2572 615 2637 alternis
639 2573 761 2638 diuina
786 2583 951 2656 poemata
974 2572 1154 2657 psallunt,

119 2685 254 2767 salsoque
282 2682 387 2746 delinit
409 2681 574 2766 Pompeius
597 2703 612 2746 s
637 2702 697 2746 non
727 2703 816 2766 posse
841 2682 1026 2766 liquescere,
1051 2683 1108 2744 nisi
1133 2683 1197 2766 ipsa
1221 2681 1395 2765 antecedat,
1418 2691 1453 2746 ut

119 2789 261 2878 ‘ponite
290 2809 372 2875 spes
400 2790 472 2854 sibi
502 2787 686 2874 quisque'.
725 2792 802 2856 banc
828 2791 969 2873 Virgilius
997 2800 1028 2854 et
1055 2793 1087 2854 in
1119 2790 1218 2853 medio
1245 2789 1336 2853 verbo
1365 2789 1453 2853 alteri

117 2903 297 2966 consonanti
319 2901 535 2984 praepositam,
559 2900 611 2963 ubi
630 2899 821 2964 commodum
841 2899 940 2982 duxit,
964 2893 1170 2982 liquentium}
1193 2919 1277 2963 more
1301 2898 1452 2982 transiliit,

280 3011 451 3072 hortatur
474 3006 687 3072 Mnestheus
712 3028 807 3072 nttnc
831 3027 925 3071 utino
949 3009 1135 3090 insurgite
1159 3011 1284 3092 remis;

79 3125 175 3186 ²⁵nisi
204 3122 282 3184 lorte
311 3119 393 3182 hiano
416 3135 537 3181 versum
566 3119 608 3180 ita
631 3117 837 3194 scandendum
864 3127 1020 3201 partarnus,
1049 3127 1083 3179 ut
1109 3119 1148 3180 sit
1176 3116 1263 3179 horta
1288 3117 1453 3200 spondeus,

118 3240 168 3295 tur
196 3249 266 3294 mne
296 3225 463 3311 spondeus,
492 3225 598 3288 stheus
629 3245 710 3288 niuno
742 3225 909 3309 spondeus,
942 3225 1113 3287 coniunctis
1144 3223 1260 3287 scilicet
1289 3222 1452 3307 vocalibus,

117 3339 197 3422 quod
222 3337 430 3420 diphthongon
455 3343 570 3398 vocant
607 3333 687 3398 uude
711 3333 790 3397 hene
815 3333 964 3416 Donatus,
983 3351 1053 3396 cum
1077 3332 1114 3396 de
1138 3332 1324 3416 liquentibus
1348 3331 1451 3414 loque·
1490 3359 1511 3396 s·

117 3456 203 3510 retur
226 3445 350 3528 litteris,
380 3445 456 3508 dixit
478 3443 649 3528 speciahter
674 3444 710 3506 de
735 3442 791 3506 hac
815 3439 858 3506 ‘ct
882 3462 897 3505 s
921 3442 1021 3506 littera
1045 3461 1117 3504 suae
1141 3441 1297 3504 cuiusdam
1321 3449 1451 3524 potesta·

118 3561 157 3622 tis
176 3564 237 3638 est,
256 3573 333 3636 quae
353 3555 385 3616 in
404 3554 510 3615 metris
529 3551 709 3635 plerumque
729 3555 789 3615 rim
808 3554 1002 3615 consonantis
1022 3545 1152 3614 amittit’.
1182 3560 1228 3614 est
1246 3553 1327 3614 enim
1343 3549 1450 3614 modus

79 3670 104 3712 ³⁰
118 3673 244 3747 quamus
268 3661 397 3746 syllabae
422 3664 606 3744 communis,
630 3680 699 3724 cum
724 3671 792 3743 post
816 3660 923 3743 pedem
948 3659 1113 3742 quemlibet
1137 3679 1196 3723 uria
1216 3659 1327 3742 syllaba
1352 3658 1452 3722 brevis

119 3774 298 3836 remanserit
322 3772 359 3835 de
380 3769 484 3854 verbo,
508 3777 585 3852 quae
606 3769 651 3831 vol
675 3771 706 3832 in
727 3769 858 3831 vocalem
878 3768 1020 3831 dosinoos
1040 3771 1208 3850 excipiatur
1227 3787 1244 3831 a
1263 3779 1449 3832 consonante

119 3879 202 3943 serbi
235 3881 391 3961 sequentis
421 3879 467 3942 vel
494 3881 525 3942 in
554 3887 770 3941 consonantem
800 3877 942 3940 desinens
971 3879 1140 3959 excipiatur
1169 3898 1185 3940 a
1213 3876 1314 3940 littera
1342 3871 1449 3940 vocali:

119 3997 166 4051 est
188 3989 270 4050 enim
295 3996 401 4050 tratura
426 3988 526 4051 brevia
550 3988 581 4050 in
605 3987 677 4068 hoc,
1153 3989 1159 3998 '

283 4099 390 4159 carlus
413 4114 505 4158 ontis
527 4095 606 4158 leve
631 4101 700 4177 est,
724 4097 829 4156 cultas
853 4095 935 4175 iuga
960 4095 1059 4156 lerrc
1084 4112 1193 4157 suave
1218 4101 1287 4177 est,

1494 1683 1510 1716 s

208 4254 407 4324 sexemptum
426 4253 537 4324 ponunb
555 4250 584 4306 P
652 4251 746 4323 bergo]
772 4249 852 4322 Verg.
867 4251 937 4305 Aen.
954 4249 1065 4304 VIIII
1083 4255 1153 4306 610:
1172 4251 1207 4318 cs.
1228 4249 1304 4305 Scis.
1323 4251 1357 4306 iu
1374 4250 1451 4306 Dou.
1562 4283 1568 4294 ·
1594 4307 1597 4314 ,

114 4355 145 4408 p.
164 4339 231 4404 424,
250 4339 287 4391 15
351 4331 496 4406 domnia]
522 4331 601 4404 Verp.
621 4331 709 4388 bucol.
729 4336 775 4399 10,
794 4337 831 4388 69
896 4333 1059 4403 tintsgros
1076 4329 1163 4401 pedes
1182 4329 1209 4384 L
1273 4335 1307 4386 to
1326 4330 1482 4388 desierat

117 4417 198 4485 LPs
211 4417 324 4472 decent
342 4415 374 4471 F
390 4413 562 4473 desinerits
641 4420 675 4471 ts
694 4415 858 4472 furmnnbm
878 4411 909 4468 F
984 4418 1018 4468 at
1038 4411 1139 4467 delinit
1157 4409 1186 4465 P
1200 4409 1313 4469 annu
1331 4410 1363 4467 F
1379 4411 1451 4468 diffl-

118 4498 192 4556 nioil
209 4498 229 4565 s
241 4495 372 4554 deliciuit
390 4494 418 4551 L
472 4493 606 4566 propolas
620 4493 653 4549 F
669 4511 738 4552 corr.
754 4494 903 4566 pompeius
922 4497 947 4562 s:
969 4495 1066 4564 Pomp.
1080 4510 1109 4562 p.
1125 4497 1188 4560 117,
1203 4497 1243 4548 23
1301 4493 1364 4564 ipss
1377 4493 1456 4563 LPf

118 4581 175 4654 ipsi
193 4579 225 4636 F
296 4584 331 4634 ιι
356 4577 466 4650 ponito]
491 4574 570 4648 Verp.
590 4576 660 4632 Aen.
683 4575 736 4630 XI
753 4581 810 4632 309
893 4582 928 4632 23
953 4575 1091 4632 transiliit
1113 4576 1146 4630 ub
1168 4577 1213 4631 εει
1235 4574 1367 4630 hortatur
1389 4576 1452 4634 sP:

127 4658 420 4734 Verp.Aen.V189
499 4664 534 4714 24
558 4675 633 4714 nunc
656 4658 736 4713 semei
758 4659 894 4728 scriptum
916 4659 996 4716 hobel
1019 4656 1057 4724 F,
1082 4657 1125 4712 bia
1147 4655 1227 4725 LPs
1301 4661 1336 4712 25
1360 4657 1393 4711 nb
1415 4655 1453 4713 sit

121 4742 198 4812 LPf
212 4743 246 4797 ιιι
264 4739 296 4796 F
366 4747 400 4797 ct
421 4739 562 4812 Donatus]
581 4757 610 4810 p.
630 4743 736 4806 368,2
812 4746 846 4796 iti
865 4742 984 4810 fortasse
1002 4739 1046 4794 est
1064 4737 1133 4794 item
1153 4738 1255 4793 modus
1274 4739 1394 4809 quartus

264 4815 290 4856 aa
303 4815 349 4856 noo

120 4875 154 4926 ao
172 4870 290 4940 quorun
309 4865 438 4939 syllabae
458 4866 487 4922 P
