3616 5482
350 328 394 396 98
964 331 1075 392 capul

351 441 373 482 p.
388 431 443 474 svm
457 431 482 472 n.

354 516 522 601 eodemque
546 517 623 580 lacte
642 526 763 580 creatus
783 527 838 582 est.
876 518 991 582 lactens
1010 521 1064 600 qui
1083 517 1159 581 lacte
1179 518 1279 600 alitur,
1303 529 1336 582 ct
1354 520 1470 583 lactans
1488 520 1541 600 qui
1560 517 1691 599 decipit:

351 623 467 687 lactens
491 624 568 689 lacte
591 624 762 710 abundans,
787 635 820 690 ut
844 622 1045 690 ‘lactentes
1070 621 1198 710 licus',
1226 625 1361 692 Lucilius
1386 624 1582 692 ‘lactentia
1607 645 1691 690 coa·

351 730 433 814 gula
465 751 544 797 cum
574 732 685 798 melle
712 729 814 798 hlbi'.
861 733 955 798 lactea
980 733 1120 820 candida,
1149 743 1184 798 ut
1208 729 1342 800 ‘lactea
1365 735 1495 800 laudas
1519 727 1692 798 brachia'

352 839 496 904 Horatius
520 843 601 906 dlcit.

444 950 634 1032 Suscipimus
653 949 690 1012 ad
709 953 846 1014 animum
865 960 897 1016 et
917 961 1048 1017 mentem
1068 955 1212 1036 retertur,
1231 963 1265 1017 ut
1289 947 1520 1036 ‘susceptum
1544 953 1724 1034 perlicea

355 1053 510 1121 munus'.
555 1061 740 1141 succipimus
764 1077 908 1145 corpore,
931 1069 966 1123 ut
993 1055 1227 1144 ‘succipiunt
1255 1059 1411 1124 lomvrlae
1435 1059 1692 1143 conlapsaque

353 1161 539 1229 memhra'.
581 1170 765 1250 suspicimus
788 1167 924 1250 aliquem
948 1178 1136 1233 venerantes.

443 1274 588 1340 Accidere
612 1275 724 1358 aliquid
749 1276 868 1340 adversi
891 1275 998 1358 dicito,
1022 1279 1199 1360 contingere
1224 1277 1336 1359 aliquid
1360 1277 1489 1360 pulchri.

445 1383 657 1464 Quamdudum
682 1388 898 1469 interrogantis
923 1395 979 1469 est,
1003 1385 1178 1449 iamdudum
1203 1385 1427 1468 respondentis.

445 1492 512 1556 Cals
545 1492 724 1577 dicendum,
757 1494 810 1558 ubi
844 1495 969 1557 materia
1002 1502 1064 1577 est,
1096 1511 1153 1576 per
1184 1513 1215 1577 s;
1248 1502 1278 1556 at
1311 1513 1381 1557 cum
1412 1493 1500 1576 pedis
1533 1501 1595 1570 est,
1625 1493 1691 1556 calx
1711 1514 1738 1553 ιο

377 1621 412 1665 er
440 1621 467 1666 x.

356 1621 376 1684 Ρ
444 1709 517 1774 Mihi
540 1710 659 1774 dativus
682 1723 747 1797 est,
771 1713 812 1774 mi
836 1713 999 1774 vocativus.

445 1819 567 1883 invidus
592 1821 715 1901 estqui
738 1819 868 1904 invidet,
890 1817 1060 1882 invidiosus
1084 1821 1137 1900 qul
1162 1819 1303 1883 invidiam
1327 1823 1467 1885 sustinet.

439 2054 455 2103 1
471 2045 580 2104 lactens
595 2044 702 2119 estqui
715 2047 791 2105 lactc
805 2047 893 2104 alitur
906 2047 1018 2104 luctam
1035 2045 1084 2118 qui
1098 2045 1207 2120 decipit
1220 2049 1330 2128 lactens
1345 2049 1421 2108 lacte
1435 2047 1602 2106 habundans
1611 2046 1695 2104 uelut

356 2127 514 2185 lactenteas
532 2127 602 2186 ficus
620 2128 748 2186 Lucilius
767 2129 802 2201 (li
820 2129 984 2198 taratara)
1005 2126 1076 2184 dicit
1089 2127 1241 2185 Lactantia
1259 2130 1381 2202 coagula
1400 2147 1465 2186 cum
1483 2128 1569 2185 melle
1584 2127 1695 2184 Lactea

355 2209 478 2267 candida
496 2212 530 2267 ut
547 2209 640 2268 lactea
658 2209 760 2268 laudas
778 2209 897 2268 brachia
915 2209 1050 2266 Horatius
1068 2211 1112 2280 (at
1129 2209 1198 2279 rae.)
1218 2208 1289 2266 dicit
1306 2210 1335 2266 B
1354 2211 1463 2267 lactens
1482 2213 1528 2267 est
1546 2209 1596 2280 qui
1615 2208 1694 2266 lacte

355 2347 443 2404 alitur
460 2347 571 2404 lactans
590 2343 641 2418 qui
660 2323 767 2418 decipit
784 2345 893 2402 lacteus
911 2345 987 2402 lacte
1005 2345 1174 2403 habundans
1198 2346 1279 2402 uelut
1306 2305 1446 2404 lactentia
1466 2346 1562 2418 (deleto
1581 2347 1605 2416 s)
1624 2303 1694 2400 liade

355 2429 644 2539 Luciliasffliactentia
666 2481 787 2555 coagula
810 2498 876 2538 oum
899 2482 985 2539 melle
1004 2481 1112 2539 Lactea
1135 2480 1258 2538 candida
1279 2484 1313 2538 ut
1336 2481 1431 2539 hetae
1454 2481 1554 2538 laudas
1573 2479 1695 2537 brachia

478 2563 518 2606 ors

354 2616 491 2674 Horatius
508 2615 532 2673 0
547 2616 669 2674 Lacteus
684 2615 735 2687 qni
753 2615 828 2674 lacta
843 2615 931 2673 alitur
949 2616 1060 2672 lactans
1074 2615 1123 2687 qui
1142 2615 1251 2688 decipit
1269 2616 1379 2675 lacinus
1399 2617 1449 2688 qui
1468 2617 1544 2673 lacte
1565 2613 1696 2671 abundat

354 2701 389 2754 ut
411 2698 546 2755 lactantis
571 2697 641 2754 ficus
660 2695 787 2753 Lucilius
810 2696 950 2753 iactantia
974 2696 1073 2754 coacta
1091 2714 1156 2753 cum
1174 2696 1260 2754 melle
1286 2697 1347 2754 hibi
1371 2697 1466 2755 lactea
1484 2697 1606 2754 candida
1625 2699 1696 2752 sunt

355 2781 389 2835 nt
413 2778 508 2836 lactea
530 2777 631 2834 laudat
647 2776 767 2834 brachia
785 2777 857 2835 dicit
873 2777 1047 2838 Horatiana
1072 2778 1182 2836 lacteus
1206 2778 1255 2852 qni
1279 2779 1356 2835 lacte
1380 2777 1481 2848 alitur,
1506 2779 1616 2834 lactans
1643 2777 1697 2848 qui

356 2859 479 2931 decipit,
503 2860 613 2917 lactens
637 2858 713 2915 lacte
731 2855 892 2928 abundans,
917 2859 998 2915 velut
1015 2858 1123 2917 lactem
1141 2860 1226 2930 ficus3
1250 2859 1387 2917 Lucillius
1414 2859 1553 2916 lactentia
1572 2861 1697 2933 coagula

356 2957 421 2996 cum
440 2942 525 2998 melle
544 2939 615 2998 bibi.
643 2940 737 2996 lactea
756 2937 878 2995 candida
896 2941 974 3010 sunt,
995 2943 1027 2996 ut
1044 2941 1138 2999 hctea
1157 2942 1258 2999 hudat
1283 2939 1402 2997 brachia
1420 2939 1491 2997 dicit
1510 2941 1645 2999 Horatius
1660 2961 1695 3014 p.

356 3023 463 3078 odiosi
480 3029 643 3095 corruptam
656 3023 759 3080 codicis
773 3021 811 3076 M
827 3022 1005 3091 scripturam,
1024 3041 1095 3096 qaae
1113 3026 1145 3080 iot
1164 3027 1238 3082 hanc
1255 3025 1313 3094 fere
1327 3025 1439 3080 modam
1453 3024 1558 3095 corripi
1572 3029 1696 3094 poterat,

356 3101 468 3160 lactans
491 3103 542 3176 qui
568 3105 644 3161 lacte
668 3101 770 3172 alitur,
792 3101 903 3158 lactans
927 3102 978 3171 qui
1002 3102 1124 3177 decipit,
1153 3107 1262 3165 lacteus
1289 3107 1366 3162 lacte
1390 3103 1553 3172 abnndans;
1581 3107 1696 3162 veteres

355 3189 454 3243 tamen
473 3189 504 3242 et
521 3186 631 3242 lactans
650 3183 795 3253 dixerunt,
815 3185 848 3238 nt
865 3181 973 3238 Ennius
992 3183 1130 3240 lactentes
1150 3185 1230 3256 ficos,
1255 3183 1382 3242 Lucilius
1401 3184 1541 3241 lactentia
1559 3184 1618 3242 Coa
1635 3203 1694 3257 sqq.

356 3283 423 3322 nam
441 3266 551 3323 lacteus
569 3267 645 3323 lacte
664 3263 813 3322 abundans
832 3265 870 3320 ad
895 3262 974 3336 Vera.
992 3282 1083 3338 peorp.
1105 3267 1149 3322 ΙΙ
1166 3271 1224 3323 521
1247 3264 1336 3321 ubera
1354 3280 1459 3320 vaccae
1477 3263 1571 3321 lactea
1591 3265 1696 3322 demit-

357 3349 424 3404 tunt
437 3351 579 3419 pertinere
592 3351 691 3419 potest.
711 3347 747 3416 cs.
761 3345 837 3404 Sero.
852 3348 885 3403 ia
908 3346 987 3419 Verp.
1005 3365 1096 3420 peorp.
1117 3348 1139 3404 I
1155 3351 1210 3404 315
1230 3349 1260 3403 et
1278 3345 1424 3402 sciendum
1443 3344 1519 3401 inter
1537 3343 1695 3402 lactantem

358 3429 388 3484 et
406 3427 561 3486 lactentem
581 3430 636 3488 hoc
654 3429 806 3499 interesse,
830 3425 906 3498 quod
928 3427 1039 3484 lactans
1062 3430 1106 3486 est
1130 3444 1204 3500 quae
1227 3427 1282 3502 lac·
1296 3425 1429 3498 praebet,
1454 3425 1563 3483 lactens
1582 3427 1630 3484 cui
1648 3427 1696 3484 lac

357 3565 511 3636 praebetur
583 3566 692 3623 lacteus
712 3565 773 3638 qui]
793 3522 901 3636 lucteris
919 3564 968 3634 qni
989 3565 1028 3620 M
1099 3563 1275 3621 tluotentes
1295 3563 1375 3636 licus]
1397 3561 1506 3618 Ultoris.
1523 3579 1553 3632 p.
1573 3567 1641 3628 123,
1656 3566 1694 3619 31

358 3644 405 3700 lici
424 3643 541 3718 Ennius,
561 3645 620 3704 ‘fici
638 3647 793 3704 dulciferae
817 3647 960 3702 lactantes
979 3644 1079 3702 subere
1102 3647 1181 3703 toto'
1292 3643 1431 3702 lactentia
1449 3639 1508 3698 Coa
1527 3641 1608 3698 Clam
1627 3660 1696 3699 cum

358 3725 444 3783 melle
463 3725 524 3783 hibi
543 3728 638 3784 Iaitas
656 3729 757 3786 Deuca
775 3727 868 3792 Lucil.
887 3727 936 3782 rel.
955 3727 1012 3782 iac.
1032 3731 1087 3783 103
1103 3745 1135 3798 p.
1154 3732 1191 3783 13
1283 3733 1299 3783 3
1319 3723 1425 3797 lactea]
1447 3723 1548 3782 Horat.
1568 3743 1652 3783 carm.
1673 3727 1699 3781 Ι

357 3809 403 3874 13,
422 3811 442 3862 2
535 3813 551 3863 b
576 3807 752 3881 Suscipimus
771 3812 801 3865 et
819 3808 857 3864 ad
875 3807 1000 3864 animaru
1020 3809 1050 3864 et
1068 3807 1105 3863 ad
1124 3824 1225 3879 corpus
1244 3806 1366 3865 refertur
1384 3807 1422 3864 ad
1441 3807 1567 3863 animam
1586 3809 1620 3862 at
1638 3809 1697 3874 (est

358 3888 424 3943 add.
444 3892 470 3959 c)
493 3893 656 3962 susceptum
679 3891 782 3963 perflas
801 3908 902 3945 munus
921 3889 958 3945 ad
983 3903 1085 3960 corpus
1104 3891 1137 3943 ut
1156 3893 1198 3944 est
1217 3889 1377 3961 susmpiunt
1400 3888 1526 3946 famulae
1546 3887 1695 3959 conlapsa·

358 3985 414 4040 que
432 3970 551 4028 menbra
569 3973 738 4044 suscipimus
757 3972 883 4042 aliquem
902 3975 1072 4028 uenerantes
1091 3970 1120 4026 B
1139 3977 1165 4027 et
1182 3977 1215 4026 at
1232 3973 1343 4028 videtur
1362 3987 1376 4026 c
1394 3973 1427 4026 ia
1445 3973 1581 4042 marpissa,
1599 3987 1697 4041 paam

358 4067 442 4121 quam
465 4053 498 4107 ia
519 4053 570 4110 hoc
591 4055 707 4111 meciaris
730 4054 830 4110 litteris
854 4068 913 4107 aaa
931 4052 1027 4108 osonio
1050 4057 1258 4123 apparuerunt,
1283 4050 1451 4124 suscipimus
1471 4067 1588 4122 corpore
1607 4049 1698 4105 susci-

358 4131 442 4202 piuut
460 4133 586 4191 famulae
605 4136 797 4207 conlapsaque
816 4131 945 4189 mamhra
964 4133 1133 4204 suscipimus
1148 4134 1274 4204 aliquem
1288 4135 1459 4190 uenerantes
1479 4131 1698 4203 OSuscipimus

358 4211 395 4268 ad
418 4214 546 4271 animum
570 4217 599 4272 et
627 4217 664 4273 ad
691 4232 793 4288 corpus
815 4213 949 4283 refertur,
977 4214 1016 4269 ad
1043 4215 1184 4284 animum,
1207 4215 1241 4270 ut
1264 4216 1427 4286 susceptum
1456 4211 1559 4283 pes-lice
1581 4229 1697 4282 munus,

358 4295 395 4350 ad
425 4311 540 4368 corpus,
569 4299 602 4353 ut
629 4297 787 4368 suscipiunt
814 4295 939 4351 famulae
972 4294 1158 4368 collapsaque
1186 4296 1322 4352 membra.
1365 4292 1533 4364 suspicimus
1566 4292 1697 4364 aliquem

358 4381 526 4434 venerantes
555 4395 585 4449 p.
630 4378 665 4447 cf.
701 4377 757 4434 Vel.
786 4375 875 4446 Lana.
905 4393 935 4446 p.
964 4381 1048 4434 2226
1080 4377 1160 4434 alind
1198 4381 1241 4434 est
1276 4376 1352 4432 euim
1384 4375 1509 4431 amicam
1542 4373 1697 4445 suscipere,

359 4457 439 4513 aliud
462 4476 566 4531 aquarn
590 4459 735 4532 succipere
845 4458 1018 4529 susceptum]
1045 4458 1125 4530 Verp.
1146 4460 1217 4514 Aea.
1243 4457 1290 4513 VI
1308 4463 1366 4514 629
1477 4461 1494 4512 6
1520 4453 1695 4527 succipiunt]

366 4535 446 4609 Verp.
469 4543 541 4596 Aea.
566 4539 653 4595 IIII
675 4545 729 4597 391
833 4543 850 4594 8
873 4537 1010 4595 Accidere
1035 4539 1144 4610 ahquid
1170 4539 1282 4596 &uersi
1308 4539 1472 4611 contingere
1497 4535 1607 4607 aliquid
1631 4538 1698 4608 pul·

291 4615 294 4620 *
360 4618 421 4674 chri
444 4618 532 4677 dicito
556 4637 574 4681 ς
661 4621 774 4678 adrani
802 4617 912 4690 ahquid
934 4619 962 4674 Β
1049 4619 1159 4690 aliquid
1188 4619 1313 4693 pulchri]
1337 4618 1448 4690 aliquid
1476 4615 1626 4688 pulchrum
1657 4617 1700 4673 M

360 4701 510 4772 pulchrum
537 4705 581 4758 est
606 4701 666 4759 ΒΟ
739 4708 772 4759 10
799 4701 879 4758 Calos
907 4700 1057 4757 dicendum
1077 4701 1127 4759 uhi
1152 4702 1277 4759 maceria
1302 4703 1346 4758 est
1369 4717 1421 4772 per
1446 4717 1475 4757 sc
1502 4714 1519 4758 s
1545 4698 1626 4755 Calos
1652 4698 1698 4757 di-

360 4783 481 4841 cendum
507 4783 556 4840 ubi
582 4785 703 4842 materia
728 4788 774 4842 eet
797 4801 849 4856 per
874 4801 904 4840 ca
927 4799 949 4853 p
1066 4780 1130 4838 Gala
1158 4783 1196 4838 M
1201 4781 1226 4838 0
1248 4781 1313 4840 Clas
1339 4781 1381 4836 B.-
1395 4781 1446 4851 ,σῇ
1472 4781 1505 4837 de
1530 4780 1595 4837 doh.
1621 4797 1697 4841 uasa.

358 4883 388 4937 p.
408 4869 510 4934 arar
