3610 5482
274 309 294 376 g
773 307 953 365 runnu‘m
973 307 1108 366 suarm
1225 290 1228 296 '
1307 322 1317 332 ·

364 497 527 580 Composui
551 497 651 558 omnia
674 515 751 579 quae
776 497 928 580 adscripto
948 497 1055 561 Scauri
1080 499 1200 561 nomine
1224 518 1241 560 a
1264 497 1485 580 posterioribus
1509 517 1607 581 gram·

274 609 392 670 maricis
424 625 461 668 ex
491 607 558 669 eius
586 604 672 668 libris
700 614 822 689 recepta
846 615 926 670 suut
965 624 1033 670 nam
1057 625 1134 688 quae
1158 625 1219 669 uon
1244 608 1397 670 nominato
1421 609 1607 672 auctore-ad
1656 643 1665 654 ·

275 717 341 779 elus
365 715 533 778 doctrinam
556 713 754 797 probabiliter
778 715 887 777 referri
910 723 1038 797 possunt
1064 717 1165 777 sciens
1185 716 1282 776 omisi.
1322 718 1381 777 iam
1400 735 1472 778 raro
1496 717 1545 780 hie
1569 717 1606 780 de
1671 739 1674 744 ·

275 823 489 906 orthographia
519 822 596 886 liber
626 841 686 885 non
717 822 814 885 solum
843 821 975 886 clausula
1005 821 1140 886 subiecta
1164 842 1192 905 p.
1217 813 1306 886 2262
1330 825 1409 887 boec
1432 835 1505 888 sunt
1526 845 1609 904 paroc

274 935 402 1011 arpena·
427 939 563 1010 tempore
586 949 651 1012 sqq.
681 929 718 992 ab
747 931 784 993 lis
808 948 886 1011 quae
910 928 1215 1011 deinde-sequuntur
1239 939 1410 1015 separatus,
1439 933 1493 996 sed
1517 937 1608 997 etiam

275 1047 359 1102 certo
389 1041 548 1122 scriptoris
576 1039 703 1102 consilio
727 1041 767 1102 lta
792 1038 957 1122 dispositus
981 1047 1041 1121 est,
1057 1046 1104 1132 'ut
1135 1037 1252 1120 reliqua
1276 1039 1313 1102 ad
1337 1057 1406 1103 eum
1430 1058 1491 1103 non
1515 1045 1607 1124 perti·

212 1167 217 1174 ·
275 1165 348 1210 nere
368 1155 518 1231 appareat.
551 1166 620 1211 nam
639 1154 784 1230 quattuor
802 1150 905 1230 posuit
922 1165 1034 1230 genera
1058 1146 1169 1230 quibus
1193 1147 1346 1212 scribendi
1370 1151 1446 1212 ratio
1470 1141 1607 1213 co'rrum·

275 1265 409 1340 peretur.
448 1275 524 1338 quae
557 1264 716 1339 postquam
750 1259 780 1319 in
814 1259 963 1338 principio
997 1255 1067 1319 libri
1096 1275 1154 1319 una
1186 1276 1256 1320 earm
1287 1256 1400 1338 regulis
1429 1259 1609 1322 emendandi

275 1365 409 1428 breviter
433 1366 595 1448 descripsit
618 1376 648 1428 et
676 1368 781 1448 paucis
805 1366 951 1449 eaenrplis
975 1364 1194 1450 comprobarit,
1225 1385 1292 1428 mox
1317 1369 1482 1447 praemissa
1506 1365 1608 1448 dispu-

276 1476 389 1538 tatione
412 1473 450 1536 de
474 1477 652 1556 cognatione
676 1473 860 1557 litterarum,
889 1475 1031 1555 quonlam
1062 1475 1093 1535 iu
1123 1473 1178 1535 hac
1207 1475 1305 1536 omnis
1333 1474 1370 1536 de
1396 1474 1609 1556 orthographia

276 1585 413 1664 quaestio
442 1575 593 1664 versatur,
620 1599 677 1664 per
704 1580 836 1663 singulas
865 1581 934 1644 llbri
963 1587 1066 1663 partes'
1094 1583 1247 1663 copiosius
1275 1591 1456 1663 persecutus
1486 1591 1541 1644 est
1580 1591 1612 1644 et

276 1693 408 1773 primum
438 1689 560 1771 quidem
584 1689 692 1754 additis
717 1699 823 1750 contra
847 1692 1000 1781 rationem·
1018 1689 1143 1772 litteris,
1171 1688 1280 1752 deinde
1304 1688 1449 1752 debentis
1472 1693 1510 1753 lis
1534 1709 1610 1772 quas

277 1797 346 1860 addi
378 1800 455 1862 ratio
489 1796 611 1861 iubebat
644 1797 737 1860 multa
770 1801 925 1879 corrumpi
957 1798 1176 1860 demonstravit
1207 1806 1238 1860 et
1268 1781 1393 1888 adiectis
1421 1799 1609 1880 singulorum

277 1905 491 1969 vocabulorum
520 1905 748 1987 quaestionibus
778 1905 947 1968 illustrarit
985 1915 1049 1968 tum
1078 1905 1115 1968 de
1145 1908 1311 1968 mutatione
1335 1907 1504 1970 litterarum
1529 1911 1610 1971 simi·

277 2015 347 2078 liter
370 2016 541 2097 disputarit.
582 2012 712 2095 denique
741 2012 779 2092 de
804 2015 981 2095 conexione,
1004 2032 1066 2094 quo
1089 2031 1201 2094 genere
1226 2031 1261 2075 ea
1286 2033 1363 2095 quae
1387 2017 1418 2076 in
1442 2014 1612 2077 dividendis

278 2121 399 2208 syllabis
424 2129 626 2204 peccarentur
645 2123 794 2184 contineri
819 2120 921 2202 voluit,
941 2139 1035 2202 panea
1054 2120 1190 2185 subiecta
1210 2132 1291 2186 sunt.
1319 2141 1375 2204 per
1395 2125 1494 2184 omnia
1509 2133 1612 2186 autem

277 2250 389 2316 genera
413 2248 483 2294 eum
507 2248 597 2311 saepe
621 2229 873 2293 consuetudinem
893 2228 1047 2292 scribendi
1072 2231 1118 2293 vel
1142 2231 1358 2313 pronuntiandi
1382 2249 1517 2313 pugnare
1541 2250 1611 2295 cum

278 2343 395 2405 ratione
425 2339 553 2422 rideret,
583 2340 613 2402 id
643 2342 705 2421 eglt
728 2347 763 2401 ut
789 2348 841 2401 ant
864 2357 880 2400 a
904 2356 994 2421 prava
1019 2339 1238 2402 consuetudine
1262 2341 1412 2401 rationem
1434 2338 1613 2402 defenderet

279 2458 332 2512 aut
362 2452 456 2530 ipsam
474 2447 737 2534 'consuetudinem
766 2449 859 2510 certis
888 2444 1004 2527 legibus
1038 2465 1074 2508 ex
1104 2450 1281 2527 cognatione
1311 2445 1480 2510 litterarum
1512 2447 1612 2510 doctis

279 2559 344 2638 regi
364 2549 599 2637 demonstrarem
620 2572 688 2616 raro
708 2565 833 2636 propter
852 2556 919 2616 soni
938 2553 1156 2617 iucunditatem
1175 2553 1287 2636 aliquid
1307 2554 1519 2618 consuetudini
1539 2573 1611 2617 con-

279 2667 379 2728 cessit.
413 2666 543 2746 saepius,
567 2665 694 2726 maxime
720 2665 750 2724 in
775 2664 871 2744 prima
895 2671 980 2744 parte
1004 2660 1083 2746 libri,
1107 2661 1296 2726 consuetudo
1315 2666 1510 2752 antiquorum
1530 2681 1610 2726 com·

280 2784 444 2836 memorata
468 2781 524 2835 est
655 2779 659 2788 '
1561 2761 1562 2766 ’

371 2880 415 2944 Ex
439 2879 662 2962 antiquioribus
685 2881 889 2962 grammaticis
913 2880 1024 2960 quibus
1049 2879 1183 2942 Scauros
1208 2899 1281 2942 usus
1306 2889 1352 2942 est
1378 2879 1542 2943 Varronem
1567 2891 1615 2944 ter

280 2990 453 3072 appellavit,
476 3009 503 3070 p.
528 2985 619 3052 2255
642 2989 678 3050 de
703 2988 801 3074 longis
824 2987 946 3068 syllabis
970 3006 1025 3069 per
1049 2990 1060 3049 i
1084 2986 1130 3050 vel
1154 2989 1182 3048 ei
1206 2986 1389 3064 scribendis,
1413 3008 1440 3071 p.
1464 2987 1552 3053 2256
1576 2990 1614 3052 de

281 3099 483 3180 adspiratione
508 3099 539 3160 ln
564 3095 691 3159 Gracchi
716 3099 837 3158 nomine
862 3098 1036 3174 omittenda,
1061 3093 1095 3175 p.'
1113 3093 1203 3158 2261
1229 3095 1266 3157 de
1297 3097 1469 3160 nominibus
1499 3117 1555 3179 per
1579 3117 1616 3178 ps

203 3269 205 3274 ,
281 3207 326 3268 vel
355 3205 391 3268 bs
419 3204 598 3269 scribendis.
636 3222 713 3285 quae
743 3203 959 3277 Wilmaunsius
989 3203 1026 3264 de
1056 3201 1138 3264 Varr.
1163 3202 1228 3265 libr.
1253 3223 1377 3285 gramm.
1401 3225 1429 3288 p.
1455 3203 1498 3268 86
1528 3205 1615 3267 libris

281 3316 318 3378 de
342 3333 482 3377 sermone
506 3314 599 3377 latino
625 3311 731 3376 tribuit
755 3316 804 3396 ita,
829 3323 861 3376 ut
886 3315 1072 3394 primum-et
1092 3315 1215 3375 tertium
1240 3312 1340 3406 locum
1360 3315 1390 3375 in
1410 3315 1508 3394 primo
1528 3312 1615 3397 libro,

280 3418 448 3487 secundum
473 3425 504 3486 in
529 3425 619 3485 tertio
644 3421 819 3504 collocaret,
847 3431 1008 3503 propterea
1037 3421 1117 3502 quod
1148 3420 1195 3483 his
1219 3423 1411 3502 potissimum
1434 3420 1520 3483 libris
1544 3439 1615 3483 con·
1729 3487 1736 3493 ,
1802 3399 1804 3404 .

281 3533 385 3594 venire
419 3531 603 3594 viderentur.
647 3541 803 3612 praeterea
837 3533 993 3593 inventum
1023 3529 1125 3612 Spurii
1155 3529 1274 3592 Carvilii
1304 3549 1331 3611 p.
1356 3526 1444 3615 2253
1474 3537 1504 3592 et
1532 3530 1616 3592 Accii

192 3633 196 3638 ’
283 3641 452 3702 doctrinam
475 3639 512 3701 de
536 3640 724 3720 geminandis
744 3637 896 3701 vocalibus
916 3659 943 3720 p.
964 3635 1053 3700 2255
1073 3639 1327 3721 commemoravit,
1351 3657 1427 3718 quae
1452 3641 1515 3719 ipsa
1541 3657 1616 3718 quo·

171 3817 174 3823 ,
284 3766 343 3830 que
367 3765 384 3808 a
408 3745 541 3808 Varrone
570 3751 721 3829 recepisse
752 3749 883 3831 videtur,
912 3750 992 3809 sicut
1021 3765 1126 3809 versus
1151 3744 1256 3807 Lucilii
1282 3765 1308 3825 p.
1335 3744 1424 3810 22ῡὺ
1447 3747 1616 3827 adscriptos

228 3875 234 3888 ¹
284 3855 321 3918 ab
344 3854 396 3917 illo
420 3857 574 3936 petiverat.
612 3855 743 3936 denique
768 3854 908 3918 Santram
938 3875 996 3917 arna
1025 3873 1094 3916 carm
1123 3854 1321 3916 dissentiente
1351 3853 1387 3916 ab
1412 3872 1448 3915 eo
1474 3853 1617 3916 Varronis

284 3967 425 4046 opinione
458 3963 621 4025 nominarit
650 3981 678 4044 p.
703 3959 801 4025 2256.
841 3963 988 4046 reliquos,
1018 3979 1149 4042 quorum
1179 3965 1344 4024 sententias
1369 3962 1469 4025 attulit
1493 3962 1539 4024 rel
1557 3965 1617 4026 im·

285 4075 442 4156 pugnavit,
466 4073 641 4132 nominatim
666 4088 725 4132 non
751 4069 924 4153 appellavit,
954 4070 1007 4132 sed
1031 4068 1213 4151 generaliter
1237 4071 1382 4151 quosdam
1407 4071 1519 4134 multos
1543 4071 1617 4132 alios

285 4181 369 4244 dixit.
407 4179 460 4242 sed
490 4198 526 4242 er
542 4178 603 4267 *his
627 4197 748 4260 quoque
773 4179 884 4260 quibus
908 4197 1017 4240 nomen
1042 4179 1227 4259 adscriptum
1253 4197 1312 4242 non
1338 4190 1384 4242 est
1408 4178 1556 4260 permulta
1580 4179 1615 4241 ad

286 4289 428 4352 Varronis
447 4288 614 4351 doctrinam
635 4287 824 4350 hauddubie
846 4287 1003 4349 relerenda
1023 4297 1103 4350 snut.
1136 4286 1216 4369 quod
1237 4305 1296 4369 qno
1317 4289 1430 4349 certius
1449 4296 1617 4368 appareret,

287 4401 388 4472 curavi
418 4407 451 4460 ut
479 4415 512 4458 ea
541 4415 618 4478 quae
647 4394 685 4458 ab
713 4396 779 4456 aliis
809 4393 935 4456 Varroni
965 4394 1174 4458 tribuerentur
1204 4395 1249 4456 vel
1276 4399 1307 4458 in
1336 4393 1421 4456 libris
1451 4395 1487 4456 de
1516 4395 1617 4476 lingua
1722 4479 1725 4486 .
1802 4367 1803 4374 ἵ

286 4509 378 4570 latina
402 4505 540 4568 similiter
564 4514 723 4587 praecepta
749 4512 851 4566 essent
879 4505 910 4565 in
935 4501 1127 4566 adnotatione
1152 4493 1366 4567 indicarentur.
1406 4503 1491 4564 facile
1516 4511 1616 4566 autem

288 4633 433 4679 uumerus
467 4633 572 4677 eorum
606 4633 683 4696 quae
716 4593 752 4675 es
784 4613 864 4674 illius
898 4611 1033 4674 doctrina
1066 4613 1238 4694 repetenda
1262 4622 1332 4674 sunt
1363 4614 1466 4692 augeri
1496 4613 1618 4694 poterit,

289 4725 386 4805 siquis
409 4741 444 4784 ea
469 4725 699 4804 comparaverit,
731 4725 762 4784 in
791 4718 902 4801 quibus
931 4717 980 4780 alii
1005 4723 1056 4799 qui
1081 4720 1187 4782 iisdem
1212 4719 1346 4782 lontibus
1370 4729 1459 4799 atque
1485 4718 1619 4782 Scaurus

290 4835 337 4896 nsi
358 4803 394 4894 db
420 4829 632 4913 orthographia
656 4833 845 4914 scripserunt
869 4846 939 4890 cum
962 4825 1012 4889 illo
1037 4829 1239 4890 consentiunt.
1278 4846 1346 4890 nam
1369 4830 1401 4890 in
1425 4825 1472 4888 his
1496 4845 1618 4909 quoque
1673 4905 1677 4914 Ι
