3610 5482
566 1291 728 1394 Vllbll
760 1289 1035 1394 1011111111
1069 1283 1503 1443 ORTHOGIlAPHlA

365 1483 387 1523 p.
404 1473 497 1526 11111).

459 1585 669 1651 Necessarium
684 1587 817 1652 arbitror
831 1589 868 1651 tle
883 1589 1097 1671 orthographia
1113 1607 1283 1652 sermonem
1302 1591 1473 1654 instituenti
1492 1601 1509 1644 a
1528 1582 1700 1645 litterarum

363 1704 514 1776 potestate
543 1698 663 1758 initium
692 1697 801 1759 lacere.
839 1699 970 1778 primum
998 1697 1092 1778 igitur
1119 1695 1256 1758 delinitio
1286 1695 1404 1759 litterae
1434 1699 1514 1759 varia
1539 1698 1596 1760 luit
1618 1698 1700 1780 apud

346 1801 535 1884 plerosque.
573 1803 622 1866 alii
647 1807 728 1867 enim
748 1795 797 1868 sic
821 1806 1013 1889 definierunt,
1042 1800 1158 1868 ‘littera
1182 1813 1230 1868 est
1252 1807 1373 1867 initium
1391 1807 1474 1866 vocis
1494 1803 1701 1888 explanatae':

249 1913 252 1918 ’
364 1909 414 1972 alii
443 1915 500 1994 sic,
530 1907 646 1975 ‘.littera
675 1923 722 1976 est
750 1903 870 1976 initium
899 1915 981 1975 vocis
1009 1907 1238 1995 significantis’:
1269 1912 1318 1974 alii
1351 1907 1469 1976 ‘littera
1500 1924 1547 1976 εει
1575 1917 1699 1978 minima

365 2037 436 2101 pars
467 2015 629 2083 orationis'
658 2019 704 2100 [et
727 2021 852 2085 verbum
881 2032 928 2084 est
951 2030 982 2084 et
1006 2024 1179 2084 coniunctio
1204 2031 1234 2084 et
1258 2020 1465 2103 praepositio}
1503 2022 1561 2084 hoo
1584 2025 1728 2104 impro·⁵

365 2125 471 2190 bantes
495 2127 544 2189 alii
568 2127 711 2192 dixerunt
734 2124 846 2192 ‘littera
866 2141 912 2193 est
936 2132 1055 2192 initium
1076 2129 1219 2211 scriptilis
1238 2123 1342 2191 voris'.
1379 2128 1576 2191 excluserunt
1594 2139 1699 2194 autem

364 2243 470 2298 omnes
495 2234 576 2298 illam
605 2236 825 2321 definitionem,
859 2257 949 2319 quam
978 2237 1099 2318 qnidam
1129 2236 1285 2321 dixerunt,
1314 2235 1446 2299 litteram
1478 2255 1545 2299 esse
1576 2240 1700 2302 initium

364 2345 447 2406 vocis
476 2345 686 2429 significantis,
716 2345 784 2407 ideo
808 2347 950 2427 quoniam
974 2345 1121 2429 quaedam
1149 2363 1239 2407 voces
1268 2343 1361 2406 scribi
1390 2355 1531 2429 possunt,
1560 2345 1699 2427 quamvis

363 2449 438 2513 nihil
465 2451 650 2535 significent,
678 2455 768 2515 sicuti
797 2473 867 2516 cum
896 2453 1024 2517 dicimus
1053 2457 1144 2517 tillir:
1174 2471 1240 2515 narn
1270 2451 1326 2515 hoc
1356 2451 1448 2515 scribi
1477 2462 1592 2537 potest,
1620 2453 1698 2518 nibil

279 2549 284 2559 ’
361 2575 434 2619 vero
458 2560 615 2640 significat.
653 2563 754 2623 verius
778 2572 825 2625 est
848 2562 936 2646 illud,
963 2564 1083 2625 initium
1113 2560 1256 2643 scriptilis
1284 2563 1366 2622 vocis
1390 2569 1442 2623 aut
1467 2563 1588 2624 irritium
1612 2565 1696 2624 vocis
1714 2568 1741 2606 ¹⁰

361 2665 544 2748 explanatae.
583 2669 704 2750 quidam
732 2688 804 2732 vero
833 2688 939 2732 omnes
967 2669 1082 2733 litteras
1112 2669 1230 2733 vocales
1255 2687 1321 2730 esse
1345 2669 1488 2732 dixerunt
1511 2669 1696 2732 arbitrantes

361 2773 474 2836 nullam
507 2778 602 2856 magis
636 2779 773 2840 minusve
806 2779 1009 2861 necessariam
1042 2795 1124 2859 esse,
1161 2785 1193 2838 et
1224 2777 1294 2856 quia
1327 2793 1432 2837 omnes
1458 2775 1581 2860 ,litterae
1605 2795 1697 2839 voces

353 2880 530 2963 explanant
569 2883 619 2947 alii
643 2883 786 2948 dixerunt
809 2903 914 2947 omnes
938 2902 1006 2946 esse
1030 2892 1242 2967 consonantes,
1265 2884 1407 2964 quoniam
1431 2885 1463 2945 in
1482 2882 1594 2947 Catone
1619 2887 1694 2946 scri·

361 2988 460 3052 bendo
488 3009 550 3053 non
579 2995 679 3054 minus
708 3001 797 3055 sonet
819 3011 835 3054 a
859 2995 1059 3072 littera-cum
1082 3011 1113 3068 c,
1143 3010 1233 3075 quam
1257 3011 1275 3054 c
1298 2991 1399 3054 littera
1422 3011 1492 3054 cum
1515 3011 1541 3054 a.
1579 2995 1694 3056 scimus

360 3107 463 3184 umen·
485 3098 674 3164 subtiliorem
699 3101 805 3164 iactant
830 3121 896 3164 esse
921 3103 1108 3185 divisionem,
1132 3111 1166 3163 ιιι
1189 3099 1306 3163 vocales
1326 3101 1392 3163 illae
1412 3101 1535 3181 quidem
1555 3101 1692 3164 diceren-
1711 3107 1739 3146 ¹⁵

360 3213 425 3290 tur,
453 3211 519 3271 sine
543 3210 654 3292 quibus
678 3207 789 3292 syllaba
813 3210 880 3272 lieri
905 3228 964 3272 non
992 3211 1102 3293 possit,
1130 3217 1250 3271 ceterae
1279 3199 1494 3292 consonantes,
1522 3227 1598 3290 quae
1623 3227 1694 3270 cum
1736 3212 1741 3224 '

273 3342 275 3345 ’
361 3313 409 3376 bis
433 3327 555 3381 sonent:
579 3337 648 3382 nam
668 3317 742 3381 nibil
766 3326 901 3380 mutatur
925 3337 962 3380 ex
986 3315 1105 3399 syllaba.
1143 3319 1258 3379 inverati
1281 3318 1353 3381 sunt
1377 3326 1477 3380 umen
1497 3321 1548 3398 qui
1572 3326 1604 3379 et
1626 3320 1693 3379 sine

360 3424 454 3488 vocali
473 3434 582 3509 putent
599 3445 689 3509 posse
710 3425 851 3508 syllabam
870 3427 946 3489 lieri.
974 3444 1043 3488 narn
1062 3426 1328 3489 animadvertimus
1347 3425 1426 3508 apntl
1445 3428 1576 3488 comicos
1596 3445 1611 3488 s
1630 3435 1660 3488 et
1681 3435 1694 3488 t

358 3536 475 3620 pariter
498 3537 627 3616 scriptas
649 3535 775 3620 litteras,
798 3544 833 3598 ιιι
856 3533 935 3617 apud
959 3534 1136 3597 Terentium
1160 3537 1191 3596 in
1216 3533 1397 3597 Phormione

1055 3638 1172 3728 †non
1197 3645 1227 3704 is
1251 3641 1405 3705 obsecro
1430 3651 1500 3724 est,
1708 3657 1740 3696 20

522 3771 627 3834 quem
651 3762 686 3818 ιε
711 3772 856 3836 εειιιρει·
879 3753 1014 3815 dicunt.
1052 3750 1203 3833 Siquid
1228 3752 1290 3814 bas
1315 3759 1457 3814 metues
1481 3751 1594 3815 iores:

451 3961 543 4019 Genea
562 3963 712 4020 Parrhasii
758 3912 962 4036 linsliiuencli
981 3962 1021 4020 0:
1040 3966 1054 4018 b
1071 3979 1206 4034 superser.
1226 3965 1263 4019 c*
1340 3962 1468 4020 enutio
1552 3963 1691 4020 'lliniiio-

358 4061 423 4100 nem
497 4045 653 4102 9dicimur
672 4061 723 4100 om.
744 4044 774 4110 (1,
793 4045 826 4098 io
844 4061 930 4116 marp.
951 4045 1052 4101 auu.e
1126 4051 1157 4100 11
1178 4045 1292 4102 vocales
1310 4061 1362 4102 om.
1378 4044 1417 4112 0;
1432 4046 1464 4100 io
1483 4061 1571 4115 moro.
1591 4045 1692 4100 aduc

416 4131 449 4181 12
468 4125 596 4200 libianae]
617 4128 728 4184 liliatas
803 4133 837 4181 14
856 4142 912 4182 non
931 4125 1025 4182 minus
1043 4130 1124 4182 sonat
1142 4127 1265 4197 squam
1285 4143 1300 4182 c
1318 4126 1418 4182 littera
1440 4143 1505 4182 cum
1525 4143 1543 4182 a

359 4247 576 4260 *a

447 4307 476 4365 R
495 4312 580 4368 editio
596 4311 727 4382 princeps
745 4305 851 4364 Romae
870 4325 897 4362 u.
917 4311 992 4363 1587

446 4389 582 4450 VELIVS
602 4389 752 4448 LONGVS
772 4387 821 4444 DE
842 4387 1138 4448 ORTHOGRAPHIA
1157 4391 1186 4447 R
1251 4394 1315 4446 bul
1328 4390 1447 4447 uerbum
1462 4391 1547 4446 codex
1562 4389 1690 4447 Vrsior'u-

355 4488 411 4527 uua
429 4474 461 4528 io
480 4491 566 4544 marp.
587 4477 617 4530 ei
635 4473 752 4530 verbum
766 4474 810 4528 ert
828 4473 859 4528 el
876 4470 1039 4526 coniunctio
1054 4474 1083 4526 el
1102 4471 1285 4544 praepositio,
1304 4489 1375 4542 prece
1388 4473 1500 4540 ecelsaei,
1521 4489 1554 4527 ec
1569 4473 1689 4528 ιιάιιοια-

356 4555 430 4608 lr'one
448 4555 481 4610 de
496 4555 629 4625 pertibus
647 4555 785 4610 motionis
803 4555 835 4608 io
853 4555 978 4624 ma-rpiree
997 4554 1140 4622 adscripto
1159 4556 1241 4610 illata
1260 4570 1314 4608 ease
1332 4555 1461 4608 uidentur
1553 4560 1568 4608 7
1589 4556 1688 4626 quam]

356 4651 414 4704 qun
432 4635 516 4690 codex
534 4635 705 4692 Vreioa'nnus
722 4636 755 4690 r'u
773 4651 860 4706 muru.
927 4640 960 4688 la
979 4635 1098 4702 fortuma
1115 4635 1224 4690 nnllam
1243 4634 1335 4705 magia
1354 4633 1483 4689 minusve
1497 4633 1690 4690 necessariam

354 4732 416 4772 esse
436 4732 525 4786 quam
543 4716 630 4771 aliam
705 4723 738 4772 13
759 4715 911 4787 explanent
930 4715 1087 4774 Potachiua.
1117 4733 1156 4772 ao
1175 4715 1379 4787 explanarent?
1454 4722 1489 4771 14
1512 4731 1570 4771 non
1594 4715 1689 4772 minus

356 4800 439 4854 sonet
457 4813 476 4852 a
494 4813 580 4868 quam
600 4813 615 4852 c
634 4797 732 4853 littora
751 4814 815 4852 cum
834 4813 852 4852 o
871 4795 899 4850 R
983 4803 1016 4852 16
1034 4796 1152 4862 fortasse
1171 4797 1232 4852 fieri
1251 4812 1306 4854 non
1326 4797 1423 4866 posset
1443 4827 1477 4836 -
1498 4797 1634 4850 sonarent

359 4883 392 4934 17
412 4881 540 4934 momine
557 4876 587 4933 in
607 4879 719 4949 syllaba
737 4877 765 4932 R
832 4883 865 4932 19
884 4877 914 4932 in
934 4875 1115 4948 Phormione]
1144 4877 1168 4931 V
1185 4883 1215 4944 1,
1235 4882 1271 4932 16
1336 4882 1371 4930 20
1392 4892 1448 4931 non
1467 4875 1491 4930 is
1508 4875 1627 4931 obsecro
1648 4894 1687 4933 es.

353 4975 439 5032 quem
454 4975 566 5032 semper
579 4961 608 5016 be
624 4976 684 5016 esse
699 4959 858 5016 dictilsui?
886 4959 935 5015 Ch.
952 4957 991 5014 St.
1009 4957 1055 5014 So.
1076 4957 1217 5026 Quid-bas
1233 4957 1338 5012 alelnis
1354 4956 1446 5014 iores?
1466 4955 1543 5013 Rex
1559 4955 1688 5018 Terentio
