3616 5482
571 312 681 371 GAPRJ
700 311 997 374 carucata-sema

109 429 132 468 μ
148 415 214 458 ιιιι.
227 416 255 458 ιι
268 413 293 456 e.

207 499 277 562 Sevi
300 517 441 583 messem,
455 518 526 564 'non
550 503 634 566 serui
657 501 834 566 dicendum,

204 607 372 670 Pulchrum
395 627 466 672 cunr
489 608 509 671 Ιι
533 609 738 696 scribendum,
762 609 938 692 sepulcrum
961 609 1026 672 siue
1050 607 1079 670 h.

207 713 288 779 Cella
311 719 454 800 penaria·
468 735 530 780 uon
552 719 669 800 pinaria
693 715 864 780 dicendum.
1060 697 1064 702 ’

170 899 175 906 ,
206 822 381 907 Praeccqua
405 824 583 910 dicendum,
606 827 766 907 praecocia
791 822 1000 888 deridendum.
1067 885 1070 892 .

207 929 370 1014 Peperaria
393 932 471 996 mola
495 951 556 996 uon
581 932 743 996 dicendum
766 942 828 1018 est,
851 932 904 996 sed
928 935 1080 1015 pipereria

206 1038 398 1104 Thesaurum
421 1042 487 1104 sine
511 1059 532 1103 n
556 1039 765 1126 scribendum,
790 1061 850 1105 nou
874 1041 1073 1105 thensaurum
1097 1049 1127 1104 et
1151 1050 1261 1106 cetera

206 1147 349 1212 Misertue
369 1151 429 1212 mei
447 1167 504 1232 per
523 1151 697 1232 genetivum
713 1149 851 1234 dicimus,
874 1159 905 1214 at
923 1168 979 1232 per
994 1151 1200 1214 accusativum
1214 1153 1377 1216 miseratus
1393 1169 1450 1214 me.

205 1255 299 1320 Pecto
323 1267 427 1339 caput,
451 1276 512 1321 non
542 1260 677 1342 pactilio,
706 1267 737 1322 et
759 1277 885 1342 pexum,
916 1275 978 1322 uon
1001 1260 1197 1340 pectinatum.
1240 1262 1285 1322 sic
1310 1267 1346 1322 et·
1365 1255 1452 1342 ‘peri

113 1375 227 1427 memet
251 1360 357 1430 hodie’
382 1375 413 1429 et
436 1361 573 1448 ‘pectam
597 1361 691 1430 cras².
729 1370 773 1430 sic
797 1369 867 1430 nexi
890 1385 909 1430 a
931 1375 1029 1430 necto.

75 1493 101 1532 ιι
207 1472 307 1538 Ructo
336 1483 366 1536 et
394 1476 500 1538 nauslo
525 1471 701 1557 dicendum,
725 1477 861 1554 quamvis
885 1473 1007 1556 quidam
1037 1481 1155 1536 veteres
1184 1483 1290 1538 ructor
1318 1482 1350 1537 et
1378 1493 1452 1538 nau·

114 1581 178 1644 sior
202 1582 343 1646 dixerint
380 1601 442 1645 nou
464 1600 552 1665 egeo,
578 1600 639 1645 non
666 1599 751 1666 eges,
778 1601 838 1646 uon
861 1591 929 1664 eget
950 1580 1128 1666 dicendum,
1153 1601 1215 1646 non
1236 1591 1339 1648 autem
1359 1601 1452 1664 egeor

114 1698 147 1752 et
170 1691 279 1770 egeris.
771 1745 773 1748 .

206 1795 280 1860 ilico
303 1815 352 1860 me
375 1799 537 1876 victurum,
560 1797 629 1860 dico
652 1797 737 1862 illum
762 1800 923 1882 victurum,
946 1816 1008 1862 uon
1032 1801 1225 1863 vinciturum.
1263 1803 1308 1864 sic
1327 1819 1449 1883 quoque

114 1905 259 1968 dctumur
283 1913 314 1968 et
336 1907 491 1987 picturum
515 1905 692 1991 dicendum,
716 1924 777 1978 non
800 1907 997 1987 pinciturum.

75 2031 101 2072 ιι
207 2011 283 2075 Fido
302 2012 386 2098 milri,
405 2012 524 2077 conlido
544 2013 608 2096 tibi,
627 2025 658 2077 et
677 2014 797 2076 ildimus
818 2011 915 2096 nohis,
935 2011 941 2090 Ι
962 2013 1141 2078 conlldimus
1162 2014 1255 2078 vobis.
1294 2017 1338 2078 sic
1357 2013 1451 2078 ildere

114 2119 216 2184 media
244 2129 393 2204 correpta
433 2141 510 2198 ‚nam
539 2125 565 2184 si
593 2120 795 2204 meotides,
828 2129 862 2184 ut
892 2129 980 2202 tepeo
1008 2121 1109 2207 rideo,
1137 2122 1251 2186 laceret
1278 2121 1387 2206 fidere,
1418 2132 1454 2186 ut

116 2237 222 2312 tepere
246 2229 356 2293 ridere.

208 2336 320 2401 Sordet
346 2348 414 2403 acet
442 2349 513 2402 anet
540 2339 629 2404 lloret
658 2338 735 2404 calet
764 2337 884 2421 squalet
912 2347 978 2402 aret
1001 2337 1140 2422 splendet
1164 2342 1257 2422 viget,
1285 2338 1360 2402 haec
1383 2357 1451 2421 per·

116 2447 196 2510 lecta
220 2456 309 2530 suut3
332 2456 363 2510 at
386 2449 537 2530 inceptiva
555 2441 706 2511 sordescit
723 2449 837 2510 acescit
855 2449 974 2510 anescit
992 2446 1127 2510 florescit
1147 2445 1270 2510 calescit
1289 2444 1453 2528 squalescit
1477 2465 1480 2472 ·

76 2572 102 2614 so
115 2557 229 2618 arescit
251 2552 437 2636 splendescit
448 2557 594 2637 uigescit

208 2661 377 2748 Suffragor,
401 2681 463 2727 uon
486 2665 627 2746 solivago.
665 2665 710 2728 sic
733 2664 915 2745 suffragatus
939 2679 1024 2745 sum,
1047 2681 1108 2727 non
1131 2665 1301 2748 suffragari.

209 2843 222 2890 1
250 2834 317 2892 Sevi
336 2867 369 2878 -
389 2841 406 2890 ι
426 2835 526 2894 siueh
550 2854 601 2894 orn.
620 2837 739 2908 Βθςρ,
757 2837 822 2894 odd.
844 2837 883 2892 M
985 2842 1002 2892 3
1027 2835 1100 2894 cella
1126 2839 1245 2910 penaria
1263 2856 1320 2896 uon
1338 2837 1453 2910 pinaria

116 2915 270 2973 dicendum
289 2916 341 2974 Bc
359 2917 433 2974 celia
451 2917 565 2989 pinaria
579 2935 636 2975 non
654 2918 773 2990 penaria
790 2916 942 2974 dicendum
963 2915 987 2972 C
1004 2915 1078 2973 celis
1096 2918 1214 2989 panaria
1232 2921 1312 2986 (corr.
1328 2919 1452 2990 pinaria)

116 2996 270 3054 dicendum
288 3001 325 3054 M
408 3006 426 3055 t
448 2997 622 3071 praecoqua]
641 3015 832 3071 praequoqua
852 3000 890 3054 M
911 3013 1033 3067 preeoca
1049 2995 1114 3053 ΒΟ.
1142 3015 1264 3069 praecox
1283 3003 1314 3057 et
1335 3016 1451 3071 praeco-

116 3095 175 3149 qua
202 3078 317 3136 Nonius
336 3096 366 3150 p.
386 3083 452 3147 150,
470 3085 508 3137 18
585 3080 747 3152 praecocia]
774 3079 921 3152 prusenus
941 3079 978 3136 M
983 3079 1008 3136 0
1023 3079 1153 3152 precotia
1169 3079 1207 3135 Β.
1235 3082 1353 3149 fortusse
1371 3097 1452 3152 prae·

117 3160 211 3215 coctis
302 3167 319 3216 ι
342 3159 492 3232 pepereris
515 3159 592 3216 mola
614 3175 672 3217 uon
695 3161 818 3219 dicenda
836 3164 881 3218 est
904 3159 954 3217 sed
979 3159 1123 3231 piperaria
1142 3159 1181 3214 M
1197 3161 1343 3233 pepiraria
1361 3161 1451 3233 (pepi-

116 3239 190 3296 rslis
207 3241 246 3310 Β)
270 3241 348 3298 mals
369 3258 427 3298 uon
450 3241 602 3299 dicendum
626 3245 671 3297 eet
695 3242 745 3298 sed
769 3242 876 3314 pirario
893 3240 952 3298 BC
968 3241 1111 3314 popio-aria
1128 3241 1207 3298 mola
1224 3241 1375 3299 Meeudum
1394 3257 1452 3299 nou

117 3377 174 3446 est,
188 3373 239 3432 sed
252 3374 362 3447 piraria
375 3394 398 3448 p
453 3383 469 3434 6
485 3323 641 3434 fessarum
656 3375 717 3432 siue
726 3395 747 3433 ιι
761 3376 942 3434 scribendum
957 3380 987 3434 et
1000 3393 1057 3433 non
1070 3375 1255 3432 thensaurum
1265 3377 1296 3432 et
1308 3383 1405 3434 cetera
1415 3378 1454 3434 M

117 3453 295 3512 itesauruur
320 3455 380 3513 sine
404 3475 424 3513 ιι
448 3457 627 3515 scribendum
653 3461 682 3514 et
706 3460 801 3515 cetera
823 3459 852 3515 Β
875 3457 1041 3516 thesaurum
1065 3455 1125 3514 siue
1145 3477 1164 3513 ιι
1188 3459 1218 3512 et
1241 3456 1382 3516 ceteraO

121 3543 135 3593 7
155 3535 278 3594 dicimus
293 3541 324 3593 at
342 3555 394 3610 per
408 3539 447 3594 Μ
463 3539 614 3596 dicendum
632 3557 684 3612 per
702 3538 762 3596 ΒΟ
837 3545 853 3595 8
873 3538 913 3595 sio
933 3541 1047 3610 pectam
1066 3541 1172 3594 memet
1190 3537 1276 3594 hodie
1291 3541 1321 3594 et
1338 3540 1452 3611 pectam

117 3633 179 3674 cras
199 3616 239 3672 Μ
253 3617 343 3676 sicet
360 3619 427 3691 pexi
445 3625 551 3678 memet
570 3625 600 3678 et
618 3623 731 3693 pectam
750 3637 812 3676 oras
829 3618 890 3676 Bu
973 3624 1007 3674 10
1026 3623 1106 3676 ructo
1127 3625 1156 3675 et
1173 3617 1275 3675 uausio
1293 3619 1333 3674 Μ
1347 3619 1451 3677 Eructc

117 3696 150 3766 (Β
169 3701 239 3768 rue.)
262 3701 293 3756 et
315 3699 413 3756 uausio
431 3698 459 3753 Β
478 3702 509 3757 et
531 3704 612 3758 ructo
635 3703 665 3758 et
688 3699 829 3758 mestoc
850 3703 880 3757 et
903 3701 983 3756 ructo
1009 3703 1039 3756 et
1061 3716 1167 3756 nauseo
1187 3716 1205 3760 ς
1308 3705 1405 3758 ructor
1423 3703 1454 3758 et

118 3777 234 3836 uausior
252 3779 375 3838 dixerint
393 3779 433 3834 Μ
447 3779 580 3838 dixerunt
597 3785 694 3840 ructor
713 3781 743 3838 et
760 3781 876 3838 nausior
892 3781 952 3838 BC
973 3779 1107 3837 dixeram
1129 3784 1226 3838 ructor
1244 3783 1275 3838 et
1293 3799 1415 3840 nauseor
1434 3798 1451 3842 s

192 3919 226 3969 18
250 3911 315 3973 dico
338 3931 384 3972 me
406 3915 549 3971 uiourrurn
573 3917 637 3974 dico
661 3916 743 3974 illum
768 3917 910 3973 uicturum
934 3915 982 3972 uel
1005 3913 1148 3974 uicturum
1170 3933 1227 3973 nou
1250 3865 1392 3974 uiuidum
1421 3919 1451 3972 et

572 4001 593 4041 fl
1158 4017 1168 4030 ο

117 4049 264 4121 picturum
283 4047 435 4106 ιιιοοιιιιιιιιι
453 4067 511 4107 nou
529 4049 672 4123 picturum
690 4051 737 4108 uel
756 4049 901 4122 picturum
919 4050 948 4106 Β
971 4050 1036 4108 Meo
1055 4069 1101 4109 me
1120 4053 1263 4108 uicturum
1281 4052 1345 4107 dico
1368 4049 1451 4106 illum

348 4130 387 4172 sol
401 4131 536 4174 mmm
603 4137 643 4178 usi
672 4137 790 4177 lucturum

117 4187 262 4244 aarum
275 4202 333 4242 non
347 4183 514 4240 umanum
529 4203 586 4244 non
605 4147 759 4260 piatam
779 4191 858 4256 (con.
873 4184 1051 4256 picturarum)
1068 4186 1097 4246 c.
1116 4188 1181 4244 aaut
1194 4188 1362 4258 empnam
1376 4186 1451 4243 aar·

118 4270 159 4326 cis
177 4267 226 4336 M,
245 4283 316 4340 quae
334 4266 377 4322 tta
395 4265 505 4322 cidare
522 4269 695 4328 ιιιιιιιᾱαιιιια
713 4284 781 4336 mse,
800 4265 864 4322 dico
884 4281 930 4321 me
944 4266 1099 4338 victurum,
1117 4268 1182 4326 dico
1200 4269 1283 4325 illum
1302 4267 1452 4335 victurum

116 4365 173 4406 nou
198 4349 370 4406 vinctorum.
403 4346 444 4404 sic
468 4363 581 4420 quoque
604 4349 736 4408 ficturum
761 4353 791 4407 et
812 4348 958 4421 picturum
981 4349 1147 4418 dicendum,
1172 4367 1227 4407 uon
1252 4350 1404 4406 insutum
1423 4353 1453 4405 et

117 4429 282 4501 piaclorum
358 4433 390 4485 te
410 4431 494 4501 tepeo
509 4427 600 4504 rideo]
620 4431 720 4502 torpeo
735 4430 835 4486 sordeo
852 4427 876 4484 G
946 4428 1034 4487 fidere
1052 4432 1085 4484 ut
1102 4433 1200 4501 tepere
1216 4428 1308 4486 ridere
1323 4427 1451 4488 Sordere.

118 4511 215 4568 sordet
229 4511 295 4568 acet
307 4513 376 4568 anet
394 4511 476 4568 ilcret
493 4509 607 4583 squulet
626 4509 757 4581 splendet
774 4507 857 4582 uiget
870 4513 933 4566 aret
951 4509 1021 4566 haee
1040 4509 1167 4581 perlecta
1181 4513 1248 4566 suut
1262 4511 1293 4566 at
1306 4509 1453 4584 inceptivas

118 4595 185 4650 suut
207 4590 348 4648 sordescit
369 4592 476 4650 nescit
500 4589 610 4649 aueseit
632 4589 757 4648 florescit
780 4590 935 4661 squalescit
958 4589 1132 4663 splendescit
1155 4591 1278 4664 uigescit
1301 4591 1406 4650 messit
1423 4593 1452 4649 Β

118 4671 204 4730 iiders
222 4675 320 4744 tepere
339 4671 454 4730 sordere
472 4672 568 4732 sordet
587 4674 674 4728 aunet
692 4672 774 4730 floret
792 4671 882 4729 scalet
900 4675 982 4742 (corr.
997 4671 1121 4742 squalet)
1141 4672 1273 4744 splendet
1291 4673 1371 4745 uiget
1389 4677 1453 4731 aret

119 4753 189 4811 haec
207 4753 337 4827 perlecta
351 4756 417 4814 suut
430 4758 462 4811 at
479 4752 624 4826 inceptioa
639 4755 705 4808 suut
719 4752 856 4810 sordescit
869 4751 988 4808 accessit
1006 4751 1137 4810 aunescit
1154 4752 1280 4810 florescit
1298 4753 1453 4827 squalescit

120 4833 294 4906 splendescit
312 4833 436 4906 algescit
454 4834 559 4893 arescit
579 4835 603 4890 0
675 4839 709 4890 ta
729 4833 879 4903 sordescit]
899 4832 995 4888 sordes
1015 4831 1054 4886 M
