3616 5482
302 351 345 416 et
789 345 898 404 clem
919 345 966 402 cr
984 344 1162 404 senonen

400 537 550 620 Excerpta
575 538 736 618 utriusque
760 538 948 618 grammatici
972 536 1115 619 leguntur
1138 539 1168 598 in
1191 535 1295 599 codice
1315 535 1642 618 blontepcssulano

310 647 336 710 ll
363 643 438 710 160
465 645 583 709 decimo
612 645 732 708 saeculo
763 648 890 728 scripto,
920 647 972 727 qul
1001 644 1073 708 ollm
1103 641 1228 708 liuberti
1257 645 1327 728 init,
1355 646 1374 709 l.
1402 642 1509 709 1-3*
1534 648 1644 724 incipit

308 756 384 817 libri
400 755 498 834 Capri
515 755 554 816 de
573 755 747 830 ortoprofio
765 771 820 816 cen
839 763 869 817 et
889 755 927 817 de
946 753 1048 816 uerbis
1066 753 1169 816 dechila
1184 754 1272 817 Huec
1290 758 1345 817 uic
1364 771 1424 832 qno
1448 757 1536 817 deicit
1559 755 1641 816 dice·

308 881 376 926 runs
404 881 465 926 non
489 863 545 926 nbi
570 863 645 924 Coto
674 861 834 924 descendit
857 864 993 924 dicemus
1016 880 1077 925 non
1102 862 1257 925 discendit
1279 870 1309 924 et
1333 867 1559 940 interruperunt
1582 881 1643 940 quo

308 991 371 1050 qun
409 973 489 1034 horn
524 971 601 1032 solet
636 969 684 1030 ire
715 967 806 1045 soror
837 978 867 1031 ct
897 988 962 1033 esse
989 968 1079 1047 soris.
1127 971 1178 1032 Ad
1202 975 1411 1047 aromaticum
1440 973 1523 1035 nodo
1553 974 1647 1050 Apud

306 1083 458 1143 medicum
488 1080 573 1140 disco
598 1109 641 1120 -
671 1076 727 1138 Uir
755 1079 842 1139 ducit
870 1081 982 1140 mulier
1005 1079 1106 1140 nubet.
1145 1080 1181 1141 cl.
1208 1078 1332 1161 catalog.
1355 1079 1457 1161 gener.
1482 1079 1536 1142 des
1565 1097 1643 1142 man.

308 1209 339 1272 p.
358 1184 433 1252 340.
467 1184 612 1268 pleraque
632 1203 667 1246 cx
688 1185 805 1246 minore
825 1182 914 1266 Capri
934 1182 1011 1246 libro
1035 1187 1138 1266 petita,
1162 1185 1215 1248 sed
1240 1186 1333 1250 inulta
1358 1189 1448 1249 etiam
1474 1205 1509 1248 er
1530 1189 1643 1248 maiore

313 1305 404 1360 etex
429 1294 506 1358 libro
525 1295 665 1374 Agroecii
689 1292 798 1375 addita,
822 1293 920 1354 omnia
945 1301 1046 1354 autem
1071 1293 1177 1356 ordine
1201 1295 1371 1359 litterarum
1394 1294 1539 1377 disposita
1563 1304 1643 1357 scrut.

309 1407 382 1469 baec
406 1404 468 1467 dixi
488 1411 630 1483 excerpta
650 1398 911 1482 blontcpessulaua
931 1411 961 1463 et
984 1419 1088 1483 pauca,
1107 1419 1184 1482 quae
1209 1413 1330 1484 praeter
1354 1414 1525 1466 ceterorum
1550 1404 1642 1467 libro·

310 1532 378 1576 rum
404 1515 586 1595 scripturam
606 1508 787 1572 uidebantur
811 1511 954 1570 memoria
979 1509 1068 1590 digna
1093 1527 1170 1591 ease,
1194 1529 1230 1572 ex
1255 1513 1292 1572 iis
1316 1511 1472 1594 adscripsi.

400 1621 526 1684 Praeter
544 1619 600 1682 hoa
622 1617 743 1680 codices
765 1627 883 1680 veteres
903 1617 1069 1680 eorundem
1089 1616 1236 1681 librorum
1257 1619 1378 1682 codices
1398 1639 1559 1702 superesse
1575 1625 1645 1683 nori

310 1731 374 1792 bos.
408 1728 547 1810 Agroecii
563 1725 776 1806 orthographia
792 1735 822 1787 et
841 1724 901 1788 duo
921 1724 991 1788 libri
1006 1725 1095 1808 Capri
1117 1728 1146 1788 in
1167 1725 1270 1789 codice
1292 1727 1487 1810 Neapolitano
1509 1727 1547 1790 lll
1561 1731 1584 1790 A
1600 1726 1646 1791 34

313 1855 390 1900 saec.
405 1835 446 1898 Xl
461 1835 507 1897 rel
522 1833 576 1897 llll
596 1834 703 1916 scripti
723 1841 794 1895 sunt
809 1841 887 1896 teste
902 1833 1044 1896 lannelllo
1061 1834 1145 1897 catal.
1161 1833 1232 1896 bibl.
1247 1835 1295 1898 lat.
1313 1855 1388 1900 noris.
1404 1835 1532 1900 liorhon.
1547 1857 1575 1920 p.
1591 1834 1645 1900 27.

310 1947 396 2028 prlor
419 1943 509 2026 Capri
533 1942 611 2006 liber
635 1961 705 2005 curn
729 1943 875 2022 Agroecio
899 1944 930 2005 in
955 1941 1058 2005 codice
1085 1941 1270 2024 Sangallensl
1294 1941 1360 2006 249
1386 1964 1462 2008 saec.
1482 1944 1532 2028 lll,
1556 1947 1646 2008 culus

316 2057 347 2116 iu
372 2053 487 2116 Scauro
511 2053 696 2114 mentionem
720 2051 792 2132 ieci,
819 2058 889 2132 post
917 2050 1161 2133 orthographiam
1186 2049 1283 2114 Bedae
1307 2052 1432 2134 iegitur,
1456 2057 1565 2132 incipit
1592 2073 1650 2116 urs

315 2163 413 2241 Capri
430 2163 469 2224 tle
492 2162 697 2239 ortoprnphio
721 2177 810 2222 nmen
834 2161 923 2223 Haec
947 2193 990 2203 -
1013 2163 1172 2222 stellarum
1192 2165 1392 2240 explicitura
1414 2163 1511 2240 Capri
1533 2166 1645 2240 incr'pit

311 2273 460 2352 prolopns
480 2269 628 2346 Eproecii
647 2269 775 2330 Domino
795 2302 837 2314 -
855 2271 1010 2348 precibus.
1045 2274 1117 2346 finit
1136 2287 1190 2332 urs
1205 2271 1353 2348 Aproecii
1371 2273 1410 2333 dc
1428 2272 1651 2348 ortoprcphin:

313 2382 386 2443 ltem
410 2381 441 2440 in
466 2377 569 2440 codice
593 2375 757 2458 lleglnensl
782 2373 870 2442 2018
896 2397 919 2440 s.
942 2377 997 2455 lll,
1022 2383 1131 2459 incipit
1155 2399 1210 2442 urs
1237 2381 1334 2458 Capri
1360 2383 1399 2442 tle
1422 2381 1650 2457 orthographia

313 2489 401 2551 Haec
431 2519 470 2531 -
503 2488 656 2548 stillarum
685 2489 765 2565 cepi.
796 2502 856 2548 ure
883 2477 980 2565 Cupri
1006 2489 1044 2550 de
1078 2491 1251 2565 ortoprafio
1288 2491 1397 2566 incipit
1425 2505 1479 2548 ors
1508 2487 1653 2563 Aproelii

315 2599 444 2660 Domino
469 2625 511 2639 ·-
535 2595 690 2672 supplicia
719 2597 758 2656 tle
786 2599 945 2658 tormentis
973 2598 1125 2658 dicemus:
1155 2605 1185 2659 et
1214 2615 1282 2658 cum
1307 2605 1391 2677 parte
1416 2593 1485 2657 libri
1511 2595 1651 2675 Agroecii

314 2708 345 2767 in
369 2701 507 2765 Parisino
537 2697 624 2764 ’1491
651 2719 728 2764 saec.
753 2699 779 2763 X
804 2701 824 2764 l.
850 2699 998 2786 85-88,
1027 2707 1138 2782 incipit
1166 2723 1220 2766 urs
1253 2705 1350 2783 Capri
1377 2706 1415 2766 de
1444 2704 1651 2780 ortoprophin

315 2813 403 2875 Haec
426 2843 463 2854 -
486 2812 654 2874 stellarum.
693 2813 822 2889 explicit
844 2829 899 2873 crs
926 2813 1025 2890 Cupri
1047 2815 1156 2890 incipit
1176 2816 1325 2890 prolopus
1349 2815 1497 2888 Aproecii
1520 2811 1651 2873 Domino

322 2953 358 2965 —
377 2939 406 3002 p.
422 2914 511 2982 2267
528 2920 697 2997 positinum
716 2919 809 2981 hobel
827 2922 916 2980 mcclii
933 2922 1158 2997 superlotinurn
1179 2922 1314 2998 plurimi.
1345 2929 1486 3002 excerpta
1502 2921 1652 3000 Agroecii,

318 3046 394 3110 quac
418 3030 450 3088 ln
475 3025 579 3088 codice
604 3024 752 3088 Beruensi
776 3023 843 3089 330
867 3027 979 3107 scripta
1004 3045 1071 3089 esse
1095 3027 1171 3110 dini,
1195 3031 1276 3090 inter
1300 3027 1355 3090 aba
1380 3036 1522 3110 excerpta
1546 3025 1651 3088 ortho-

316 3135 459 3220 graphica
483 3134 627 3215 leguntur
650 3135 742 3197 etiam
765 3135 796 3196 in
826 3133 930 3195 codice
960 3133 1212 3214 Sangermanensi
1240 3133 1326 3199 1180
1350 3155 1373 3199 s.
1399 3134 1439 3196 tx
1463 3135 1481 3197 l.
1507 3132 1653 3217 35-36,

320 3247 396 3308 Item
420 3244 647 3321 orthopruphin
667 3245 813 3318 Apretius
837 3245 970 3305 libellum
990 3248 1084 3321 cupri
1105 3247 1144 3306 de
1166 3247 1370 3322 ortoprophin
1389 3247 1499 3305 misisti
1515 3246 1593 3304 mihi
1610 3276 1650 3288 -

321 3355 466 3416 delictum
487 3352 695 3429 npecccnclo.
729 3367 765 3411 ex
784 3348 870 3412 libris
890 3352 996 3431 quinto
1016 3350 1132 3413 decimo
1153 3351 1273 3414 saeculo
1292 3354 1413 3434 scriptis
1434 3350 1522 3432 Capri
1541 3349 1654 3413 librum

321 3460 358 3523 de
389 3457 602 3541 orthographia
631 3459 732 3518 inveni
761 3458 792 3520 iu
821 3458 925 3520 codice
954 3457 1091 3520 Parisino
1121 3459 1217 3541 suppl.
1247 3457 1327 3543 294,
1356 3478 1425 3522 curn
1450 3461 1595 3540 Agroecio
1620 3461 1653 3520 in

320 3569 423 3632 codice
452 3566 615 3648 Reginensi
648 3561 733 3628 1818
764 3575 794 3627 ct
823 3568 852 3627 in
888 3566 1043 3629 codicibus
1072 3566 1222 3630 Vaticanis
1254 3566 1337 3630 1491
1370 3579 1399 3630 et
1430 3564 1653 3650 1492‚s01um

320 3676 459 3757 Agroecii
482 3674 593 3738 librum
617 3675 647 3736 in
673 3674 777 3736 codice
802 3673 944 3737 Vrbinate
968 3671 1034 3740 308
1059 3683 1090 3737 et
1114 3673 1254 3738 Leidensi
1278 3675 1348 3739 bibl.
1373 3674 1454 3757 publ.
1480 3669 1553 3737 156.

410 3781 571 3846 Lectiones
599 3791 700 3844 autem
736 3781 875 3845 codicum
905 3801 981 3863 quos
1010 3783 1045 3845 ael
1075 3782 1238 3846 editionem
1264 3783 1386 3846 adhibui
1411 3784 1456 3847 uel
1481 3787 1653 3847 accuratius

321 3893 486 3953 examinari
510 3891 550 3952 lta
574 3893 654 3952 inter
678 3908 710 3951 se
735 3891 927 3974 dissentiunt,
951 3901 985 3954 ut
1003 3901 1137 3954 veterem
1157 3901 1188 3954 et
1206 3895 1413 3973 incorruptam
1434 3893 1542 3955 horum
1562 3891 1653 3955 libro·
1786 3956 1796 3967 ,

322 4017 391 4062 rum
420 3997 466 4060 vel
495 4005 708 4079 excerptorum
738 3997 864 4061 lormom
888 4001 919 4062 ln
943 3999 1026 4062 nullo
1051 4009 1214 4082 serratam,
1243 3999 1295 4061 sed
1321 4000 1420 4062 studio
1444 4002 1653 4081 grammatico-

323 4125 391 4169 rum
411 4117 442 4170 et
461 4125 519 4169 usu
540 4104 711 4168 scholarum
730 4108 762 4167 in
781 4106 922 4169 omnibus
942 4118 1087 4171 mutatam
1106 4126 1173 4171 esse
1197 4119 1348 4191 appareat.
1388 4110 1440 4171 sed
1460 4111 1602 4190 quoniam
1623 4113 1654 4171 in

322 4225 404 4279 tanta
429 4217 598 4297 scripturae
621 4212 795 4278 diversitate
820 4218 910 4278 unius
933 4215 1046 4279 codicis
1071 4218 1208 4278 recensio
1229 4217 1381 4297 sequenda
1403 4225 1476 4298 erat,
1499 4235 1536 4278 ne
1557 4215 1655 4279 direr-

324 4341 427 4386 sorum
457 4322 603 4386 librorum
633 4323 778 4385 lectiones
806 4325 1023 4407 miscerentur,
1051 4323 1183 4388 dubitari
1212 4343 1272 4387 non
1302 4326 1400 4406 potuit
1431 4325 1504 4405 quin
1529 4323 1656 4404 reliquis

324 4434 532 4514 praeferretur
555 4430 847 4514 blontepessulanua.
886 4449 955 4493 nam
974 4452 1155 4514 quamquam
1180 4435 1210 4496 in
1234 4433 1291 4494 hoc
1311 4451 1431 4513 quoque
1452 4431 1553 4514 mtrlta,
1577 4451 1655 4514 quae

326 4541 439 4601 rectius
463 4541 576 4622 scripta
599 4540 742 4622 leguntur
766 4541 796 4602 in
817 4538 1032 4623 bernensibus,
1056 4550 1170 4603 mutata
1189 4540 1235 4602 rel
1254 4543 1373 4622 omissa,
1398 4540 1544 4620 quaedam
1564 4543 1654 4604 etiam

327 4664 403 4727 quae
432 4644 468 4708 ab
497 4647 555 4710 illis
578 4647 695 4710 ¹obsunt
724 4656 829 4730 postea
857 4647 957 4710 addita
988 4657 1072 4731 scrut,
1101 4658 1202 4711 tamen
1231 4647 1375 4729 pleraque
1404 4649 1517 4710 rectius
1542 4651 1656 4732 scripta

305 4754 449 4818 ‘exhibet
482 4774 570 4837 quam
604 4756 655 4820 illi.
702 4759 803 4840 ltaque
828 4757 918 4819 huius
951 4755 1020 4818 libri
1054 4761 1263 4820 recensionem
1297 4749 1377 4841 (M),
1410 4765 1556 4837 quantum
1589 4757 1657 4819 llerl

327 4872 459 4946 poterat,
495 4863 618 4927 exhibui
649 4884 792 4946 eamque,
824 4863 877 4926 ubi
908 4864 1066 4927 manifesto
1097 4873 1240 4945 corrupta
1272 4873 1351 4947 erat,
1381 4883 1418 4925 er
1449 4862 1657 4927 Bernensibus
