3590 5486
340 333 413 401 ’262
952 332 1076 392 BEDAE

347 450 369 489 p.
384 435 444 479 aare.
460 437 485 478 ro
501 435 527 476 e.

349 523 401 600 48,
426 515 487 606 20)
513 516 654 603 ‘posuit
676 519 846 604 Ephraim
869 531 954 586 ante
977 517 1184 584 blanassen’
1208 533 1239 585 et
1262 514 1343 607 (Iob.
1362 525 1395 604 1,
1415 519 1472 610 15)
1497 519 1576 608 ‘qui
1601 531 1689 605 post

349 651 401 696 mc
426 633 635 694 renitente
659 647 712 693 me
737 630 857 695 lactus
881 626 963 714 est',
986 631 1018 694 id
1041 640 1089 694 est
1113 629 1186 693 mihi
1208 629 1370 713 praelatus.
1778 645 1779 648 ’

440 739 515 803 Aula
539 739 629 802 latine
654 740 762 802 domus
782 741 865 821 regla
884 748 944 822 est,
967 738 1035 802 aule
1059 757 1169 821 graece
1188 741 1300 804 atrium
1319 739 1440 814 dicitur.
1478 741 1558 804 unde
1578 749 1687 804 notan·

349 851 421 914 dum
445 848 526 931 quad
549 851 580 912 in
603 840 809 932 psalmata&
831 841 883 932 2),
910 845 964 910 ubi
994 846 1122 929 legimns
1146 841 1312 912 ‘adorate
1336 848 1521 912 dominum
1543 851 1580 913 in
1606 849 1688 912 aula

350 965 475 1022 sancta
504 952 610 1040 eius',
638 974 699 1020 non
726 955 870 1040 palatium
899 954 984 1020 aulae
1013 958 1149 1040 nomine,
1179 957 1232 1020 sed
1261 959 1374 1021 atrium
1401 975 1511 1040 graeco
1540 955 1718 1020 vocabulos

351 1067 441 1132 debet
464 1065 607 1146 intellegi

442 1174 587 1238 Ausculto
615 1175 734 1238 suasori
761 1183 793 1238 et
820 1174 959 1240 ausculto
986 1184 1149 1259 praecepta
1177 1177 1322 1258 magistri
1368 1175 1507 1239 ausculto
1529 1185 1633 1240 autem
1658 1187 1689 1240 et

351 1286 441 1350 audio
462 1279 468 1370 1
489 1303 526 1348 ex
554 1301 615 1346 uno
645 1301 754 1366 graeco
783 1280 952 1364 [sermone]
982 1291 1159 1368 vertuntur,
1183 1283 1264 1365 quod
1289 1291 1336 1348 est
1359 1274 1486 1348 ἀκούω.
1524 1283 1688 1365 [ascetum

354 1393 493 1458 similiter
518 1402 549 1456 et
572 1411 643 1456 cera
665 1390 779 1473 liquida
802 1389 958 1473 pretiosa]

443 1503 519 1564 trra
542 1499 633 1564 latine
653 1501 774 1582 dicitur,
797 1499 926 1563 arrabon
950 1519 1058 1583 graece
1084 1491 1286 1583 [appellavi
1320 1517 1398 1582 agon
1419 1518 1527 1583 graece
1552 1491 1690 1586 [cipalv],
1707 1519 1733 1558 lo

353 1611 445 1674 latine
470 1619 633 1674 certamen.
670 1627 761 1673 arura
784 1627 892 1692 graece
917 1600 1093 1693 [dpovch
1121 1607 1214 1672 latine
1240 1626 1356 1673 aarum.
1394 1607 1547 1692 asphaltes
1570 1629 1690 1694 graece,

353 1719 446 1784 latine
471 1719 617 1781 bitumen.
1613 1801 1615 1804 Ι

445 1828 523 1890 Acer
543 1827 725 1910 acerrimus,
748 1845 809 1889 non
827 1828 1035 1909 avarissimus,
1059 1825 1144 1909 agilis
1169 1826 1332 1910 agillimus,
1356 1845 1418 1890 non
1436 1826 1635 1912 agilissimus,
1660 1839 1691 1892 at

355 1940 385 2000 ln
409 1935 561 2000 adverbiis
583 1938 731 1998 acerrime
755 1943 786 1998 et
810 1935 948 2016 agillime.

443 2044 548 2108 ludeo
572 2042 665 2106 audes
687 2044 858 2126 perlectum
883 2043 954 2106 lacit
978 2061 1070 2106 ausus
1094 2061 1170 2107 sum.
1706 2061 1733 2102 aa

444 2154 561 2217 Adiuro
584 2153 738 2236 perlectae
762 2151 876 2214 formae
900 2161 962 2236 est,
985 2152 1088 2215 adiuta
1113 2151 1361 2233 frequentatirae.

444 2264 560 2326 Acervo
584 2279 694 2343 aggero
718 2260 840 2324 cumulo
864 2279 901 2323 ex
925 2279 987 2324 uno
1010 2279 1121 2342 graeco
1143 2259 1237 2324 verbo
1262 2251 1438 2343 amaedeo·

446 2367 543 2454 Aeger
566 2372 681 2454 animo,
706 2378 849 2452 aegrotus
873 2387 1015 2452 corpore,
1045 2378 1210 2450 utrumque
1239 2387 1295 2450 per
1318 2388 1353 2432 ae
1378 2369 1586 2454 diphthongon
1614 2377 1690 2436 scri-

335 2481 497 2573 bendum.

445 2587 559 2651 Abuleo
582 2586 713 2671 abolevi,
736 2603 826 2648 arceo
850 2587 943 2650 arcui.
1188 2673 1192 2678 Ι
1705 2604 1732 2642 :²0
1761 2653 1769 2668 ·

446 2695 524 2760 aubi
548 2696 606 2760 allo
628 2695 710 2780 loco,
734 2695 807 2758 alias
831 2692 891 2756 alio
916 2701 1053 2776 tempore
1077 2694 1234 2776 significat
1272 2705 1404 2760 etiamen
1428 2699 1600 2761 invenimus
1620 2697 1691 2761 alias

358 2827 417 2872 non
443 2823 608 2888 numquam
631 2823 687 2888 pro
712 2803 800 2868 aliter
823 2805 885 2865 sive
909 2821 965 2885 pru
989 2801 1048 2865 alio
1071 2801 1138 2866 loco
1162 2805 1304 2885 positum.

447 2912 659 2977 Abstineo'me
678 2911 757 2996 cibo,
780 2909 896 2974 alienus
915 2929 984 2974 sum
1007 2912 1143 2974 crimine.
1182 2907 1364 2976 ‘anteibat
1389 2915 1571 2996 sapientia
1592 2915 1691 2979 Salo·

358 3043 438 3088 mon
467 3023 614 3086 cunctis
644 3013 879 3085 mortalibus'
909 3018 1043 3082 lulianus
1071 3021 1121 3082 ait
1159 3019 1306 3084 admoneo
1333 3021 1563 3085 interfectorem
1591 3025 1692 3088 caedis

358 3144 389 3196 et
413 3131 545 3196 caedem.
1101 3127 1102 3130 ’
1218 3174 1221 3182 ·
1704 3146 1729 3186 2⁵

450 3239 590 3321 Aequalis
613 3239 738 3302 alterius
763 3245 896 3300 staturae
919 3255 975 3320 par
999 3245 1059 3320 est,
1082 3235 1238 3318 aequabile
1262 3236 1343 3320 quod
1367 3241 1491 3320 aequari
1514 3248 1625 3322 potest

448 3351 602 3432 Appeteres
626 3346 728 3410 cibum
752 3357 783 3409 et
805 3355 952 3429 appetens
975 3344 1049 3409 cibi:
1076 3344 1253 3409 Ambrosius
1277 3341 1429 3410 ‘cancer
1453 3356 1492 3435 ut
1515 3357 1693 3431 appetens

359 3459 432 3524 cibi
455 3461 505 3522 ita
529 3458 765 3540 prospiciens
789 3464 844 3518 est
867 3449 1054 3538 periculi’.

451 3568 568 3629 Accuso
583 3564 764 3646 sacrilegum
780 3574 812 3628 et
830 3564 972 3629 insimulo
987 3577 1024 3626 ex
1044 3583 1104 3627 uno
1124 3583 1233 3646 graeco
1248 3567 1331 3628 venit
1348 3563 1536 3651 κατηγορῶ,
1561 3569 1693 3632 animad-

359 3685 445 3739 verto
469 3677 501 3737 in
525 3683 555 3737 te
579 3684 611 3737 et
634 3675 752 3738 vindico
775 3677 808 3736 in
832 3683 861 3736 te
886 3692 923 3735 ex
947 3691 1008 3736 uno
1032 3691 1140 3755 graeco
1164 3665 1303 3750 κολάζω.
1345 3655 1348 3660 ’
1678 3689 1733 3729 ‘so

336 3770 340 3790 '
451 3784 510 3846 Aes
531 3782 676 3864 singulari
700 3791 818 3847 tantum
837 3801 964 3846 numero
983 3783 1108 3867 gaudet,
1132 3792 1164 3846 et
1181 3786 1317 3865 quamvis
1337 3802 1407 3848 aere
1425 3785 1571 3869 dicamus,
1594 3794 1693 3850 tamea

362 3895 473 3956 ceteris
488 3889 609 3954 casibus
625 3910 684 3954 non
700 3895 823 3954 utimur.
853 3903 1017 3956 autumnus
1031 3909 1143 3974 genere
1159 3892 1325 3956 masculino
1341 3905 1372 3957 et
1389 3903 1569 3958 autumnum
1583 3894 1695 3958 dicitur

362 4015 578 4026 -..--—-—

454 4072 470 4122 2
490 4067 557 4122 enta
575 4065 668 4122 lactus
688 4067 732 4122 est
751 4065 780 4120 P
838 4071 855 4122 u
875 4065 941 4122 aule
959 4081 1061 4138 graece
1080 4066 1184 4122 atrium
1204 4066 1310 4123 dicitur
1331 4067 1369 4122 M
1385 4065 1453 4123 aula
1470 4085 1573 4140 graece
1591 4068 1697 4126 dicitur

362 4147 469 4204 atrium
490 4147 518 4202 P
535 4153 636 4219 graece
656 4145 762 4204 atrium
780 4145 807 4202 L
880 4145 1185 4218 statuminetur
1205 4147 1234 4202 P
1306 4152 1322 4203 8
1341 4164 1471 4205 sermone
1490 4153 1578 4207 et‘est
1595 4165 1648 4207 om.
1670 4151 1699 4206 P

417 4231 531 4304 acetum
550 4259 586 4272 -
605 4235 622 4284 9
640 4227 767 4299 pretiosa
785 4245 836 4285 om.
854 4229 934 4297 ML,
954 4230 1019 4286 odd.
1036 4229 1070 4286 P.
1089 4230 1187 4286 relicto
1206 4245 1261 4286 esee
1278 4231 1410 4288 videratur
1427 4230 1512 4287 cerba
1529 4247 1564 4288 eac
1578 4231 1695 4288 adnom-

363 4311 438 4366 tiune
461 4309 495 4366 de
519 4310 631 4381 duplice
652 4311 858 4381 significatione
880 4327 904 4366 v.
929 4313 1043 4367 acetum
1123 4317 1157 4367 10
1180 4305 1325 4384 ἆοοαβόν,
1346 4313 1411 4368 item
1433 4305 1513 4381 alpais
1536 4315 1562 4366 et
1585 4305 1697 4382 ἄρουρα

364 4409 416 4451 orn.
435 4391 462 4448 L
537 4398 568 4447 11
589 4407 675 4447 arura
693 4391 720 4446 L
738 4407 821 4448 arura
842 4391 870 4469 P
887 4390 964 4446 Rara
983 4390 1022 4446 M
1093 4391 1240 4464 asphaltes
1257 4392 1285 4448 L
1303 4393 1428 4466 aspaltos
1448 4389 1518 4446 MP
1588 4397 1621 4447 ts
1641 4409 1696 4448 noa

366 4475 560 4533 mermesimus
577 4471 648 4528 MP
659 4489 716 4528 non
730 4473 893 4528 carissimus
907 4471 934 4526 L
983 4471 1068 4544 egilis
1083 4472 1228 4545 agillimus
1244 4490 1299 4530 non
1315 4471 1499 4545 egillissimus
1513 4469 1546 4541 P,
1561 4486 1613 4528 orta
1629 4473 1698 4528 ML

421 4564 455 4613 14
474 4552 615 4628 agillime]
636 4552 771 4624 agellime
790 4553 818 4609 P
890 4561 923 4610 la
942 4552 1042 4609 Audeo
1059 4583 1093 4596 -
1113 4569 1199 4610 ausus
1219 4571 1281 4609 sum
1300 4569 1351 4611 orn.
1374 4553 1413 4608 M
1486 4557 1520 4609 16
1539 4554 1583 4608 est
1601 4567 1653 4608 om.
1671 4551 1699 4608 P

422 4643 455 4693 lt
482 4654 518 4692 ex
542 4652 598 4692 uno
625 4650 728 4707 masao
754 4633 842 4690 uerbo
868 4634 906 4689 Μ
928 4650 963 4690 ex
989 4650 1044 4690 amo
1070 4637 1137 4690 sunt
1159 4651 1262 4708 graeco
1286 4634 1375 4690 uerbo
1400 4632 1429 4689 P
1451 4649 1486 4690 ex
1508 4649 1566 4690 uno
1592 4639 1697 4705 graeco

366 4718 486 4775 ueniunt
503 4717 530 4773 L
602 4725 637 4774 23
656 4734 703 4774 me
722 4735 740 4773 s
758 4717 822 4774 cibo
843 4715 881 4770 Μ
944 4732 1007 4770 sum
1026 4731 1044 4771 u
1062 4715 1181 4772 crimine
1201 4715 1229 4770 P
1289 4713 1460 4785 sapientiem
1481 4713 1509 4769 P
1576 4720 1612 4771 ht
1631 4717 1696 4790 par]

366 4815 433 4870 pars
453 4796 483 4853 P
561 4797 637 4869 quod
656 4801 700 4854 est
718 4798 835 4869 aequari
853 4798 948 4870 polest
965 4795 995 4850 P
1076 4803 1111 4854 29
1130 4797 1276 4854 instimulo
1295 4795 1322 4851 L
1406 4793 1581 4860 lleETOPh
1598 4796 1626 4852 L

368 4887 402 4938 31
423 4879 491 4952 lies]
511 4895 560 4935 aer
580 4879 618 4935 M
622 4878 691 4936 PL:
710 4881 746 4950 cf.
767 4879 875 4936 L'laarah.
893 4896 925 4951 p.
944 4882 995 4941 at.
1013 4883 1054 4935 20
1141 4894 1259 4935 numero
1278 4879 1391 4934 mulum
1411 4878 1450 4934 M
1533 4874 1655 4934 dicimus
1673 4876 1701 4933 P
