3604 5486
679 313 729 372 DE
748 314 862 373 NOTIS
1371 312 1439 378 535

105 433 127 472 p.
142 421 189 463 189.
204 421 244 463 ito
258 418 287 461 B.

199 503 237 582 ·'><·
247 539 285 550 -
302 506 468 569 asteriscus
483 521 553 566 cum
568 504 656 568 obolo
674 508 797 588 propria
813 513 884 569 nota
899 511 946 567 ost
960 503 1136 568 Aristarchi.
1175 503 1318 568 utebatur
1337 513 1438 566 autem

105 636 141 679 ea
155 618 186 679 iu
201 615 248 678 bis
262 612 411 696 versibus,
426 615 479 694 qui
495 631 555 676 uon
570 631 625 677 suo
640 613 707 676 loeo
722 617 813 697 positi
824 622 919 678 eraut.
944 615 1017 676 item
1027 614 1143 694 antiqui
1159 615 1256 676 nostri
1271 623 1301 674 et
1311 609 1439 675 Probus.

146 731 149 738 “
195 721 378 806 >simplex
401 720 511 784 ductus
535 723 616 785 inter
639 741 747 786 versus
770 722 941 806 ponebatur
965 721 1002 784 ad
1026 721 1207 803 separandas
1232 739 1282 784 res
1306 740 1322 783 a
1346 719 1439 784 rebus

104 851 182 916 quae
210 834 357 894 inconexa
385 837 560 911 currerent,
589 831 740 911 quemad
764 831 888 894 modum
912 833 944 893 in
968 829 1118 914 catalogo,
1141 849 1210 894 cum
1235 829 1299 894 loca
1323 849 1339 892 a
1363 829 1439 892 locis

77 951 159 1004 saut
181 943 325 1019 regiones
348 958 368 1001 α
393 936 582 1020 regionibus,
610 946 642 1000 et
665 940 697 1002 in
725 959 835 1024 agone,
863 957 934 1004 cum
961 941 1095 1022 praemia
1118 958 1135 1001 a
1158 941 1315 1022 praemiis,
1342 949 1438 1002 certa·

106 1052 188 1112 mina
212 1067 229 1111 a
253 1049 381 1112 diversis
406 1045 623 1110 certaminibus
647 1059 836 1131 separantur.

196 1165 231 1230 >
251 1157 354 1240 diplcn
373 1155 572 1238 aperistilrtou
591 1158 709 1238 primus
722 1157 874 1240 Leagoras
888 1156 1096 1240 Syracusanus
1116 1160 1257 1240 apposuit
1270 1157 1440 1221 Homericis

105 1267 246 1332 versibus
264 1267 301 1330 ad
321 1269 542 1349 separationem
561 1265 680 1348 Olympi
699 1286 716 1329 a
735 1268 832 1352 caelo,
850 1269 973 1350 proprie
988 1264 1149 1349 Olympum
1164 1265 1202 1329 ab
1216 1286 1252 1329 eo
1267 1286 1322 1350 pro
1337 1277 1440 1332 monte

105 1379 241 1459 positum
260 1376 419 1459 adnotans,
439 1393 588 1457 nusquam
607 1393 664 1456 pro
684 1375 781 1458 caelo,
804 1376 884 1458 quod
904 1394 994 1457 saepe
1015 1365 1168 1458 οὐρανὸν
1188 1367 1293 1459 εὐρύν
1315 1376 1396 1441 dicat
1410 1388 1442 1441 et

66 1505 91 1544 ro
105 1477 240 1570 μακρὸν
253 1475 445 1566 Ὄλυμπον,
473 1501 573 1564 neque
597 1501 613 1546 e
638 1487 790 1548 contrario
814 1485 948 1567 epitheta
977 1494 1139 1566 permutet.
1185 1484 1316 1566 ponebat
1340 1497 1440 1550 autem

106 1605 169 1657 tam
189 1592 225 1656 ad
245 1595 356 1658 montis
375 1593 609 1674 significationes
625 1611 714 1674 quam
734 1593 770 1656 ad
790 1593 881 1658 caeli:
898 1595 1053 1676 utrimque
1073 1594 1284 1658 manifestatur
1303 1595 1441 1659 voluntas

105 1705 184 1766 eius.
232 1720 306 1764 usus
331 1712 361 1764 et
384 1703 417 1764 in
441 1700 544 1765 mtrltis
563 1702 773 1785 Aristarchus,
796 1721 878 1767 nuuc
897 1721 932 1765 ea
952 1721 1029 1785 quae
1048 1712 1171 1784 praeter
1190 1703 1441 1766 cousuetudinem

106 1822 170 1874 tam
195 1811 271 1873 vitae
295 1819 417 1872 nostrae
442 1828 532 1892 quam
553 1807 557 1892 Ι
578 1811 674 1892 ipsius
703 1821 810 1894 poetae
840 1811 918 1894 apud
948 1830 1017 1875 eum
1046 1813 1258 1874 invenirentur
1286 1811 1441 1892 adnotans,

106 1937 192 1983 nunc
215 1920 354 2000 proprias
377 1920 473 2001 ipsius
497 1919 623 2003 ligures,
650 1919 805 1983 interdum
829 1939 863 1983 oa
887 1923 919 1984 in
943 1918 1056 2002 quibus
1079 1923 1221 2003 copiosus
1244 1929 1305 2004 est,
1333 1939 1442 1983 rursus

64 2047 90 2088 ιι
105 2046 187 2109 quae
211 2027 304 2090 semel
328 2027 408 2110 apud
430 2045 501 2090 eum
524 2038 721 2108 ponerentur.
760 2029 899 2092 similiter
922 2030 954 2090 iu
978 2031 1092 2091 nostris
1115 2027 1291 2094 auctoribus
1314 2028 1441 2091 Probus.

202 2141 238 2211 3}
261 2134 341 2217 diple
366 2137 598 2217 periestigmeue
623 2135 833 2218 apponebatur
860 2140 892 2200 iu
920 2135 1069 2218 hisquae
1094 2135 1266 2200 Zenodotus
1289 2137 1440 2220 Ephesius

105 2263 170 2308 non
195 2252 278 2306 recte
299 2242 451 2306 adiecerat
469 2254 521 2306 aut
540 2243 713 2308 detraxerat
732 2255 783 2309 aut
801 2254 1034 2328 permutaverat.
1073 2257 1103 2309 et
1122 2248 1219 2310 nostri
1239 2265 1273 2309 ea
1294 2249 1342 2309 usi
1362 2255 1441 2309 suut.

202 2356 229 2422 D
249 2353 408 2434 antisigma
430 2352 601 2434 ponebatur
624 2354 661 2417 ad
685 2373 738 2417 eos
757 2373 865 2418 versus
885 2373 1016 2438 quorum
1035 2355 1109 2418 ordo
1128 2356 1348 2438 permutandus
1369 2363 1442 2418 erat.

105 2466 154 2526 sic
178 2470 218 2562 ct·
232 2464 264 2524 in
288 2464 401 2526 nostris
425 2459 600 2525 auctoribus
623 2463 784 2525 invenitur.

63 2592 91 2632 ao
203 2573 414 2652 Dandsigma
447 2589 517 2634 cum
549 2581 663 2653 puncto
696 2571 879 2656 ponebatur,
918 2592 987 2636 curn
1021 2543 1157 2636 eiusdem
1194 2592 1303 2637 sensus
1337 2591 1442 2636 versus

106 2679 248 2780 duplices
271 2689 374 2742 essent
398 2689 429 2743 et
452 2677 657 2762 dubitaretur,
685 2682 738 2761 qui
767 2683 869 2762 potius
898 2679 1026 2763 legendi
1073 2684 1117 2778 sic
1146 2690 1177 2744 et
1205 2682 1284 2764 apud
1313 2691 1442 2744 nostros.

205 2785 364 2852 [coronis
388 2797 504 2852 tautum
528 2789 560 2850 iu
584 2787 642 2850 fine
667 2786 737 2851 libri
760 2791 858 2871 posita
882 2792 1043 2854 invenitur.

179 2879 180 2882 ¹
212 2897 246 2977 >lt
272 2899 449 2961 ceraunium
481 2899 619 2981 ponitur,
653 2900 794 2979 quotiens
822 2898 910 2962 multi
937 2918 1045 2963 versus
1073 2900 1288 2983 inprobantur,
1320 2919 1358 2963 ne
1387 2919 1443 2982 per

111 3005 250 3088 singulos
274 3004 442 3069 obelantur.

205 3171 298 3230 Godea
313 3172 467 3230 Parisinus
494 3172 684 3230 tutabantur
756 3173 942 3247 linconexa]
962 3173 992 3230 in
1011 3191 1120 3231 conexu
1194 3173 1444 3245 quemammodum

109 3253 246 3326 catalogo
318 3253 485 3326 tragicum
503 3271 522 3310 a
539 3271 591 3312 ors.
669 3271 733 3311 oum
752 3259 817 3312 ante
834 3255 964 3327 pmomia
982 3272 1033 3314 orn.
1108 3254 1303 3330 oadiversie]
1317 3255 1445 3312 aduersis

109 3353 271 3410 separaum
289 3337 317 3394 lt.
335 3353 349 3392 e
366 3335 408 3391 oet
431 3339 600 3407 separantur
617 3337 660 3392 oet
678 3339 813 3407 separant
831 3353 894 3394 mem
911 3341 980 3393 noto
997 3338 1187 3395 distinctionis
1259 3343 1276 3394 8
1295 3337 1389 3408 coelo,
1413 3343 1446 3392 ut

108 3419 223 3474 videtur
300 3423 404 3490 tprae
422 3417 484 3474 celo
563 3418 667 3473 everti
710 3461 711 3464 ι
743 3422 777 3473 10
796 3419 942 3490 permutat
1019 3425 1051 3474 11
1071 3421 1224 3489 utrumque
1299 3425 1333 3474 11
1351 3417 1381 3473 in
1400 3416 1445 3473 his

109 3501 163 3556 hoc
181 3499 239 3556 loco
257 3515 309 3556 om.
383 3499 487 3558 elesius
562 3505 595 3556 11
614 3500 829 3572 permutauerat
847 3499 877 3555 in
896 3499 942 3556 hie
961 3503 991 3557 et
1008 3501 1099 3558 nostri
1171 3505 1206 3556 tt
1225 3500 1351 3572 mutum]
1372 3503 1409 3557 Ειῑ

188 3649 203 3699 1
223 3643 359 3701 utebatur
379 3643 510 3702 Oscenses
582 3651 600 3700 1
619 3642 739 3716 simplex
763 3643 878 3717 ductus]
903 3633 1009 3702 Isidor.
1029 3645 1098 3716 erip.
1118 3645 1142 3700 Ι
1158 3649 1228 3712 20,8
1246 3645 1445 3718 paragraphus

110 3724 454 3798 ponituradseparandas
463 3727 629 3784 reserebne
637 3724 870 3797 quaeinoonexu
879 3725 1117 3798 concurrunt(qui
1126 3725 1266 3783 inconexa
1275 3729 1447 3784 concurrant

110 3805 173 3862 cod.
195 3805 289 3878 Peri,
308 3823 394 3878 quem
412 3807 450 3864 ad
467 3809 585 3864 modum
603 3807 634 3864 in
652 3807 784 3879 catalogo
809 3808 874 3866 looa
897 3823 916 3863 a
939 3806 1010 3863 locia
1034 3809 1064 3862 et
1085 3807 1218 3880 regiones
1237 3826 1256 3865 a
1272 3809 1445 3880 regionibus,

110 3887 144 3943 in
163 3904 255 3958 agone
273 3887 402 3960 praemia
420 3905 438 3944 a
456 3889 604 3960 praemiis,
632 3890 789 3946 certamina
807 3907 825 3946 s
842 3887 960 3946 diversis
979 3888 1180 3946 certaminibus
1199 3893 1368 3962 separantur

111 3967 289 4026 sinconexa
306 3973 505 4027 concurrerent
526 3969 659 4028 omnus
750 3976 767 4026 o
790 3969 822 4026 in
844 3987 936 4042 agone
960 3986 1024 4026 cnm
1048 3969 1178 4041 praemia
1200 3969 1446 4041 Reifferactetdiua

154 4055 169 4106 t
185 4049 329 4121 beogoraa
344 4051 476 4108 Isidorou
489 4053 559 4123 orto.
574 4052 597 4106 I
609 4055 695 4121 20,14
778 4059 794 4108 9
809 4067 949 4124 nmquam
968 4069 1020 4124 pro
1039 4052 1119 4109 caelo
1137 4052 1288 4109 Neratius
1300 4052 1443 4124 aristoph.

110 4131 184 4204 Byr.
201 4132 304 4204 fragret.
319 4149 351 4204 p.
370 4137 409 4189 16
483 4138 517 4188 10
534 4135 680 4202 permutet
697 4132 848 4190 Neratius
862 4133 880 4190 l.
895 4149 918 4190 o.
995 4141 1027 4189 11
1042 4133 1186 4205 utrimque
1200 4131 1444 4203 Reifferecltet'da'ua

152 4220 186 4271 12
200 4231 269 4271 usus
283 4216 327 4271 eet
342 4230 377 4270 ea
390 4213 421 4270 in
434 4213 532 4270 multis
546 4213 791 4283 Reifferacltctdiua
866 4221 899 4271 11
919 4213 996 4286 diple
1015 4214 1249 4288 perientigmoue‚
1267 4213 1297 4270 id
1317 4216 1361 4270 est
1378 4229 1443 4268 oum

114 4293 239 4369 geminis
256 4294 385 4367 punctis:
404 4295 479 4352 hanc
498 4293 610 4366 antiqui
627 4294 658 4351 in
676 4295 721 4352 hir
740 4295 938 4368 apponebant,
956 4311 1029 4365 quae
1049 4294 1211 4353 Zenodotua
1229 4293 1368 4367 Ephesius
1386 4312 1443 4352 non

110 4381 190 4436 recte
213 4377 359 4436 adiacent
382 4381 432 4435 ant
460 4377 622 4434 detraxerat
652 4381 703 4434 ant
734 4378 949 4450 permutaverat
975 4419 981 4434 .
1009 4375 1039 4431 in
1071 4375 1116 4432 his
1149 4379 1179 4432 et
1209 4377 1300 4433 nostri
1332 4375 1377 4432 usi
1409 4393 1444 4433 es

111 4464 180 4518 eunt
199 4460 331 4517 Isidem
349 4459 419 4531 orig.
439 4458 463 4513 Ι
478 4463 565 4527 itud
639 4458 716 4531 diple
735 4457 956 4531 periatirmena
974 4456 1015 4513 eis
1030 4457 1228 4529 apponebatur
1242 4475 1315 4530 quae
1329 4457 1444 4515 literius

112 4541 211 4598 1111111
225 4540 325 4612 ptam.
344 4558 370 4597 ta
390 4544 467 4597 1866
479 4557 509 4610 p.
524 4544 581 4597 472
596 4583 604 4599 .
618 4539 649 4596 in
666 4539 725 4610 his,
744 4541 818 4610 quod
835 4541 869 4597 in
886 4541 978 4596 codice
991 4545 1057 4610 poet
1075 4540 1291 4610 permutaverat
1308 4540 1443 4611 scriptura

111 4627 166 4689 est,
187 4621 242 4678 too
263 4622 427 4693 moneposuv'
501 4626 533 4676 17
555 4619 687 4677 similiter
710 4623 740 4676 et
764 4622 854 4678 nostri
878 4638 913 4678 ea
935 4620 979 4678 uei
1004 4621 1070 4676 sunt
1092 4617 1262 4676 Ribbeelcius
1284 4621 1387 4693 proleg.
1411 4623 1444 4677 in

118 4702 319 4774 Verp.p.151
340 4703 484 4771 ‚sorim
507 4701 548 4758 nio
570 4703 601 4758 et
624 4701 713 4758 nostri
737 4719 771 4759 ea
795 4703 839 4759 usi
862 4704 930 4760 aunt
1002 4707 1037 4758 tt
1062 4701 1174 4758 coronis
1197 4703 1310 4758 tautum
1333 4701 1364 4757 in
1386 4701 1442 4758 fine

112 4782 357 4853 Reiffersolteidiae
375 4805 385 4839 .·
403 4786 439 4854 ef.
464 4783 568 4840 Isidor.
588 4784 659 4854 orig.
678 4782 701 4837 I
721 4787 812 4852 2026
836 4784 946 4841 coronis
969 4787 1039 4841 nota
1062 4785 1107 4838 ert
1129 4799 1203 4854 qnae
1227 4781 1350 4849 (ebronis
1374 4786 1443 4840 nota

112 4868 227 4923 tautum
245 4866 303 4924 eod.
326 4865 408 4936 Par.)
425 4865 456 4921 in
474 4865 530 4922 tine
548 4862 615 4920 libri
633 4864 788 4936 apponitur
