3564 5482
594 363 666 426 sss
686 363 938 424 onnuusntcn
1364 359 1430 434 389
1485 329 1491 340 ⁸

93 469 259 528 pffiwss

96 557 165 621 dico
190 559 276 621 iacto.
325 553 472 640 quaedam
495 557 644 621 dictiones
668 565 741 622 sunt
763 557 930 642 simplices,
958 563 993 620 ut
1020 557 1111 641 laoio,
1140 557 1286 641 quaedam
1310 577 1430 641 compo·

95 671 189 751 silae,
214 676 257 729 ut
284 666 421 730 conficio:
473 684 509 728 ex
539 669 715 748 compositis
744 665 928 730 dictionibus
957 665 1103 748 quaedem
1133 667 1209 732 flunt
1241 686 1279 731 ex
1312 666 1431 732 duobus

96 775 301 859 imperfectis,
335 783 369 838 ut
397 775 544 856 sinciput,
576 791 646 836 oum
678 774 872 858 intellegatur
900 783 1049 838 semotum
1082 787 1186 862 oapn23
1218 777 1364 858 quaedam
1394 795 1430 838 cn

97 884 281 966 imperfecto
295 894 326 947 et
340 885 473 968 integro,
496 893 531 946 nt
550 892 596 946 est
615 887 758 970 cismare,
782 905 842 968 quo
862 885 1050 967 significatur
1068 887 1144 950 eitra
1163 905 1260 971 mere,
1282 887 1429 968 quaedam

55 1010 69 1058 ι
96 1013 134 1056 ex
158 995 280 1073 integro
304 1000 336 1055 et
357 992 551 1076 imperfecto,
573 1002 608 1057 ut
631 1003 680 1058 est
697 1012 865 1080 comacen,
890 1011 959 1059 cum
978 994 1171 1077 intellegatur
1189 1011 1284 1059 cornu
1304 1013 1430 1078 canens,

96 1091 248 1183 quaedam
271 1117 308 1164 ex
333 1101 452 1164 duobus
475 1103 616 1184 integris,
640 1112 675 1166 nt
697 1113 745 1168 est
768 1100 995 1188 omnipotens!

605 1295 666 1364 DE
691 1297 921 1370 ORATIONE

190 1446 294 1511 Oratio
323 1454 372 1509 est
398 1465 451 1508 ore
479 1448 589 1509 emissa
619 1457 649 1510 et
676 1467 732 1530 per
761 1449 909 1514 dictiones
932 1449 1068 1513 ordinato
1096 1451 1316 1534 pronuntiatio,
1349 1449 1430 1513 uelut

97 1558 163 1618 oris
183 1559 269 1619 ratlo.
307 1557 453 1618 orationis
471 1565 574 1638 partes
593 1566 664 1618 suot
682 1565 767 1641 octo,
790 1577 900 1622 nomen
914 1576 1082 1640 pronomen
1098 1557 1223 1623 verbum
1237 1561 1430 1642 participium

56 1683 82 1724 ιο
97 1663 275 1728 adverbium
321 1665 505 1747 praepositio
552 1667 726 1728 coniunctio
778 1668 963 1751 interiecti03
1010 1666 1189 1749 quibusdam
1235 1668 1353 1731 ridetur
1400 1677 1430 1730 et

97 1773 267 1858 appellatio.

524 1991 527 1998 .
633 1932 694 2002 DE
718 1932 896 2004 NOMINE

190 2081 306 2145 Nomen
335 2090 384 2146 eet
411 2100 482 2165 pers
510 2084 655 2146 orationis
686 2102 756 2147 cnm
790 2102 861 2147 casn
891 2086 955 2148 sine
985 2095 1121 2169 tempore
1149 2105 1215 2150 rem
1243 2085 1431 2169 corporalem

97 2200 154 2255 ουι
187 2195 416 2272 incorporalem
450 2194 622 2276 significans
654 2196 777 2276 proprie
811 2197 1064 2259 communiterve:
1101 2197 1238 2279 proprie,
1270 2203 1305 2258 ut
1337 2195 1431 2258 Roma

193 2365 287 2424 (lodex
306 2366 507 2440 Somnum.
559 2373 628 2426 dut
651 2365 785 2440 ἀνιαροί
872 2375 887 2426 'l
907 2368 957 2425 DE
978 2367 1169 2428 ORATIONE
1189 2387 1240 2428 om.
1330 2376 1363 2428 12
1382 2371 1431 2428 DE

98 2446 250 2505 NOMINE
269 2464 322 2504 οτι.
399 2454 433 2505 14
451 2453 503 2507 ant
520 2447 729 2522 incorporalem
748 2468 800 2508 om.
873 2452 1006 2524 propriae
1026 2451 1222 2510 communiter.
1247 2467 1281 2510 ae
1299 2452 1432 2524 propriae

134 2529 681 2590 utonteltomsetanteoivituom.

99 2643 319 2656 ——-

191 2698 206 2749 i
227 2691 277 2750 DE
298 2691 505 2770 ORATIONE]
525 2711 582 2752 απτ.
603 2695 712 2753 Clamo
726 2713 758 2767 γ.
778 2700 860 2766 533‚1
882 2695 990 2754 olum
1006 2714 1036 2768 p.
1051 2701 1156 2766 tolno
1174 2696 1267 2755 Dion.
1283 2714 1314 2769 p.
1329 2701 1432 2766 300,19

136 2781 171 2832 12
190 2773 241 2834 DE
260 2773 422 2850 NOMINE]
443 2792 500 2833 ιαυ.
520 2777 628 2834 Gloria.
645 2794 676 2849 γ.
696 2782 782 2850 533,6
802 2779 911 2837 Oltam
926 2798 959 2852 γ.
978 2784 1085 2848 15246

96 2973 189 3055 τινὲς
222 2975 327 3058 λέξεις
359 2976 448 3046 είσλν
476 2973 596 3066 ἁπλαῖ,
626 2974 674 3060 ὥς
704 2977 743 3048 τό
826 3031 836 3068 ,
872 2979 964 3062 τινὲς
1001 2977 1168 3050 advocent
1255 3036 1263 3051 .
1295 2982 1333 3050 έκ
1363 2983 1433 3049 τῶν

98 3081 282 3152 συνθέτων
311 3085 436 3169 λέξεοόν
463 3113 554 3170 τινες
581 3093 737 3177 γίνονται
765 3089 801 3158 ἐκ
831 3084 894 3159 δύο
918 3085 1188 3176 ἀπολειπόντων,
1218 3085 1263 3171 ὥς
1291 3086 1330 3159 τὸ
1358 3085 1434 3179 ἡμι-
1546 3125 1550 3134 ·

97 3193 263 3280 κέφαλον,
292 3192 394 3267 ὁπότε
426 3209 555 3265 νοεῖται
582 3192 718 3285 ἡμίσεια
746 3194 893 3286 κεφαλή·
926 3197 1016 3280 τινὲς
1045 3199 1079 3280 ἐξ
1108 3195 1353 3280 ἀπολείποντος
1376 3199 1432 3268 καὶ

98 3313 232 3380 τελείου
309 3359 320 3395 ,
353 3295 381 3401 ᾧ
414 3309 613 3395 σημαίνεται
645 3303 740 3387 έκτὸς
767 3304 959 3393 θαλάσσης·
996 3306 1104 3390 τινὲς
1141 3309 1192 3377 ἐκ·
1214 3311 1346 3378 τελείου
1377 3306 1434 3376 καὶ

73 3416 362 3504 τάπολείποντος,
387 3411 432 3498 ὥς
454 3411 493 3485 τὸ
517 3411 741 3504 ιιεραταόλης,
765 3411 866 3485 ὁπότε
889 3429 1019 3486 νοεῖται
1038 3412 1056 3485 ὁ
1076 3417 1191 3506 κέρατι
1212 3414 1321 3509 ᾅδων·
1343 3413 1434 3496 τινὲς

100 3530 136 3598 ἐκ
161 3525 227 3596 δύο
251 3528 424 3606 rel-etmel

620 3690 736 3755 HEPI
757 3691 919 3755 dom?

194 3823 306 3912 Λόγος
338 3822 432 3892 έστλν
460 3817 627 3910 στόματος
660 3817 830 3910 ἀφεθεῖσα
859 3821 916 3890 καὶ
945 3818 1002 3890 διὰ
1032 3823 1156 3906 λέξεων
1184 3825 1434 3914 συντεταγμένη

102 3929 311 4021 ἐκφοίτησις,
340 3923 416 4000 οἷον
440 3931 505 4016 [έιι]
530 3927 696 4019 στόματος
719 3927 882 4019 λογισμὸς
904 3925 926 4019 ἣ
952 3928 1062 4018 λόγος.
1108 3929 1214 4020 λόγου
1238 3933 1322 4021 μέρη
1347 3932 1435 4000 είσὶν

65 4037 208 4127 rodortei,
231 4037 340 4130 ὄνομα
364 4036 562 4128 ἀντωνυμία
590 4040 681 4128 ρ’ῆμα
710 4035 832 4128 μετοχὴ
862 4040 1029 4129 ἐπίρρημα
1058 4039 1222 4129 πρόθεσις
1246 4039 1436 4129 σύνδεσμος

103 4151 326 4240 παρένθεσις·
349 4148 440 4218 τισίν
465 4148 503 4218 dt
527 4151 623 4218 δοκεῖ
642 4147 698 4216 ιιαὶ
722 4153 943 4238 προσηγορία.

562 4352 678 4417 ΠΕΡΙ
709 4353 877 4418 ΟΝΟΜΑ
886 4354 983 4418 ΤΟΣ

184 4473 316 4566 Ὀνομά
345 4475 437 4544 ἐστιν
466 4474 568 4562 μέρος
595 4473 703 4562 λόγου
730 4472 813 4562 μετὰ
843 4475 1001 4557 modoine
1030 4473 1114 4545 ἀνευ
1142 4473 1271 4565 χρόνου
1299 4478 1437 4564 πρᾶγμα

105 4583 304 4674 ίνσοόματον
326 4579 348 4673 ἢ
371 4581 590 4673 ἀσώματον
610 4596 780 4671 σημαῖνον
798 4579 963 4675 κυρίυςῆ
985 4587 1080 4665 ίόίυς
1097 4579 1119 4672 ἢ
1137 4588 1275 4672 κοινῶς,
1299 4590 1437 4672 κυρίως,

197 4768 357 4823 leodem
438 4766 587 4821 emoneo
670 4762 783 4829 drevic
801 4781 852 4822 om.
936 4769 1177 4830 deuolatuonoo
1202 4769 1234 4824 nt
1257 4771 1272 4824 ὃ
1296 4782 1436 4823 eomnoen

109 4863 169 4902 cum
188 4845 376 4920 intellegatur
394 4864 591 4904 οποτενοιιται
611 4861 696 4902 coron
716 4861 819 4903 canens
834 4853 1010 4917 aspernantem
1024 4866 1040 4903 ο
1055 4849 1223 4919 separatione
1297 4854 1313 4905 t
1333 4849 1438 4904 εαδονυ

142 4933 305 5001 docorem
325 4930 452 4998 φιθυισα
528 4934 560 4982 12
581 4929 675 4983 ΠΕΡΙ
693 4929 916 4986 ΟΝΟΜΑΤΟΣ
931 4947 984 4986 om.
1059 4935 1093 4985 14
1111 4923 1129 5001 ἣ
1148 4923 1303 5001 ἀναίματον
1322 4946 1373 4988 om.
