3564 5482
519 313 700 371 annuens
717 311 988 374 stouvrtortvtt
1354 315 1421 380 447

85 505 229 586 repetivi,
264 503 323 565 nisi
356 501 437 584 qttod
468 505 498 566 in
528 506 649 567 nomine
673 502 811 607 Vergilii,
843 505 875 568 in
903 521 965 584 quo
992 504 1108 568 tarium
1137 523 1204 568 esse
1232 504 1303 568 libri
1331 523 1421 568 nrauu

85 615 194 694 scripti
219 629 311 675 usum
335 629 427 693 supra
451 611 526 695 dixi,
550 621 725 676 constanter
751 615 841 692 Vero.
864 613 983 694 scripsi.
1029 615 1061 675 in
1085 613 1295 678 emendatione
1320 623 1421 677 autem

85 723 211 784 vitiosae
241 722 411 804 scripturae
446 719 553 784 modus
587 721 775 786 adhibendus
808 723 879 805 luit,
911 728 1073 804 propterea
1101 721 1182 802 quod
1215 725 1246 786 in
1275 722 1421 805 exemplis

85 830 272 912 scriptorum
306 827 401 892 multa
432 827 512 892 baud
547 827 638 894 dubie
667 829 856 912 neglegentia
888 831 1076 910 grammatici
1104 829 1151 893 rel
1179 833 1251 895 vitio
1280 832 1421 896 codicum

84 937 199 1020 quibus
224 955 299 1002 usus
324 947 388 1000 erat
412 945 556 1020 corrupta
576 949 661 1024 sunt,
685 957 763 1022 quae
781 957 871 1021 saepe
890 936 928 1000 ab
947 937 1104 1001 erroribus
1123 938 1316 1003 librariorum
1336 950 1421 1004 certo

83 1047 199 1110 iudicio
217 1047 364 1129 distingui
382 1064 444 1110 nou
463 1057 604 1129 poterant
622 1097 629 1112 .
649 1051 831 1132 scripturam
850 1047 962 1111 codicis
982 1065 999 1108 a
1017 1057 1140 1130 recepta
1159 1048 1289 1112 lectione
1308 1049 1421 1112 discre-

83 1165 209 1238 pantem
241 1158 274 1219 in
307 1156 500 1220 adnotatione
533 1158 696 1239 seperatim
728 1159 816 1240 posui
845 1205 853 1220 .
885 1159 917 1220 iu
951 1155 1068 1238 reliqua
1100 1155 1301 1219 adnotationis
1334 1168 1420 1240 parte

82 1268 220 1348 primum
255 1283 291 1328 ex
321 1263 391 1328 llaii
424 1273 456 1328 et
488 1263 686 1328 Lindemarmi
719 1263 902 1328 editionibus
936 1282 970 1327 ea
1004 1281 1081 1346 quae
1114 1263 1319 1344 memorabilia
1352 1284 1420 1328 esse

83 1373 267 1438 ridebantur
291 1373 434 1456 indicasi3
462 1391 558 1456 pauca
582 1375 671 1436 etiam
696 1391 734 1436 ex
757 1373 954 1436 Perizoniano
984 1372 1101 1456 codice,
1130 1391 1222 1455 quem
1250 1375 1321 1437 olim
1350 1395 1419 1439 cnm

82 1483 286 1547 Lindemanni
323 1483 456 1546 editione
494 1481 695 1565 contuleram,
732 1481 831 1546 addidi
863 1529 872 1544 .
905 1498 974 1542 nam
1012 1481 1158 1562 quaedam
1196 1484 1227 1544 in
1264 1484 1302 1544 iis
1335 1493 1420 1547 recte

82 1590 245 1656 emendata
275 1601 375 1676 erant,
408 1591 463 1656 alia
497 1601 671 1674 propterea,
704 1590 784 1672 quod
818 1592 848 1653 in
878 1588 1026 1652 editiones
1054 1591 1238 1672 scriptorum
1272 1590 1309 1653 ad
1343 1610 1419 1672 quos

82 1705 242 1785 pertinent
266 1712 389 1784 recepta
412 1711 444 1764 et
463 1721 520 1766 usu
541 1701 649 1764 tradita
669 1711 769 1783 erant,
793 1698 1073 1763 sine-incommodo
1097 1698 1261 1781 legentium
1285 1710 1419 1781 praeter·

83 1813 164 1874 ntitti
193 1830 254 1875 non
282 1819 425 1894 poterant
453 1859 460 1873 .
485 1829 519 1874 ea
553 1829 630 1892 quae
661 1829 698 1872 ex
727 1808 863 1872 Gudiano
892 1807 995 1870 codice
1026 1807 1265 1871 Lindemannum
1295 1819 1419 1872 secutus

82 1921 234 2002 adscripsi
262 1928 368 2002 postea
403 1938 473 1983 cum
505 1921 570 2001 ipsa
603 1917 716 1982 codicis
750 1919 901 2000 scriptura
934 1915 1049 1980 contuli
1082 1927 1127 2000 et,
1159 1915 1212 1980 ubl
1240 1935 1317 1999 opus
1345 1928 1419 1996 erat,

82 2031 206 2093 correxi
240 2077 248 2091 .
280 2027 404 2113 deinde,
441 2028 540 2110 siquid
572 2029 604 2090 in
639 2025 784 2107 exemplis
816 2029 999 2109 scriptorum
1033 2028 1065 2088 iu
1098 2025 1202 2089 codice
1240 2036 1418 2109 corruptum

82 2148 164 2222 erat,
198 2137 333 2200 breviter
366 2136 438 2218 quid
467 2139 498 2199 in
523 2135 678 2200 codicibus
707 2154 814 2198 eorum
842 2137 1025 2217 scriptorum
1054 2137 1107 2215 qui
1140 2153 1221 2198 nunc
1254 2147 1420 2217 supersunt

82 2249 235 2329 scriptum
278 2256 360 2310 esset
401 2246 548 2328 indicari,
594 2264 653 2327 quo
700 2244 817 2308 lucilius
859 2243 897 2306 de
938 2244 1079 2305 drusiani
1119 2240 1249 2306 lectione
1291 2242 1419 2306 iudicari

83 2356 130 2419 vel
156 2356 238 2419 unde
263 2355 433 2420 emendatio
457 2358 551 2438 petita
575 2363 657 2416 esset
685 2352 819 2436 intellegi
845 2362 980 2435 posset.
1004 2351 1136 2434 denique
1165 2354 1197 2432 in
1225 2353 1329 2433 paucis
1358 2352 1417 2414 elo·

83 2464 261 2529 cutionibus
284 2464 367 2528 locos
391 2463 518 2526 aliorum
548 2466 826 2546 grammaticorum,
855 2463 907 2544 qui
936 2461 1040 2525 eadem
1067 2471 1205 2524 veterum
1233 2463 1418 2544 scriptorum

82 2573 223 2656 exempla
247 2572 294 2636 rel
317 2591 354 2636 ex
378 2574 444 2654 ipso
469 2574 610 2636 drusiani
633 2571 711 2635 libro
736 2571 781 2634 sel
805 2589 843 2634 ex
866 2573 1020 2633 communi
1043 2571 1126 2633 ionte
1150 2571 1244 2652 petita
1264 2569 1418 2654 exhibent,

82 2683 250 2766 adscripsi,
282 2700 464 2764 quamquam
493 2691 681 2745 constantem
715 2681 863 2742 radonem
897 2681 996 2800 {W
1029 2697 1062 2742 re
1097 2696 1219 2741 serrare
1247 2697 1304 2742 nec
1333 2681 1418 2762 potui

82 2811 139 2858 nec
164 2789 256 2855 volui

176 2899 243 2974 Qua
281 2907 379 2963 aetate
416 2903 584 2964 Arusianus
626 2901 746 2982 riserit,
788 2899 961 2962 testimonio
999 2907 1118 2961 constat
1154 2901 1267 2960 ceteris
1304 2898 1418 2962 codicis

82 3009 292 3074 lleroliuensis
326 3008 398 3071 olim
432 3009 606 3072 Santeniaui
640 3007 683 3073 66
713 3058 720 3072 .
749 3011 780 3070 in
813 3027 850 3070 eo
883 3007 987 3070 codice
1021 3009 1101 3070 enirn
1134 3027 1164 3090 p.
1192 3005 1258 3070 218
1292 3018 1323 3070 et
1351 3004 1417 3071 219

83 3119 231 3202 leguntur
255 3117 335 3181 tituli
358 3116 506 3181 librorum
530 3117 763 3182 nonnullorum
787 3135 867 3179 nono
887 3117 1007 3180 saectdo
1027 3117 1148 3199 scripti,
1172 3135 1249 3198 qttos
1268 3115 1417 3198 Harrptius

83 3247 191 3312 opusc.
215 3246 241 3288 v.
265 3224 306 3288 lll
330 3245 359 3308 p.
382 3222 450 3290 425
473 3227 580 3312 edidit,
608 3229 689 3290 inter
712 3244 789 3308 quos
817 3228 848 3288 in
873 3226 931 3287 line
961 3225 1069 3290 indicis
1092 3227 1233 3288 drusiani
1261 3223 1338 3287 liber
1365 3224 1417 3287 de·

83 3339 221 3426 scriptus
240 3345 288 3398 est
306 3337 360 3417 ita,
385 3339 494 3415 incipit
514 3337 611 3400 Messi
627 3339 763 3398 oratoris
782 3337 821 3398 de
839 3337 1062 3397 eluctationibns
1086 3335 1213 3412 Olybrio
1232 3341 1263 3396 et
1281 3335 1417 3398 Prohinc

84 3447 221 3508 :llessins
244 3491 251 3506 .
277 3441 434 3525 Olybrium
459 3453 558 3508 aretem
584 3455 615 3507 et
638 3442 817 3527 Probinunt,
846 3443 881 3505 ad
912 3462 988 3524 quos
1016 3441 1126 3505 librum
1151 3444 1298 3524 scriptum
1322 3442 1416 3504 itrisse

85 3554 144 3617 boe
169 3555 343 3616 testimonio
368 3555 572 3635 comperimus
596 3544 731 3636 (namin
753 3550 891 3614 bobiensi
912 3550 1016 3614 codice
1040 3551 1186 3633 praelatio
1205 3551 1315 3613 omissa
1336 3545 1416 3636 erat)

85 3660 229 3726 corrsnles
253 3661 346 3723 luisse
371 3679 449 3723 arsuro
474 3680 501 3743 p.
526 3661 595 3724 Chr.
615 3679 644 3723 n.
664 3657 731 3724 395
755 3669 873 3723 coustat
897 3709 903 3722 .
927 3659 1007 3722 unde
1032 3662 1171 3740 sequitur
1194 3670 1246 3720 aut
1270 3658 1326 3720 hoc
1350 3661 1416 3741 ipso

84 3789 180 3854 anno,
214 3779 278 3832 tum
312 3789 381 3832 cum
414 3769 457 3831 illi
491 3768 620 3850 collegae
654 3777 754 3853 erant,
791 3779 843 3832 aut
876 3771 956 3831 circa
988 3769 1045 3831 boc
1079 3779 1198 3850 tempus
1231 3767 1267 3829 ad
1300 3766 1366 3830 illos
1400 3789 1417 3831 a

84 3881 283 3963 grammatico
307 3877 418 3941 librum
443 3881 567 3941 missum
592 3897 659 3940 csse
682 3929 689 3942 .
715 3897 784 3940 nam
812 3881 952 3960 quoniam
978 3879 1086 3940 iratres
1110 3888 1197 3939 erant
1221 3875 1362 3957 Olybrius
1385 3888 1417 3940 et

84 3987 257 4071 Probinus,
275 3995 442 4070 potueruut
461 4005 567 4050 eorum
587 3987 721 4069 nomina,
740 3988 819 4048 sicut
838 3985 989 4048 adnotavit
1004 3984 1166 4067 llauptius,
1185 3987 1275 4048 etiam
1295 3995 1417 4067 praeter

84 4095 265 4160 consulatus
298 4097 487 4158 occasionem
521 4097 574 4156 uni
608 4093 707 4157 libello
739 4093 865 4156 inscribi
899 4142 906 4156 .
940 4093 975 4155 ad
1010 4093 1089 4156 idem
1124 4102 1243 4176 tempus
1275 4096 1416 4176 pertinet,

86 4203 168 4287 qtrod
195 4205 362 4266 Arusianus
394 4205 474 4265 inter
507 4201 643 4284 exempla
676 4211 820 4284 quattuor
853 4211 989 4264 veterum
1019 4203 1202 4284 scriptorum
1231 4201 1290 4263 duo
1316 4205 1417 4282 posuit

87 4311 275 4397 Symmachi,
302 4311 436 4395 aequalis
463 4314 524 4395 sui,
553 4311 689 4394 exempla
716 4331 744 4393 p.
773 4309 838 4374 217
864 4322 893 4373 et
922 4330 949 4392 p.
974 4307 1039 4372 244
1064 4358 1071 4372 .
1096 4305 1194 4393 neque
1222 4312 1302 4372 enim
1331 4309 1417 4373 dubi·

87 4421 214 4486 tandum
242 4430 290 4484 est
317 4425 390 4503 quin
418 4421 492 4483 baec
521 4419 558 4482 ab
588 4423 653 4502 ipso
681 4422 877 4500 grammatico
902 4421 1028 4501 scripta,
1057 4436 1117 4480 non
1140 4428 1245 4500 postea
1270 4420 1416 4502 exemplis

86 4531 124 4594 ab
163 4529 215 4593 lllo
253 4529 388 4594 collectis
425 4529 524 4593 addita
562 4531 622 4591 sint
656 4577 663 4590 .
695 4531 824 4592 oratoris
863 4527 981 4592 titulum
1018 4527 1097 4590 baud
1136 4531 1289 4591 insuetum
1326 4531 1416 4591 etiam

87 4641 292 4721 grammaticis
316 4639 397 4702 illius
421 4641 527 4701 aetatis
552 4639 644 4700 luisse
669 4637 820 4700 adnotavit
839 4637 1038 4728 llubnlrenius
1062 4638 1156 4719 praei.
1179 4639 1209 4699 in
1230 4636 1321 4700 lltrtil.
1341 4635 1416 4719 Lup.

87 4768 117 4831 p.
150 4746 244 4810 XXVI
272 4797 279 4812 .
310 4756 468 4831 praeterea
497 4749 526 4809 in
556 4749 753 4828 inscriptione
781 4746 851 4809 libri
888 4747 999 4808 dicitur
1028 4749 1073 4808 vir
1101 4745 1285 4808 clarissimus
1314 4764 1417 4810 comes

89 4859 180 4940 primi
203 4857 345 4920 ordinis.
365 4857 540 4938 dignitatem
565 4867 667 4920 autem
690 4858 834 4919 comitum
857 4858 948 4938 primi
971 4856 1097 4920 secundi
1121 4859 1204 4918 tertii
1227 4855 1355 4940 ordinis,
1379 4856 1416 4920 de
