3616 5482
379 359 445 427 140
932 363 1165 422 cassiooomt

376 552 483 614 aetatis
506 551 729 616 accommodata
754 559 833 615 sunt.
879 571 983 617 serram
1016 561 1116 618 tamen
1141 574 1208 618 esso
1232 555 1361 638 aliquam
1392 559 1423 620 in
1452 555 1508 620 hac
1538 557 1727 620 diuersitate

376 657 605 722 similitudinem
625 678 729 724 rerum
750 680 827 743 quiae
847 664 877 726 ln
898 672 1029 746 utraque
1052 673 1138 747 parte
1164 673 1333 729 tractantur
1353 665 1437 730 laelle
1457 677 1595 750 apparet,
1619 669 1724 748 siqui·

377 767 446 833 dem
472 769 563 834 etde
588 789 663 834 sono
687 769 856 834 litterarum
878 781 1046 836 metuet
1071 773 1109 837 de
1129 793 1146 836 c
1166 773 1212 836 set
1232 793 1251 857 q
1275 773 1375 838 littera
1399 777 1430 838 ln
1455 775 1607 840 uocabulis
1632 777 1723 838 sinal-

376 877 446 941 liter
469 878 647 942 sonantibus
671 878 830 942 scribenda
855 881 946 945 etde
972 881 1071 946 verbis
1091 901 1160 946 cnm
1185 882 1461 966 praepositionibus
1480 885 1659 966 compositis
1687 886 1723 946 in

375 995 507 1070 iitroque
535 998 622 1070 parte
653 986 833 1070 disputatur.
881 991 1003 1071 guarlus
1034 1009 1105 1053 vero
1136 1001 1183 1056 est
1216 991 1305 1076 illud,
1338 992 1418 1075 quod
1450 994 1481 1054 in
1511 992 1559 1056 his
1590 1013 1723 1076 qrroque

375 1098 527 1178 excerptis
559 1114 637 1179 quae
667 1095 811 1161 Caesellio
845 1097 1049 1181 orthographo
1084 1099 1261 1164 tribuuntur
1294 1101 1452 1165 manifesta
1481 1111 1553 1164 sunt
1587 1105 1722 1185 vestigia

376 1203 531 1268 doctrinae
555 1223 572 1267 a
596 1205 732 1269 Cornuto
757 1208 919 1291 repetitae,
947 1206 1046 1289 qualia
1075 1211 1107 1271 in
1131 1207 1253 1274 Caecilii
1277 1208 1410 1273 Vindicis
1439 1211 1490 1292 qui
1519 1211 1631 1274 dicitur
1663 1231 1720 1274 ex·

376 1315 489 1396 eorptls
518 1313 607 1376 modo
636 1314 900 1396 deprehendimus.
938 1334 955 1378 a
979 1315 1114 1380 Cornuto
1138 1318 1218 1380 enim
1246 1319 1357 1400 potitae
1384 1326 1456 1381 sont
1485 1317 1720 1382 observationes

376 1420 414 1485 de
442 1422 674 1505 pronominibus
702 1433 806 1486 iuratus
836 1433 866 1486 et
894 1431 1028 1502 priuatus
1054 1445 1084 1488 m
1113 1425 1217 1489 littera
1247 1425 1416 1490 scribendis
1445 1447 1472 1510 p.
1497 1423 1587 1491 2314
1614 1438 1647 1491 et
1676 1429 1719 1490 dc

376 1533 497 1595 nomine
522 1535 664 1595 exilium:
688 1531 725 1594 cl.
749 1550 813 1594 exc.
837 1531 918 1595 Cass.
943 1551 971 1616 p.
992 1528 1090 1596 2285.
1124 1532 1161 1596 de
1185 1535 1335 1615 geminata
1358 1533 1458 1598 littera
1483 1538 1492 1596 i
1517 1538 1719 1598 consonantis

381 1639 447 1702 loco
471 1643 583 1724 posita,
606 1639 643 1703 de
667 1659 727 1722 qna
751 1640 887 1705 Caesellii
910 1651 1073 1724 praecepte
1096 1641 1241 1724 leguntur
1265 1662 1293 1725 p.
1314 1639 1413 1728 2317,
1437 1643 1510 1706 nibil
1534 1641 1612 1728 apud
1638 1643 1717 1707 Cor·

376 1758 483 1812 nutum
503 1753 651 1834 scriptum
675 1753 835 1814 invenltur.
874 1749 928 1814 sed
947 1749 985 1813 ab
1009 1749 1066 1812 hoc
1087 1759 1209 1814 auctore
1229 1749 1278 1814 illa
1298 1761 1420 1833 recepta
1440 1771 1506 1814 esse
1526 1752 1717 1834 persuadere

376 1867 477 1940 potest
497 1858 700 1923 memorabilis
715 1859 857 1923 dictionis
872 1859 1036 1922 similitudo
1052 1859 1130 1942 apud
1146 1868 1311 1942 utrumque
1325 1863 1562 1944 grammaticum,
1577 1882 1604 1944 p.
1620 1859 1716 1925 2317

375 1971 516 2030 nonnulli
543 1973 656 2047 pusillo
685 1971 896 2046 diligentiores
924 1971 1056 2031 alterum
1092 1973 1105 2030 i
1131 1971 1252 2031 addunt
1279 1979 1310 2032 et
1337 1988 1366 2051 p.
1394 1966 1484 2034 2284
1516 1971 1717 2034 observanda

373 2080 486 2156 prosilio
519 2079 698 2154 diligentius
727 2081 992 2162 praepositionum
1022 2095 1092 2140 crim
1121 2079 1222 2140 verbis
1250 2085 1306 2140 cert
1336 2080 1492 2142 uocabulis
1524 2082 1715 2158 compositio.

375 2195 501 2268 propter
525 2185 579 2249 has
603 2189 736 2248 rationes
760 2187 852 2268 igitur
876 2204 952 2267 quas
976 2185 1038 2248 dixi
1065 2185 1144 2249 haud
1172 2184 1380 2269 improbabilis
1403 2185 1440 2248 de
1469 2185 1524 2249 hac
1550 2196 1635 2268 parte
1660 2207 1713 2250 ex·

375 2302 550 2376 cerptornm
576 2303 622 2358 est
646 2297 794 2358 sententia
819 2293 1008 2357 Brambachii
1037 2293 1074 2356 de
1099 2293 1233 2376 orthogr.
1258 2293 1306 2357 lat
1331 2314 1359 2377 p.
1383 2291 1442 2378 40,
1466 2293 1714 2377 orthographiam

377 2402 526 2484 sperandam
545 2421 581 2466 ex
603 2403 740 2467 Caesellii
764 2402 850 2467 libris
875 2401 1030 2466 collectam
1055 2413 1086 2466 et
1110 2405 1231 2467 nominc
1251 2405 1318 2464 eius
1341 2403 1517 2484 inscriptam
1541 2403 1649 2484 luisse,
1674 2423 1713 2466 ex

377 2529 435 2593 ipra
463 2510 538 2575 haec
570 2521 711 2596 excerpta
736 2511 945 2576 Cassiodorius
973 2514 1135 2595 posuisset
1178 2510 1236 2573 luit
1264 2513 1343 2574 enim
1373 2511 1422 2574 hic
1446 2529 1512 2573 mos
1539 2501 1711 2593 grammati·

375 2637 481 2682 corum
501 2618 640 2703 plurimis
659 2619 804 2704 exemplis
824 2618 1047 2703 comprobatus,
1063 2627 1105 2700 ut,
1120 2637 1189 2682 cum
1205 2637 1239 2682 ea
1258 2637 1334 2700 quae
1352 2619 1389 2682 ab
1408 2621 1540 2703 antiquis
1555 2621 1710 2702 scriptori·

378 2727 436 2791 bus
464 2728 514 2792 de.
530 2733 723 2811 grammatica
755 2737 819 2792 arte
849 2731 960 2812 scripta
989 2739 1077 2792 erant
1104 2731 1135 2791 in
1165 2729 1290 2792 sormam
1320 2729 1490 2810 compendii
1519 2727 1639 2791 redacta
1663 2728 1712 2791 uel

308 2824 312 2833 ’
377 2857 446 2900 cerm
475 2841 645 2921 praeceptis
673 2841 843 2902 recentium
871 2837 1139 2921 grammaticorum
1168 2839 1328 2900 coniuncta
1357 2837 1393 2900 ad
1422 2837 1613 2900 commodum
1637 2857 1710 2901 suae

376 2948 483 3010 aetatis
503 2956 533 3011 et
557 2965 646 3010 usum
671 2947 841 3010 scholarum
861 2955 1092 3029 componerent,
1117 2955 1216 3008 tamen
1236 2955 1372 3008 veterum
1392 2954 1423 3008 et
1447 2944 1594 3009 nobilium
1612 2965 1709 3028 gram·

376 3057 555 3119 matlcornm
571 3059 691 3119 nomina
711 3057 796 3119 noris
815 3053 902 3118 libris
920 3053 1131 3117 inscriberent.
1169 3053 1247 3116 idem
1266 3055 1360 3136 igitur
1379 3055 1410 3117 in
1426 3054 1570 3118 Caesellio
1585 3053 1709 3119 Vindice

376 3163 521 3228 accidisse
545 3164 728 3248 putabimus.
1462 3149 1467 3164 ⁶

467 3273 501 3336 ln
527 3275 677 3356 excerptis
696 3273 896 3357 Prisciani,
919 3291 995 3354 quae
1015 3273 1047 3334 in
1067 3272 1245 3335 duodecimo
1269 3273 1366 3353 capite
1387 3273 1498 3353 scripta
1518 3281 1603 3354 sunt,
1627 3270 1708 3334 locos

376 3385 564 3466 grammatici
588 3402 624 3446 es
649 3383 759 3466 quibus
783 3383 832 3446 illa
856 3381 1033 3466 deprompta
1058 3391 1130 3444 suot
1152 3383 1184 3444 in
1208 3383 1342 3462 margine
1362 3378 1503 3442 editionis
1526 3380 1661 3442 indicari.

469 3492 541 3556 Post
569 3492 752 3556 Cassiodorii
786 3491 896 3555 librum
925 3491 961 3552 de
992 3487 1205 3572 orthographia
1235 3491 1333 3573 posui.
1352 3506 1447 3570 pauca
1476 3507 1512 3550 ex
1541 3486 1705 3550 dnobus

376 3585 485 3664 libris
518 3605 799 3666 institutionum
834 3601 1041 3663 divinarum
1075 3609 1110 3662 et
1150 3597 1394 3662 saecularium
1427 3616 1443 3659 a
1477 3615 1524 3659 me
1558 3608 1706 3678 excerpta,

377 3727 453 3792 quae
478 3712 508 3772 in
533 3709 665 3773 editione
685 3711 950 3792 grammaticorum
969 3727 1028 3770 non
1050 3706 1228 3769 ridebantur
1247 3703 1513 3787 praetermittenda
1533 3721 1610 3766 csse.
1639 3721 1704 3765 nam

378 3827 409 3881 et
430 3820 461 3881 ln
486 3819 671 3901 praelatione
695 3817 815 3882 illorum
840 3817 987 3882 librorum
1012 3827 1043 3880 et
1066 3819 1096 3879 in
1121 3819 1186 3899 ipso
1211 3818 1313 3898 priore
1337 3813 1413 3877 libro
1439 3811 1646 3876 Cassiodorius
1668 3811 1703 3875 de

378 3927 591 4009 orthographia
614 3937 645 3990 et
668 3928 705 3990 de
734 3925 820 3989 libris
844 3925 1116 4007 orthographorum
1141 3943 1157 3986 a
1181 3943 1213 3986 se
1237 3923 1387 4006 collectis,
1415 3923 1495 3985 sicut
1523 3921 1703 4004 supradixi,

377 4035 531 4099 disseruit.
572 4038 604 4098 in
633 4035 727 4098 altero
755 4054 827 4098 vero
856 4034 933 4097 libro
957 4035 994 4097 de
1019 4032 1186 4116 disciplinis
1213 4031 1383 4095 liberalium
1413 4033 1523 4094 artium
1551 4028 1703 4112 disputans

269 4219 271 4224 ¹
377 4145 414 4208 ab
439 4147 629 4208 institutione
654 4147 727 4206 artis
751 4145 961 4226 grammaticae
986 4144 1106 4205 initium
1131 4141 1210 4203 iecit.
1249 4139 1302 4202 sed
1327 4143 1358 4203 in
1382 4139 1437 4212 hac
1461 4149 1546 4221 parte
1566 4148 1704 4220 quaeest

377 4253 414 4315 dc
435 4263 498 4316 arte
523 4255 716 4338 grammatica
740 4260 808 4336 post
832 4250 954 4315 brevem
974 4253 1069 4333 ipsius
1090 4249 1272 4312 Cassiodorii
1295 4249 1531 4331 disputationem
1550 4256 1579 4309 et
1604 4245 1701 4309 dellni·

379 4363 477 4425 tiones
491 4382 527 4426 ex
547 4371 611 4426 arte
627 4361 734 4426 Donati
755 4371 892 4445 receptas
911 4359 1026 4442 reliqua
1041 4361 1141 4422 omnia
1156 4378 1233 4442 quiae
1248 4361 1280 4423 ln
1295 4357 1383 4421 editis
1404 4354 1548 4436 exemplis
1567 4355 1702 4419 teruntur

379 4490 415 4533 ex
431 4471 568 4535 blartiani
584 4471 721 4556 Capellae
736 4470 812 4534 libro
829 4473 919 4533 tertio
934 4469 1085 4551 descripta
1100 4479 1180 4531 sunt.
1206 4486 1300 4549 quare
1316 4466 1406 4528 huius
1420 4463 1542 4546 peridem
1558 4482 1701 4527 commen·

379 4581 458 4663 larii,
477 4599 567 4664 quem
587 4601 623 4644 ex
643 4578 827 4645 editionibus
847 4578 1029 4642 Cassiodorii
1047 4577 1211 4640 Putschius
1231 4583 1395 4656 receperat,
1416 4574 1573 4635 maximam
1592 4579 1702 4654 partem

379 4691 481 4773 omisi3
505 4691 558 4754 sed
582 4699 724 4773 excerpta
744 4709 780 4754 ex
805 4692 902 4773 primo
926 4687 1004 4751 libro
1024 4697 1053 4751 et
1076 4688 1294 4771 praelationem
1318 4681 1385 4745 libri
1408 4681 1534 4744 secundi
1557 4675 1701 4766 addidi*).

469 4838 495 4910 ³)
519 4838 636 4896 Praeter
658 4839 747 4896 libros
766 4856 836 4910 quos
859 4853 945 4909 supra
967 4836 1026 4894 dixi
1045 4836 1176 4893 Coralius
1200 4832 1435 4892 commentarium
1459 4829 1489 4886 in
1508 4828 1649 4886 Donatum
1671 4845 1703 4886 ax

380 4921 480 4980 eodem
500 4919 609 4988 codice,
629 4937 685 4993 quo
704 4921 734 4976 in
752 4919 825 4976 libro
844 4919 879 4975 de
900 4917 1105 4990 orthographia
1128 4935 1195 4974 usus
1214 4919 1288 4985 erat,
1312 4919 1377 4971 ase
1401 4911 1511 4968 editum
1530 4908 1702 4968 Cassiodorio
