<?xml version="1.0" encoding="UTF-8"?>
<!DOCTYPE html PUBLIC "-//W3C//DTD XHTML 1.0 Transitional//EN"
    "http://www.w3.org/TR/xhtml1/DTD/xhtml1-transitional.dtd">
<html xmlns="http://www.w3.org/1999/xhtml" xml:lang="en" lang="en">
 <head>
  <title>
</title>
<meta http-equiv="Content-Type" content="text/html;charset=utf-8" />
  <meta name='ocr-system' content='tesseract 3.04.00' />
  <meta name='ocr-capabilities' content='ocr_page ocr_carea ocr_par ocr_line ocrx_word'/>
</head>
<body>
  <div class='ocr_page' id='page_1' title='image "./grammaticilatin00unkngoog/grammaticilatin00unkngoog_0398.png"; bbox 0 0 3564 5482; ppageno 0'>
   <div class='ocr_carea' id='block_1_1' title="bbox 101 357 1436 524">
    <p class='ocr_par' dir='ltr' id='par_1_1' title="bbox 101 357 1436 524">
     <span class='ocr_line' id='line_1_1' title="bbox 595 357 1436 428; baseline 0.006 -6"><span class='ocrx_word' id='word_1_1' title='bbox 595 364 666 422; x_wconf 78' lang='lat' dir='ltr'><strong>Ans</strong></span> <span class='ocrx_word' id='word_1_2' title='bbox 685 363 934 424; x_wconf 76' lang='lat' dir='ltr'><strong>dnnmmnricb</strong></span> <span class='ocrx_word' id='word_1_3' title='bbox 1370 357 1436 428; x_wconf 78' lang='grc'><strong>385</strong></span> 
     </span>
     <span class='ocr_line' id='line_1_2' title="bbox 101 468 265 524; baseline -0.012 -12"><span class='ocrx_word' id='word_1_4' title='bbox 101 468 265 524; x_wconf 47' lang='lat' dir='ltr'><strong>emma</strong></span> 
     </span>
    </p>
   </div>
   <div class='ocr_carea' id='block_1_2' title="bbox 7 553 1469 2053">
    <p class='ocr_par' dir='ltr' id='par_1_2' title="bbox 7 553 1469 2053">
     <span class='ocr_line' id='line_1_3' title="bbox 105 553 1436 638; baseline -0.004 -18"><span class='ocrx_word' id='word_1_5' title='bbox 105 575 184 638; x_wconf 85' lang='lat' dir='ltr'><strong>quae</strong></span> <span class='ocrx_word' id='word_1_6' title='bbox 205 553 376 618; x_wconf 88' lang='lat' dir='ltr'><strong>succedunt</strong></span> <span class='ocrx_word' id='word_1_7' title='bbox 398 555 431 616; x_wconf 93' lang='lat' dir='ltr'><strong>in</strong></span> <span class='ocrx_word' id='word_1_8' title='bbox 453 553 554 616; x_wconf 89' lang='lat' dir='ltr'><strong>locum</strong></span> <span class='ocrx_word' id='word_1_9' title='bbox 573 555 652 638; x_wconf 89' lang='lat' dir='ltr'><strong>eins,</strong></span> <span class='ocrx_word' id='word_1_10' title='bbox 676 565 710 619; x_wconf 87' lang='lat' dir='ltr'><strong>ut</strong></span> <span class='ocrx_word' id='word_1_11' title='bbox 729 557 832 619; x_wconf 78' lang='lat' dir='ltr'><em>asside</em></span> <span class='ocrx_word' id='word_1_12' title='bbox 850 555 952 636; x_wconf 81' lang='lat' dir='ltr'><strong>accipe</strong></span> <span class='ocrx_word' id='word_1_13' title='bbox 973 571 1081 634; x_wconf 80' lang='lat' dir='ltr'><strong>aggere</strong></span> <span class='ocrx_word' id='word_1_14' title='bbox 1101 553 1187 634; x_wconf 83' lang='lat' dir='ltr'><strong>alliga</strong></span> <span class='ocrx_word' id='word_1_15' title='bbox 1207 571 1317 637; x_wconf 88' lang='lat' dir='ltr'><strong>appara</strong></span> <span class='ocrx_word' id='word_1_16' title='bbox 1336 553 1436 634; x_wconf 90' lang='lat' dir='ltr'><strong>arripe</strong></span> 
     </span>
     <span class='ocr_line' id='line_1_4' title="bbox 104 661 1437 748; baseline -0.005 -20"><span class='ocrx_word' id='word_1_17' title='bbox 104 666 242 728; x_wconf 88' lang='lat' dir='ltr'><strong>ammitte</strong></span> <span class='ocrx_word' id='word_1_18' title='bbox 266 661 403 734; x_wconf 85' lang='lat' dir='ltr'><strong>attendo:</strong></span> <span class='ocrx_word' id='word_1_19' title='bbox 427 672 498 726; x_wconf 87' lang='lat' dir='ltr'><strong>nota</strong></span> <span class='ocrx_word' id='word_1_20' title='bbox 520 665 837 748; x_wconf 77' lang='lat' dir='ltr'><strong>praenominis,‘cum</strong></span> <span class='ocrx_word' id='word_1_21' title='bbox 861 662 986 726; x_wconf 80' lang='lat' dir='ltr'><strong>Decium</strong></span> <span class='ocrx_word' id='word_1_22' title='bbox 1015 662 1178 746; x_wconf 71' lang='lat' dir='ltr'><strong>signifieat,</strong></span> <span class='ocrx_word' id='word_1_23' title='bbox 1205 665 1279 726; x_wconf 90' lang='lat' dir='ltr'><strong>item</strong></span> <span class='ocrx_word' id='word_1_24' title='bbox 1308 662 1437 743; x_wconf 80' lang='lat' dir='ltr'><strong>ursmari,</strong></span> 
     </span>
     <span class='ocr_line' id='line_1_5' title="bbox 7 769 1438 856; baseline -0.003 -19"><span class='ocrx_word' id='word_1_25' title='bbox 7 769 12 780; x_wconf 89' lang='lat'>&#39;</span> <span class='ocrx_word' id='word_1_26' title='bbox 104 793 176 837; x_wconf 92' lang='lat' dir='ltr'><strong>cum</strong></span> <span class='ocrx_word' id='word_1_27' title='bbox 210 775 392 856; x_wconf 76' lang='grc' dir='ltr'><strong><em>ηοίορεοιοε</em></strong></span> <span class='ocrx_word' id='word_1_28' title='bbox 425 771 583 854; x_wconf 81' lang='lat' dir='ltr'><strong>significat.</strong></span> <span class='ocrx_word' id='word_1_29' title='bbox 640 791 659 854; x_wconf 77' lang='grc' dir='ltr'><strong><em>ς</em></strong></span> <span class='ocrx_word' id='word_1_30' title='bbox 691 771 791 836; x_wconf 87' lang='lat' dir='ltr'><strong>littera</strong></span> <span class='ocrx_word' id='word_1_31' title='bbox 829 790 998 836; x_wconf 77' lang='lat' dir='ltr'><strong>consonans</strong></span> <span class='ocrx_word' id='word_1_32' title='bbox 1032 781 1114 835; x_wconf 90' lang='lat' dir='ltr'><strong>muta</strong></span> <span class='ocrx_word' id='word_1_33' title='bbox 1147 783 1208 836; x_wconf 88' lang='lat' dir='ltr'><strong>tarn</strong></span> <span class='ocrx_word' id='word_1_34' title='bbox 1240 771 1438 854; x_wconf 77' lang='lat' dir='ltr'><strong>praeponitur</strong></span> 
     </span>
     <span class='ocr_line' id='line_1_6' title="bbox 104 877 1437 964; baseline -0.002 -21"><span class='ocrx_word' id='word_1_35' title='bbox 104 881 263 944; x_wconf 80' lang='lat' dir='ltr'><strong>vocalibus</strong></span> <span class='ocrx_word' id='word_1_36' title='bbox 286 899 377 963; x_wconf 87' lang='lat' dir='ltr'><strong>quam</strong></span> <span class='ocrx_word' id='word_1_37' title='bbox 400 879 612 964; x_wconf 82' lang='lat' dir='ltr'><strong>subiungitur,</strong></span> <span class='ocrx_word' id='word_1_38' title='bbox 636 889 670 943; x_wconf 88' lang='lat' dir='ltr'><strong>ut</strong></span> <span class='ocrx_word' id='word_1_39' title='bbox 688 899 760 963; x_wconf 81' lang='lat' dir='ltr'><strong>gere</strong></span> <span class='ocrx_word' id='word_1_40' title='bbox 780 901 902 964; x_wconf 77' lang='lat' dir='ltr'><strong>aggere:</strong></span> <span class='ocrx_word' id='word_1_41' title='bbox 925 883 1123 964; x_wconf 79' lang='lat' dir='ltr'><strong>praeponitur</strong></span> <span class='ocrx_word' id='word_1_42' title='bbox 1141 890 1172 944; x_wconf 89' lang='lat' dir='ltr'><strong>et</strong></span> <span class='ocrx_word' id='word_1_43' title='bbox 1192 877 1437 960; x_wconf 81' lang='lat' dir='ltr'><strong>consonantibus,</strong></span> 
     </span>
     <span class='ocr_line' id='line_1_7' title="bbox 78 989 1437 1074; baseline -0.003 -20"><span class='ocrx_word' id='word_1_44' title='bbox 78 1001 140 1055; x_wconf 77' lang='lat' dir='ltr'><strong>sut</strong></span> <span class='ocrx_word' id='word_1_45' title='bbox 172 993 207 1052; x_wconf 91' lang='lat' dir='ltr'><strong>in</strong></span> <span class='ocrx_word' id='word_1_46' title='bbox 239 991 357 1072; x_wconf 74' lang='lat' dir='ltr'><strong>agmins</strong></span> <span class='ocrx_word' id='word_1_47' title='bbox 391 1007 498 1070; x_wconf 76' lang='lat' dir='ltr'><strong>magno</strong></span> <span class='ocrx_word' id='word_1_48' title='bbox 522 1007 622 1070; x_wconf 66' lang='lat' dir='ltr'><strong>prope</strong></span> <span class='ocrx_word' id='word_1_49' title='bbox 656 989 740 1071; x_wconf 79' lang='lat' dir='ltr'><strong>glire.</strong></span> <span class='ocrx_word' id='word_1_50' title='bbox 791 989 811 1052; x_wconf 94' lang='lat' dir='ltr'><strong>b</strong></span> <span class='ocrx_word' id='word_1_51' title='bbox 843 992 966 1074; x_wconf 88' lang='lat' dir='ltr'><strong>proprie</strong></span> <span class='ocrx_word' id='word_1_52' title='bbox 996 991 1001 1068; x_wconf 91' lang='grc' dir='ltr'>Ι</span> <span class='ocrx_word' id='word_1_53' title='bbox 1031 992 1191 1053; x_wconf 88' lang='lat' dir='ltr'><strong>continens</strong></span> <span class='ocrx_word' id='word_1_54' title='bbox 1223 991 1437 1073; x_wconf 88' lang='lat' dir='ltr'><strong>aspirationem</strong></span> 
     </span>
     <span class='ocr_line' id='line_1_8' title="bbox 103 1095 1437 1183; baseline -0.001 -21"><span class='ocrx_word' id='word_1_55' title='bbox 103 1108 230 1182; x_wconf 89' lang='lat' dir='ltr'><strong>recepta</strong></span> <span class='ocrx_word' id='word_1_56' title='bbox 252 1098 394 1181; x_wconf 74' lang='lat' dir='ltr'><strong>volgoin</strong></span> <span class='ocrx_word' id='word_1_57' title='bbox 418 1116 580 1162; x_wconf 88' lang='lat' dir='ltr'><strong>numerum</strong></span> <span class='ocrx_word' id='word_1_58' title='bbox 603 1107 756 1162; x_wconf 88' lang='lat' dir='ltr'><strong>mutarum</strong></span> <span class='ocrx_word' id='word_1_59' title='bbox 780 1099 921 1164; x_wconf 89' lang='lat' dir='ltr'><strong>omnibus</strong></span> <span class='ocrx_word' id='word_1_60' title='bbox 946 1098 1098 1162; x_wconf 79' lang='lat' dir='ltr'><strong>vocalibus</strong></span> <span class='ocrx_word' id='word_1_61' title='bbox 1121 1100 1333 1183; x_wconf 81' lang='lat' dir='ltr'><strong>praeponitur,</strong></span> <span class='ocrx_word' id='word_1_62' title='bbox 1362 1095 1437 1161; x_wconf 85' lang='lat' dir='ltr'><strong>rrnlli</strong></span> 
     </span>
     <span class='ocr_line' id='line_1_9' title="bbox 103 1204 1437 1291; baseline -0.001 -21"><span class='ocrx_word' id='word_1_63' title='bbox 103 1207 302 1290; x_wconf 75' lang='lat' dir='ltr'><strong>subiungitur</strong></span> <span class='ocrx_word' id='word_1_64' title='bbox 321 1209 380 1270; x_wconf 91' lang='lat' dir='ltr'><strong>nisi</strong></span> <span class='ocrx_word' id='word_1_65' title='bbox 399 1205 650 1290; x_wconf 83' lang='lat' dir='ltr'><strong>consonantibus,</strong></span> <span class='ocrx_word' id='word_1_66' title='bbox 670 1216 704 1270; x_wconf 84' lang='lat' dir='ltr'><strong>ut</strong></span> <span class='ocrx_word' id='word_1_67' title='bbox 721 1207 753 1270; x_wconf 92' lang='lat' dir='ltr'><strong>in</strong></span> <span class='ocrx_word' id='word_1_68' title='bbox 768 1205 900 1272; x_wconf 80' lang='lat' dir='ltr'><strong>Thrasea</strong></span> <span class='ocrx_word' id='word_1_69' title='bbox 915 1208 1043 1272; x_wconf 84' lang='lat' dir='ltr'><strong>Thracia</strong></span> <span class='ocrx_word' id='word_1_70' title='bbox 1062 1211 1239 1291; x_wconf 82' lang='lat' dir='ltr'><strong>graecisque</strong></span> <span class='ocrx_word' id='word_1_71' title='bbox 1254 1204 1437 1289; x_wconf 87' lang='lat' dir='ltr'><strong>nominibus,</strong></span> 
     </span>
     <span class='ocr_line' id='line_1_10' title="bbox 104 1314 1437 1399; baseline -0.003 -18"><span class='ocrx_word' id='word_1_72' title='bbox 104 1327 140 1381; x_wconf 87' lang='lat' dir='ltr'><strong>ut</strong></span> <span class='ocrx_word' id='word_1_73' title='bbox 163 1314 296 1380; x_wconf 82' lang='lat' dir='ltr'><strong>Tbebae.</strong></span> <span class='ocrx_word' id='word_1_74' title='bbox 342 1315 362 1379; x_wconf 84' lang='lat' dir='ltr'><strong>l</strong></span> <span class='ocrx_word' id='word_1_75' title='bbox 386 1316 487 1381; x_wconf 87' lang='lat' dir='ltr'><strong>littera</strong></span> <span class='ocrx_word' id='word_1_76' title='bbox 511 1333 680 1378; x_wconf 86' lang='lat' dir='ltr'><strong>consonans</strong></span> <span class='ocrx_word' id='word_1_77' title='bbox 709 1325 790 1380; x_wconf 88' lang='lat' dir='ltr'><strong>muta</strong></span> <span class='ocrx_word' id='word_1_78' title='bbox 820 1328 907 1380; x_wconf 88' lang='lat' dir='ltr'><strong>notas</strong></span> <span class='ocrx_word' id='word_1_79' title='bbox 937 1326 1053 1381; x_wconf 86' lang='lat' dir='ltr'><strong>tantum</strong></span> <span class='ocrx_word' id='word_1_80' title='bbox 1083 1335 1172 1380; x_wconf 86' lang='lat' dir='ltr'><strong>causa</strong></span> <span class='ocrx_word' id='word_1_81' title='bbox 1200 1319 1338 1399; x_wconf 83' lang='lat' dir='ltr'><strong>ponitur,</strong></span> <span class='ocrx_word' id='word_1_82' title='bbox 1366 1332 1437 1378; x_wconf 87' lang='lat' dir='ltr'><strong>cnm</strong></span> 
     </span>
     <span class='ocr_line' id='line_1_11' title="bbox 104 1423 1438 1509; baseline -0.002 -20"><span class='ocrx_word' id='word_1_83' title='bbox 104 1436 158 1489; x_wconf 91' lang='lat' dir='ltr'><strong>aut</strong></span> <span class='ocrx_word' id='word_1_84' title='bbox 181 1424 325 1488; x_wconf 84' lang='lat' dir='ltr'><strong>kalendas</strong></span> <span class='ocrx_word' id='word_1_85' title='bbox 353 1425 416 1488; x_wconf 88' lang='lat' dir='ltr'><strong>sola</strong></span> <span class='ocrx_word' id='word_1_86' title='bbox 445 1425 593 1507; x_wconf 79' lang='lat' dir='ltr'><strong>significat</strong></span> <span class='ocrx_word' id='word_1_87' title='bbox 621 1435 673 1487; x_wconf 89' lang='lat' dir='ltr'><strong>aut</strong></span> <span class='ocrx_word' id='word_1_88' title='bbox 700 1423 870 1489; x_wconf 86' lang='lat' dir='ltr'><strong>Kaesonem</strong></span> <span class='ocrx_word' id='word_1_89' title='bbox 897 1434 950 1489; x_wconf 88' lang='lat' dir='ltr'><strong>aut</strong></span> <span class='ocrx_word' id='word_1_90' title='bbox 977 1426 1071 1509; x_wconf 88' lang='lat' dir='ltr'><strong>kaput</strong></span> <span class='ocrx_word' id='word_1_91' title='bbox 1098 1435 1151 1490; x_wconf 89' lang='lat' dir='ltr'><strong>aut</strong></span> <span class='ocrx_word' id='word_1_92' title='bbox 1179 1425 1362 1488; x_wconf 84' lang='lat' dir='ltr'><strong>kalumniam</strong></span> <span class='ocrx_word' id='word_1_93' title='bbox 1385 1433 1438 1486; x_wconf 91' lang='lat' dir='ltr'><strong>aut</strong></span> 
     </span>
     <span class='ocr_line' id='line_1_12' title="bbox 66 1531 1453 1621; baseline -0.001 -25"><span class='ocrx_word' id='word_1_94' title='bbox 66 1549 91 1589; x_wconf 77' lang='grc' dir='ltr'><strong>ιι</strong></span> <span class='ocrx_word' id='word_1_95' title='bbox 105 1534 331 1618; x_wconf 79' lang='lat' dir='ltr'><strong>Karthaginem.</strong></span> <span class='ocrx_word' id='word_1_96' title='bbox 379 1554 397 1618; x_wconf 95' lang='lat' dir='ltr'><strong>p</strong></span> <span class='ocrx_word' id='word_1_97' title='bbox 421 1535 521 1597; x_wconf 84' lang='lat' dir='ltr'><strong>littera</strong></span> <span class='ocrx_word' id='word_1_98' title='bbox 545 1552 715 1597; x_wconf 87' lang='lat' dir='ltr'><strong>consonans</strong></span> <span class='ocrx_word' id='word_1_99' title='bbox 738 1543 801 1598; x_wconf 84' lang='lat' dir='ltr'><strong>tom</strong></span> <span class='ocrx_word' id='word_1_100' title='bbox 826 1539 1034 1615; x_wconf 81' lang='lat' dir='ltr'><strong>praeponitur</strong></span> <span class='ocrx_word' id='word_1_101' title='bbox 1062 1537 1220 1600; x_wconf 83' lang='lat' dir='ltr'><strong>vocalibus</strong></span> <span class='ocrx_word' id='word_1_102' title='bbox 1247 1551 1337 1617; x_wconf 86' lang='lat' dir='ltr'><strong>quarn</strong></span> <span class='ocrx_word' id='word_1_103' title='bbox 1366 1531 1453 1621; x_wconf 53' lang='lat' dir='ltr'><strong>subg</strong></span> 
     </span>
     <span class='ocr_line' id='line_1_13' title="bbox 103 1642 1438 1728; baseline -0.002 -21"><span class='ocrx_word' id='word_1_104' title='bbox 103 1646 257 1727; x_wconf 77' lang='lat' dir='ltr'><strong>iungitur,</strong></span> <span class='ocrx_word' id='word_1_105' title='bbox 283 1655 317 1708; x_wconf 91' lang='lat' dir='ltr'><strong>ut</strong></span> <span class='ocrx_word' id='word_1_106' title='bbox 336 1645 367 1707; x_wconf 93' lang='lat' dir='ltr'><strong>in</strong></span> <span class='ocrx_word' id='word_1_107' title='bbox 387 1643 448 1728; x_wconf 89' lang='lat' dir='ltr'><strong>bis,</strong></span> <span class='ocrx_word' id='word_1_108' title='bbox 471 1645 557 1725; x_wconf 92' lang='lat' dir='ltr'><strong>ponit</strong></span> <span class='ocrx_word' id='word_1_109' title='bbox 576 1644 714 1726; x_wconf 82' lang='lat' dir='ltr'><strong>opponit3</strong></span> <span class='ocrx_word' id='word_1_110' title='bbox 733 1646 930 1726; x_wconf 85' lang='lat' dir='ltr'><strong>praeponitur</strong></span> <span class='ocrx_word' id='word_1_111' title='bbox 951 1654 982 1707; x_wconf 86' lang='lat' dir='ltr'><strong>et</strong></span> <span class='ocrx_word' id='word_1_112' title='bbox 1001 1643 1252 1726; x_wconf 87' lang='lat' dir='ltr'><strong>consonantibus,</strong></span> <span class='ocrx_word' id='word_1_113' title='bbox 1271 1653 1305 1706; x_wconf 91' lang='lat' dir='ltr'><strong>ut</strong></span> <span class='ocrx_word' id='word_1_114' title='bbox 1323 1642 1438 1724; x_wconf 82' lang='lat' dir='ltr'><strong>plaudit</strong></span> 
     </span>
     <span class='ocr_line' id='line_1_14' title="bbox 106 1751 1437 1838; baseline -0.002 -24"><span class='ocrx_word' id='word_1_115' title='bbox 106 1752 244 1835; x_wconf 87' lang='lat' dir='ltr'><strong>prandit:</strong></span> <span class='ocrx_word' id='word_1_116' title='bbox 267 1764 338 1815; x_wconf 87' lang='lat' dir='ltr'><strong>nota</strong></span> <span class='ocrx_word' id='word_1_117' title='bbox 363 1755 580 1838; x_wconf 88' lang='lat' dir='ltr'><strong>praenominis,</strong></span> <span class='ocrx_word' id='word_1_118' title='bbox 608 1771 678 1816; x_wconf 89' lang='lat' dir='ltr'><strong>cum</strong></span> <span class='ocrx_word' id='word_1_119' title='bbox 702 1752 766 1816; x_wconf 94' lang='lat' dir='ltr'><strong>sola</strong></span> <span class='ocrx_word' id='word_1_120' title='bbox 790 1751 930 1816; x_wconf 90' lang='lat' dir='ltr'><strong>Publium</strong></span> <span class='ocrx_word' id='word_1_121' title='bbox 959 1753 1120 1838; x_wconf 81' lang='lat' dir='ltr'><strong>significat,</strong></span> <span class='ocrx_word' id='word_1_122' title='bbox 1148 1761 1180 1816; x_wconf 87' lang='lat' dir='ltr'><strong>et</strong></span> <span class='ocrx_word' id='word_1_123' title='bbox 1198 1763 1278 1814; x_wconf 86' lang='lat' dir='ltr'><strong>&#39;cum</strong></span> <span class='ocrx_word' id='word_1_124' title='bbox 1308 1769 1324 1812; x_wconf 92' lang='lat' dir='ltr'><strong>r</strong></span> <span class='ocrx_word' id='word_1_125' title='bbox 1351 1769 1437 1833; x_wconf 90' lang='lat' dir='ltr'><strong>prae·</strong></span> 
     </span>
     <span class='ocr_line' id='line_1_15' title="bbox 104 1859 1469 1946; baseline -0.002 -23"><span class='ocrx_word' id='word_1_126' title='bbox 104 1863 205 1943; x_wconf 91' lang='lat' dir='ltr'><strong>posita</strong></span> <span class='ocrx_word' id='word_1_127' title='bbox 227 1861 374 1943; x_wconf 89' lang='lat' dir='ltr'><strong>populum</strong></span> <span class='ocrx_word' id='word_1_128' title='bbox 399 1860 580 1945; x_wconf 83' lang='lat' dir='ltr'><strong>Romanum,</strong></span> <span class='ocrx_word' id='word_1_129' title='bbox 614 1870 644 1925; x_wconf 89' lang='lat' dir='ltr'><strong>et</strong></span> <span class='ocrx_word' id='word_1_130' title='bbox 677 1859 813 1924; x_wconf 84' lang='lat' dir='ltr'><strong>subiecta</strong></span> <span class='ocrx_word' id='word_1_131' title='bbox 837 1879 853 1922; x_wconf 89' lang='lat' dir='ltr'><strong>r</strong></span> <span class='ocrx_word' id='word_1_132' title='bbox 876 1861 1130 1946; x_wconf 90' lang='lat' dir='ltr'><strong>rempublicam,</strong></span> <span class='ocrx_word' id='word_1_133' title='bbox 1163 1870 1195 1924; x_wconf 85' lang='lat' dir='ltr'><strong>et</strong></span> <span class='ocrx_word' id='word_1_134' title='bbox 1226 1862 1439 1943; x_wconf 86' lang='lat' dir='ltr'><strong>praepositae</strong></span> <span class='ocrx_word' id='word_1_135' title='bbox 1468 1917 1469 1920; x_wconf 74' lang='grc'><strong><em>,</em></strong></span> 
     </span>
     <span class='ocr_line' id='line_1_16' title="bbox 105 1968 1438 2053; baseline -0.002 -22"><span class='ocrx_word' id='word_1_136' title='bbox 105 1968 227 2032; x_wconf 88' lang='lat' dir='ltr'><strong>litterae</strong></span> <span class='ocrx_word' id='word_1_137' title='bbox 254 1978 357 2052; x_wconf 87' lang='lat' dir='ltr'><strong>patres</strong></span> <span class='ocrx_word' id='word_1_138' title='bbox 381 1974 578 2053; x_wconf 88' lang='lat' dir='ltr'><strong>conscriptos.</strong></span> <span class='ocrx_word' id='word_1_139' title='bbox 626 1988 645 2051; x_wconf 92' lang='lat' dir='ltr'><strong>q</strong></span> <span class='ocrx_word' id='word_1_140' title='bbox 669 1969 768 2032; x_wconf 88' lang='lat' dir='ltr'><strong>littera</strong></span> <span class='ocrx_word' id='word_1_141' title='bbox 796 1987 967 2032; x_wconf 90' lang='lat' dir='ltr'><strong>consonans</strong></span> <span class='ocrx_word' id='word_1_142' title='bbox 999 1982 1081 2034; x_wconf 88' lang='lat' dir='ltr'><strong>muta</strong></span> <span class='ocrx_word' id='word_1_143' title='bbox 1110 1990 1146 2034; x_wconf 82' lang='lat' dir='ltr'><strong>ex</strong></span> <span class='ocrx_word' id='word_1_144' title='bbox 1175 1990 1192 2034; x_wconf 90' lang='grc' dir='ltr'><strong><em>ο</em></strong></span> <span class='ocrx_word' id='word_1_145' title='bbox 1220 1978 1252 2033; x_wconf 90' lang='lat' dir='ltr'><strong>et</strong></span> <span class='ocrx_word' id='word_1_146' title='bbox 1279 1987 1300 2031; x_wconf 88' lang='lat' dir='ltr'><strong>u</strong></span> <span class='ocrx_word' id='word_1_147' title='bbox 1328 1969 1438 2032; x_wconf 87' lang='lat' dir='ltr'><strong>litteris</strong></span> 
     </span>
    </p>
   </div>
   <div class='ocr_carea' id='block_1_3' title="bbox 104 2152 1440 2475">
    <p class='ocr_par' dir='ltr' id='par_1_3' title="bbox 104 2152 1440 2475">
     <span class='ocr_line' id='line_1_17' title="bbox 200 2152 1440 2228; baseline -0.005 -15"><span class='ocrx_word' id='word_1_148' title='bbox 200 2154 293 2213; x_wconf 67' lang='lat' dir='ltr'><strong>doda</strong></span> <span class='ocrx_word' id='word_1_149' title='bbox 311 2155 511 2228; x_wconf 81' lang='lat' dir='ltr'><strong>Sonpuiiensie.</strong></span> <span class='ocrx_word' id='word_1_150' title='bbox 564 2158 632 2212; x_wconf 80' lang='lat' dir='ltr'><strong>iub</strong></span> <span class='ocrx_word' id='word_1_151' title='bbox 649 2152 777 2225; x_wconf 82' lang='lat' dir='ltr'><strong>accipere</strong></span> <span class='ocrx_word' id='word_1_152' title='bbox 796 2169 902 2226; x_wconf 70' lang='lat' dir='ltr'><strong>aggere</strong></span> <span class='ocrx_word' id='word_1_153' title='bbox 981 2153 1119 2209; x_wconf 74' lang='lat' dir='ltr'><strong>inmitte</strong></span> <span class='ocrx_word' id='word_1_154' title='bbox 1196 2155 1266 2209; x_wconf 76' lang='lat' dir='ltr'><strong>nota</strong></span> <span class='ocrx_word' id='word_1_155' title='bbox 1284 2155 1440 2224; x_wconf 81' lang='lat' dir='ltr'><strong>prenomen</strong></span> 
     </span>
     <span class='ocr_line' id='line_1_18' title="bbox 143 2231 1403 2308; baseline -0.001 -17"><span class='ocrx_word' id='word_1_156' title='bbox 143 2236 282 2294; x_wconf 78' lang='lat' dir='ltr'><strong>ibbneen</strong></span> <span class='ocrx_word' id='word_1_157' title='bbox 300 2237 402 2294; x_wconf 81' lang='lat' dir='ltr'><strong>iraicis</strong></span> <span class='ocrx_word' id='word_1_158' title='bbox 474 2243 576 2295; x_wconf 71' lang='lat' dir='ltr'><strong>soum</strong></span> <span class='ocrx_word' id='word_1_159' title='bbox 595 2235 659 2308; x_wconf 82' lang='lat' dir='ltr'><strong>snt]</strong></span> <span class='ocrx_word' id='word_1_160' title='bbox 679 2239 729 2291; x_wconf 81' lang='lat' dir='ltr'><strong>nub</strong></span> <span class='ocrx_word' id='word_1_161' title='bbox 747 2249 811 2290; x_wconf 86' lang='lat' dir='ltr'><strong>eum</strong></span> <span class='ocrx_word' id='word_1_162' title='bbox 886 2233 1092 2306; x_wconf 81' lang='lat' dir='ltr'><strong>9Knesonem]</strong></span> <span class='ocrx_word' id='word_1_163' title='bbox 1112 2231 1254 2290; x_wconf 80' lang='lat' dir='ltr'><strong>Kabonem</strong></span> <span class='ocrx_word' id='word_1_164' title='bbox 1315 2237 1403 2305; x_wconf 82' lang='lat' dir='ltr'><strong>oapnb</strong></span> 
     </span>
     <span class='ocr_line' id='line_1_19' title="bbox 107 2315 1440 2391; baseline -0.002 -16"><span class='ocrx_word' id='word_1_165' title='bbox 107 2326 142 2376; x_wconf 88' lang='lat'><strong>10</strong></span> <span class='ocrx_word' id='word_1_166' title='bbox 160 2325 222 2375; x_wconf 83' lang='lat' dir='ltr'><strong>tam</strong></span> <span class='ocrx_word' id='word_1_167' title='bbox 243 2319 428 2391; x_wconf 76' lang='lat' dir='ltr'><strong>praeponitur</strong></span> <span class='ocrx_word' id='word_1_168' title='bbox 446 2319 592 2376; x_wconf 84' lang='lat' dir='ltr'><strong>vocalibus</strong></span> <span class='ocrx_word' id='word_1_169' title='bbox 610 2333 661 2375; x_wconf 85' lang='lat' dir='ltr'><strong>om.</strong></span> <span class='ocrx_word' id='word_1_170' title='bbox 742 2322 774 2372; x_wconf 80' lang='lat' dir='ltr'><strong>li</strong></span> <span class='ocrx_word' id='word_1_171' title='bbox 795 2319 865 2374; x_wconf 80' lang='lat' dir='ltr'><strong>nota</strong></span> <span class='ocrx_word' id='word_1_172' title='bbox 881 2322 1000 2390; x_wconf 72' lang='lat' dir='ltr'><strong>pronum</strong></span> <span class='ocrx_word' id='word_1_173' title='bbox 1079 2323 1112 2374; x_wconf 80' lang='lat'><strong>1³</strong></span> <span class='ocrx_word' id='word_1_174' title='bbox 1132 2315 1271 2388; x_wconf 84' lang='lat' dir='ltr'><strong>populum</strong></span> <span class='ocrx_word' id='word_1_175' title='bbox 1290 2331 1440 2373; x_wconf 76' lang='lat' dir='ltr'><strong>muranum</strong></span> 
     </span>
     <span class='ocr_line' id='line_1_20' title="bbox 104 2399 491 2475; baseline -0.008 -16"><span class='ocrx_word' id='word_1_176' title='bbox 104 2405 175 2475; x_wconf 71' lang='lat' dir='ltr'><strong>pet</strong></span> <span class='ocrx_word' id='word_1_177' title='bbox 251 2408 285 2457; x_wconf 86' lang='lat'><strong>14</strong></span> <span class='ocrx_word' id='word_1_178' title='bbox 303 2399 491 2473; x_wconf 75' lang='lat' dir='ltr'><strong>comeripli&#39;</strong></span> 
     </span>
    </p>
   </div>
   <div class='ocr_carea' id='block_1_4' title="bbox 104 2524 1455 2717">
    <p class='ocr_par' dir='ltr' id='par_1_4' title="bbox 104 2524 1455 2717">
     <span class='ocr_line' id='line_1_21' title="bbox 201 2524 1455 2635; baseline -0.002 -15"><span class='ocrx_word' id='word_1_179' title='bbox 201 2573 214 2620; x_wconf 93' lang='lat'>1</span> <span class='ocrx_word' id='word_1_180' title='bbox 235 2563 329 2621; x_wconf 74' lang='lat' dir='ltr'><strong>asside</strong></span> <span class='ocrx_word' id='word_1_181' title='bbox 349 2563 450 2620; x_wconf 81' lang='lat' dir='ltr'><strong>addidi</strong></span> <span class='ocrx_word' id='word_1_182' title='bbox 468 2581 502 2620; x_wconf 82' lang='grc' dir='ltr'><strong>επ</strong></span> <span class='ocrx_word' id='word_1_183' title='bbox 515 2564 650 2621; x_wconf 78' lang='lat' dir='ltr'><strong>Diomede</strong></span> <span class='ocrx_word' id='word_1_184' title='bbox 664 2581 695 2635; x_wconf 85' lang='lat' dir='ltr'><strong>p.</strong></span> <span class='ocrx_word' id='word_1_185' title='bbox 710 2569 816 2632; x_wconf 60' lang='lat' dir='ltr'><strong>lidda</strong></span> <span class='ocrx_word' id='word_1_186' title='bbox 835 2566 868 2620; x_wconf 82' lang='lat' dir='ltr'><strong>nb</strong></span> <span class='ocrx_word' id='word_1_187' title='bbox 882 2561 980 2634; x_wconf 79' lang='lat' dir='ltr'><strong>accipe</strong></span> <span class='ocrx_word' id='word_1_188' title='bbox 995 2579 1100 2635; x_wconf 78' lang='lat' dir='ltr'><strong>aggere</strong></span> <span class='ocrx_word' id='word_1_189' title='bbox 1118 2561 1210 2635; x_wconf 77' lang='lat' dir='ltr'><strong>siligo</strong></span> <span class='ocrx_word' id='word_1_190' title='bbox 1223 2565 1328 2635; x_wconf 75' lang='lat' dir='ltr'><strong>appete</strong></span> <span class='ocrx_word' id='word_1_191' title='bbox 1343 2561 1437 2634; x_wconf 85' lang='lat' dir='ltr'><strong>arripe</strong></span> <span class='ocrx_word' id='word_1_192' title='bbox 1451 2524 1455 2534; x_wconf 27' lang='grc' dir='ltr'>Ι</span> 
     </span>
     <span class='ocr_line' id='line_1_22' title="bbox 104 2643 1439 2717; baseline -0.003 -14"><span class='ocrx_word' id='word_1_193' title='bbox 104 2646 199 2703; x_wconf 77' lang='lat' dir='ltr'><strong>asside</strong></span> <span class='ocrx_word' id='word_1_194' title='bbox 219 2645 335 2704; x_wconf 81' lang='lat' dir='ltr'><strong>abiendo</strong></span> <span class='ocrx_word' id='word_1_195' title='bbox 409 2653 425 2702; x_wconf 75' lang='lat' dir='ltr'><strong>‘i</strong></span> <span class='ocrx_word' id='word_1_196' title='bbox 445 2645 594 2703; x_wconf 83' lang='lat' dir='ltr'><strong>Decimum</strong></span> <span class='ocrx_word' id='word_1_197' title='bbox 613 2646 759 2702; x_wconf 81' lang='lat' dir='ltr'><strong>Diomedes</strong></span> <span class='ocrx_word' id='word_1_198' title='bbox 769 2662 800 2717; x_wconf 86' lang='lat' dir='ltr'><strong>p.</strong></span> <span class='ocrx_word' id='word_1_199' title='bbox 815 2648 933 2715; x_wconf 56' lang='lat' dir='ltr'><strong>ienis,</strong></span> <span class='ocrx_word' id='word_1_200' title='bbox 952 2643 1071 2701; x_wconf 86' lang='lat' dir='ltr'><strong>Decium</strong></span> <span class='ocrx_word' id='word_1_201' title='bbox 1090 2646 1175 2702; x_wconf 75' lang='lat' dir='ltr'><strong>endec</strong></span> <span class='ocrx_word' id='word_1_202' title='bbox 1189 2644 1315 2702; x_wconf 74' lang='grc' dir='ltr'><strong><em>Οίιοτίείί</em></strong></span> <span class='ocrx_word' id='word_1_203' title='bbox 1330 2648 1439 2716; x_wconf 83' lang='lat' dir='ltr'><strong>p.10‚6</strong></span> 
     </span>
    </p>
   </div>
   <div class='ocr_carea' id='block_1_5' title="bbox 104 2725 1438 2880">
    <p class='ocr_par' dir='ltr' id='par_1_5' title="bbox 104 2725 1438 2880">
     <span class='ocr_line' id='line_1_23' title="bbox 104 2725 1438 2800; baseline -0.002 -16"><span class='ocrx_word' id='word_1_204' title='bbox 104 2734 130 2784; x_wconf 81' lang='lat' dir='ltr'><strong>et</strong></span> <span class='ocrx_word' id='word_1_205' title='bbox 148 2728 256 2784; x_wconf 81' lang='lat' dir='ltr'><strong>codices</strong></span> <span class='ocrx_word' id='word_1_206' title='bbox 273 2725 369 2784; x_wconf 82' lang='lat' dir='ltr'><strong>Reduc</strong></span> <span class='ocrx_word' id='word_1_207' title='bbox 387 2727 507 2800; x_wconf 76' lang='lat' dir='ltr'><strong>oribopr.</strong></span> <span class='ocrx_word' id='word_1_208' title='bbox 527 2745 559 2799; x_wconf 82' lang='lat' dir='ltr'><strong>p.</strong></span> <span class='ocrx_word' id='word_1_209' title='bbox 579 2732 666 2796; x_wconf 82' lang='lat' dir='ltr'><strong>261,s</strong></span> <span class='ocrx_word' id='word_1_210' title='bbox 751 2735 784 2784; x_wconf 78' lang='lat'><strong>12</strong></span> <span class='ocrx_word' id='word_1_211' title='bbox 814 2729 843 2785; x_wconf 83' lang='lat' dir='ltr'><strong>ab</strong></span> <span class='ocrx_word' id='word_1_212' title='bbox 870 2743 935 2784; x_wconf 89' lang='lat' dir='ltr'><strong>cum</strong></span> <span class='ocrx_word' id='word_1_213' title='bbox 961 2745 976 2782; x_wconf 86' lang='lat' dir='ltr'><strong>r</strong></span> <span class='ocrx_word' id='word_1_214' title='bbox 1004 2725 1100 2798; x_wconf 77' lang='lat' dir='ltr'><strong>posita</strong></span> <span class='ocrx_word' id='word_1_215' title='bbox 1122 2726 1260 2800; x_wconf 86' lang='lat' dir='ltr'><strong>populum</strong></span> <span class='ocrx_word' id='word_1_216' title='bbox 1278 2725 1438 2783; x_wconf 77' lang='lat' dir='ltr'><strong>Romanurn</strong></span> 
     </span>
     <span class='ocr_line' id='line_1_24' title="bbox 104 2809 731 2880; baseline -0.002 -14"><span class='ocrx_word' id='word_1_217' title='bbox 104 2809 256 2866; x_wconf 71' lang='lat' dir='ltr'><strong>mameae</strong></span> <span class='ocrx_word' id='word_1_218' title='bbox 271 2825 301 2880; x_wconf 76' lang='lat' dir='ltr'><strong>p.</strong></span> <span class='ocrx_word' id='word_1_219' title='bbox 321 2813 427 2878; x_wconf 67' lang='lat' dir='ltr'><strong>seam</strong></span> <span class='ocrx_word' id='word_1_220' title='bbox 727 2847 731 2854; x_wconf 83' lang='grc'><strong>.</strong></span> 
     </span>
    </p>
   </div>
   <div class='ocr_carea' id='block_1_6' title="bbox 79 3077 1441 3716">
    <p class='ocr_par' dir='ltr' id='par_1_6' title="bbox 79 3077 1441 3716">
     <span class='ocr_line' id='line_1_25' title="bbox 106 3077 1439 3173; baseline -0.001 -22"><span class='ocrx_word' id='word_1_221' title='bbox 106 3080 316 3173; x_wconf 77' lang='grc' dir='ltr'><em>γραμμάτων</em></span> <span class='ocrx_word' id='word_1_222' title='bbox 338 3085 413 3152; x_wconf 79' lang='grc' dir='ltr'><strong>τῶν</strong></span> <span class='ocrx_word' id='word_1_223' title='bbox 428 3081 624 3172; x_wconf 74' lang='grc' dir='ltr'><strong><em>συμφώνων</em></strong></span> <span class='ocrx_word' id='word_1_224' title='bbox 648 3081 780 3154; x_wconf 86' lang='grc' dir='ltr'><strong><em>τούτων</em></strong></span> <span class='ocrx_word' id='word_1_225' title='bbox 849 3077 899 3170; x_wconf 81' lang='grc' dir='ltr'><strong>,ἃ</strong></span> <span class='ocrx_word' id='word_1_226' title='bbox 924 3079 1154 3170; x_wconf 76' lang='grc' dir='ltr'><strong>ὑπεισέρχεται</strong></span> <span class='ocrx_word' id='word_1_227' title='bbox 1178 3085 1226 3164; x_wconf 88' lang='grc' dir='ltr'><strong><em>είς</em></strong></span> <span class='ocrx_word' id='word_1_228' title='bbox 1248 3078 1309 3151; x_wconf 88' lang='grc' dir='ltr'><strong>τὸν</strong></span> <span class='ocrx_word' id='word_1_229' title='bbox 1332 3081 1439 3151; x_wconf 81' lang='grc' dir='ltr'><strong><em>τόπον</em></strong></span> 
     </span>
     <span class='ocr_line' id='line_1_26' title="bbox 104 3187 1441 3282; baseline -0.003 -19"><span class='ocrx_word' id='word_1_230' title='bbox 104 3191 232 3263; x_wconf 89' lang='grc' dir='ltr'><strong><em>τούτου</em></strong></span> <span class='ocrx_word' id='word_1_231' title='bbox 311 3212 318 3227; x_wconf 92' lang='grc'><em>·</em></span> <span class='ocrx_word' id='word_1_232' title='bbox 351 3204 493 3282; x_wconf 80' lang='grc' dir='ltr'><strong><em>σημεῖον</em></strong></span> <span class='ocrx_word' id='word_1_233' title='bbox 526 3195 776 3282; x_wconf 79' lang='grc' dir='ltr'><strong>χρηματισμοῦ,</strong></span> <span class='ocrx_word' id='word_1_234' title='bbox 810 3188 911 3261; x_wconf 81' lang='grc' dir='ltr'><strong><em>ὁπότε</em></strong></span> <span class='ocrx_word' id='word_1_235' title='bbox 946 3191 1074 3260; x_wconf 86' lang='grc' dir='ltr'><strong><em>Δέκιον</em></strong></span> <span class='ocrx_word' id='word_1_236' title='bbox 1094 3197 1279 3280; x_wconf 71' lang='grc' dir='ltr'><strong><em>σημαίνει,</em></strong></span> <span class='ocrx_word' id='word_1_237' title='bbox 1315 3187 1441 3280; x_wconf 88' lang='grc' dir='ltr'><strong><em>ὁμοίως</em></strong></span> 
     </span>
     <span class='ocr_line' id='line_1_27' title="bbox 105 3296 1439 3390; baseline -0.002 -21"><span class='ocrx_word' id='word_1_238' title='bbox 105 3299 272 3389; x_wconf 78' lang='grc' dir='ltr'><strong><em>ἀριθμοῦ,</em></strong></span> <span class='ocrx_word' id='word_1_239' title='bbox 291 3296 393 3370; x_wconf 84' lang='grc' dir='ltr'><strong><em>ὁπότε</em></strong></span> <span class='ocrx_word' id='word_1_240' title='bbox 411 3305 655 3382; x_wconf 81' lang='grc' dir='ltr'><strong><em>πεντακοσίους</em></strong></span> <span class='ocrx_word' id='word_1_241' title='bbox 672 3305 840 3390; x_wconf 85' lang='grc' dir='ltr'><strong><em>σημαίνει.</em></strong></span> <span class='ocrx_word' id='word_1_242' title='bbox 883 3323 907 3383; x_wconf 80' lang='grc' dir='ltr'><strong><em>ρ</em></strong></span> <span class='ocrx_word' id='word_1_243' title='bbox 925 3297 1062 3388; x_wconf 80' lang='grc' dir='ltr'><strong><em>γράμμα</em></strong></span> <span class='ocrx_word' id='word_1_244' title='bbox 1087 3296 1276 3388; x_wconf 83' lang='grc' dir='ltr'><strong><em>σύμφωνον</em></strong></span> <span class='ocrx_word' id='word_1_245' title='bbox 1296 3296 1439 3389; x_wconf 83' lang='grc' dir='ltr'><strong><em>άφωνον</em></strong></span> 
     </span>
     <span class='ocr_line' id='line_1_28' title="bbox 105 3405 1440 3497; baseline -0.003 -17"><span class='ocrx_word' id='word_1_246' title='bbox 105 3411 163 3480; x_wconf 80' lang='grc' dir='ltr'><strong><em>καί</em></strong></span> <span class='ocrx_word' id='word_1_247' title='bbox 186 3407 411 3496; x_wconf 86' lang='grc' dir='ltr'><strong><em>προτάσσεται</em></strong></span> <span class='ocrx_word' id='word_1_248' title='bbox 435 3410 645 3497; x_wconf 79' lang='grc' dir='ltr'><strong><em>φωνηέντων</em></strong></span> <span class='ocrx_word' id='word_1_249' title='bbox 669 3410 725 3478; x_wconf 82' lang='grc' dir='ltr'><strong><em>καὶ</em></strong></span> <span class='ocrx_word' id='word_1_250' title='bbox 748 3406 973 3478; x_wconf 78' lang='grc' dir='ltr'><strong><em>ὑποτάσσεται</em></strong></span> <span class='ocrx_word' id='word_1_251' title='bbox 1042 3429 1049 3444; x_wconf 94' lang='grc'><em>·</em></span> <span class='ocrx_word' id='word_1_252' title='bbox 1073 3405 1296 3496; x_wconf 85' lang='grc' dir='ltr'><strong><em>προτάσσεται</em></strong></span> <span class='ocrx_word' id='word_1_253' title='bbox 1322 3405 1361 3476; x_wconf 76' lang='lat' dir='ltr'><strong>di</strong></span> <span class='ocrx_word' id='word_1_254' title='bbox 1383 3406 1440 3476; x_wconf 85' lang='grc' dir='ltr'><strong><em>καὶ</em></strong></span> 
     </span>
     <span class='ocr_line' id='line_1_29' title="bbox 79 3513 1437 3610; baseline 0.001 -28"><span class='ocrx_word' id='word_1_255' title='bbox 79 3517 318 3607; x_wconf 83' lang='grc' dir='ltr'><strong><em>οσνμφοίνων,</em></strong></span> <span class='ocrx_word' id='word_1_256' title='bbox 343 3514 389 3600; x_wconf 78' lang='grc' dir='ltr'><strong><em>ὡς</em></strong></span> <span class='ocrx_word' id='word_1_257' title='bbox 412 3518 450 3587; x_wconf 84' lang='grc' dir='ltr'><strong>έν</strong></span> <span class='ocrx_word' id='word_1_258' title='bbox 473 3520 519 3610; x_wconf 76' lang='grc' dir='ltr'><strong>τῷ</strong></span> <span class='ocrx_word' id='word_1_259' title='bbox 590 3571 597 3586; x_wconf 95' lang='grc'><strong>.</strong></span> <span class='ocrx_word' id='word_1_260' title='bbox 621 3525 642 3586; x_wconf 79' lang='lat' dir='ltr'><strong>lt</strong></span> <span class='ocrx_word' id='word_1_261' title='bbox 665 3523 791 3606; x_wconf 78' lang='grc' dir='ltr'><strong><em>κυρίως</em></strong></span> <span class='ocrx_word' id='word_1_262' title='bbox 809 3515 871 3606; x_wconf 68' lang='grc' dir='ltr'><strong>μὲν</strong></span> <span class='ocrx_word' id='word_1_263' title='bbox 893 3520 1034 3585; x_wconf 76' lang='grc' dir='ltr'><strong><em>δασεῖαν</em></strong></span> <span class='ocrx_word' id='word_1_264' title='bbox 1052 3516 1220 3605; x_wconf 90' lang='grc' dir='ltr'><strong><em>περιέχον,</em></strong></span> <span class='ocrx_word' id='word_1_265' title='bbox 1244 3513 1437 3604; x_wconf 74' lang='grc' dir='ltr'><strong><em>άναὺεχθὲυ</em></strong></span> 
     </span>
     <span class='ocr_line' id='line_1_30' title="bbox 107 3621 1439 3716; baseline -0.004 -19"><span class='ocrx_word' id='word_1_266' title='bbox 107 3627 145 3697; x_wconf 73' lang='grc' dir='ltr'><strong>δὲ</strong></span> <span class='ocrx_word' id='word_1_267' title='bbox 165 3640 171 3716; x_wconf 87' lang='grc' dir='ltr'>Ι</span> <span class='ocrx_word' id='word_1_268' title='bbox 191 3629 357 3715; x_wconf 83' lang='grc' dir='ltr'><strong><em>χυόαίως,</em></strong></span> <span class='ocrx_word' id='word_1_269' title='bbox 381 3623 427 3708; x_wconf 81' lang='grc' dir='ltr'><strong><em>ὡς</em></strong></span> <span class='ocrx_word' id='word_1_270' title='bbox 446 3623 541 3714; x_wconf 80' lang='grc' dir='ltr'><strong><em>ἡμεῖς</em></strong></span> <span class='ocrx_word' id='word_1_271' title='bbox 559 3627 713 3715; x_wconf 80' lang='grc' dir='ltr'><strong><em>λέγομεν,</em></strong></span> <span class='ocrx_word' id='word_1_272' title='bbox 736 3627 1022 3714; x_wconf 77' lang='grc' dir='ltr'><strong><em>καταχρηστικῶς,</em></strong></span> <span class='ocrx_word' id='word_1_273' title='bbox 1046 3628 1095 3705; x_wconf 89' lang='grc' dir='ltr'><strong><em>είς</em></strong></span> <span class='ocrx_word' id='word_1_274' title='bbox 1113 3621 1174 3694; x_wconf 89' lang='grc' dir='ltr'><strong>τὸν</strong></span> <span class='ocrx_word' id='word_1_275' title='bbox 1194 3621 1346 3714; x_wconf 83' lang='grc' dir='ltr'><strong><em>άριθμὸν</em></strong></span> <span class='ocrx_word' id='word_1_276' title='bbox 1370 3627 1439 3694; x_wconf 78' lang='grc' dir='ltr'><strong>τῶν</strong></span> 
     </span>
    </p>
   </div>
   <div class='ocr_carea' id='block_1_7' title="bbox 106 3730 1558 3843">
    <p class='ocr_par' dir='ltr' id='par_1_7' title="bbox 106 3730 1558 3843">
     <span class='ocr_line' id='line_1_31' title="bbox 106 3730 1558 3843; baseline -0.003 -38"><span class='ocrx_word' id='word_1_277' title='bbox 106 3733 259 3843; x_wconf 79' lang='grc' dir='ltr'><strong><em>άφοίνων</em></strong></span> <span class='ocrx_word' id='word_1_278' title='bbox 268 3733 406 3804; x_wconf 88' lang='grc' dir='ltr'><strong><em>πάντων</em></strong></span> <span class='ocrx_word' id='word_1_279' title='bbox 419 3734 485 3822; x_wconf 77' lang='lat' dir='ltr'><strong>[it]</strong></span> <span class='ocrx_word' id='word_1_280' title='bbox 496 3737 565 3803; x_wconf 79' lang='grc' dir='ltr'><strong>τῶν</strong></span> <span class='ocrx_word' id='word_1_281' title='bbox 575 3738 785 3823; x_wconf 88' lang='grc' dir='ltr'><strong><em>φωνηέντων</em></strong></span> <span class='ocrx_word' id='word_1_282' title='bbox 794 3733 1031 3826; x_wconf 88' lang='grc' dir='ltr'><strong><em>προτάσσεται,</em></strong></span> <span class='ocrx_word' id='word_1_283' title='bbox 1047 3731 1165 3803; x_wconf 82' lang='grc' dir='ltr'><strong><em>ούόενὶ</em></strong></span> <span class='ocrx_word' id='word_1_284' title='bbox 1175 3730 1400 3804; x_wconf 80' lang='grc' dir='ltr'><strong><em>ὑποτάσσεται</em></strong></span> <span class='ocrx_word' id='word_1_285' title='bbox 1411 3737 1442 3802; x_wconf 87' lang='grc' dir='ltr'><strong>εί</strong></span> <span class='ocrx_word' id='word_1_286' title='bbox 1556 3765 1558 3768; x_wconf 95' lang='grc'><strong><em>·</em></strong></span> 
     </span>
    </p>
   </div>
   <div class='ocr_carea' id='block_1_8' title="bbox 68 3839 1440 4372">
    <p class='ocr_par' dir='ltr' id='par_1_8' title="bbox 68 3839 1440 4372">
     <span class='ocr_line' id='line_1_32' title="bbox 107 3839 1440 3936; baseline -0.004 -21"><span class='ocrx_word' id='word_1_287' title='bbox 107 3845 152 3935; x_wconf 78' lang='grc' dir='ltr'><strong>μὴ</strong></span> <span class='ocrx_word' id='word_1_288' title='bbox 168 3842 384 3934; x_wconf 83' lang='grc' dir='ltr'><strong><em>σνμφάνοις,</em></strong></span> <span class='ocrx_word' id='word_1_289' title='bbox 409 3840 454 3924; x_wconf 80' lang='grc' dir='ltr'><strong><em>ὡς</em></strong></span> <span class='ocrx_word' id='word_1_290' title='bbox 467 3845 505 3913; x_wconf 84' lang='grc' dir='ltr'><strong>έν</strong></span> <span class='ocrx_word' id='word_1_291' title='bbox 519 3846 565 3936; x_wconf 75' lang='grc' dir='ltr'><strong>τῷ</strong></span> <span class='ocrx_word' id='word_1_292' title='bbox 634 3843 691 3913; x_wconf 81' lang='grc' dir='ltr'><strong><em>καί</em></strong></span> <span class='ocrx_word' id='word_1_293' title='bbox 705 3845 743 3913; x_wconf 87' lang='grc' dir='ltr'><strong>έν</strong></span> <span class='ocrx_word' id='word_1_294' title='bbox 757 3858 829 3925; x_wconf 83' lang='grc' dir='ltr'><strong><em>τοῖς</em></strong></span> <span class='ocrx_word' id='word_1_295' title='bbox 844 3845 1033 3931; x_wconf 76' lang='grc' dir='ltr'><strong><em>ἑλληνικοϊς</em></strong></span> <span class='ocrx_word' id='word_1_296' title='bbox 1051 3840 1231 3932; x_wconf 86' lang='grc' dir='ltr'><strong><em>ὀνόμασιν,</em></strong></span> <span class='ocrx_word' id='word_1_297' title='bbox 1255 3839 1301 3925; x_wconf 81' lang='grc' dir='ltr'><strong><em>ὑς</em></strong></span> <span class='ocrx_word' id='word_1_298' title='bbox 1320 3845 1440 3932; x_wconf 80' lang='grc' dir='ltr'><strong><em>Θῆβαι.</em></strong></span> 
     </span>
     <span class='ocr_line' id='line_1_33' title="bbox 106 3944 1439 4043; baseline -0.002 -21"><span class='ocrx_word' id='word_1_299' title='bbox 106 3964 129 4022; x_wconf 86' lang='lat' dir='ltr'><strong>l·</strong></span> <span class='ocrx_word' id='word_1_300' title='bbox 150 3953 289 4043; x_wconf 81' lang='grc' dir='ltr'><strong><em>γράμμα</em></strong></span> <span class='ocrx_word' id='word_1_301' title='bbox 313 3951 504 4041; x_wconf 81' lang='grc' dir='ltr'><strong><em>σύμφωνον</em></strong></span> <span class='ocrx_word' id='word_1_302' title='bbox 526 3950 671 4041; x_wconf 80' lang='grc' dir='ltr'><strong><em>ἄφωνον</em></strong></span> <span class='ocrx_word' id='word_1_303' title='bbox 696 3957 840 4042; x_wconf 85' lang='grc' dir='ltr'><strong><em>σημείου</em></strong></span> <span class='ocrx_word' id='word_1_304' title='bbox 863 3951 974 4041; x_wconf 91' lang='grc' dir='ltr'><strong><em>μόνον</em></strong></span> <span class='ocrx_word' id='word_1_305' title='bbox 1005 3954 1103 4022; x_wconf 82' lang='grc' dir='ltr'><strong><em>ἕνεκα</em></strong></span> <span class='ocrx_word' id='word_1_306' title='bbox 1129 3957 1276 4038; x_wconf 80' lang='grc' dir='ltr'><strong><em>τίθεται,</em></strong></span> <span class='ocrx_word' id='word_1_307' title='bbox 1305 3948 1389 4020; x_wconf 83' lang='grc' dir='ltr'><strong><em>ὅταν</em></strong></span> <span class='ocrx_word' id='word_1_308' title='bbox 1417 3944 1439 4040; x_wconf 77' lang='grc' dir='ltr'>ἢ</span> 
     </span>
     <span class='ocr_line' id='line_1_34' title="bbox 68 4057 1440 4150; baseline -0.003 -16"><span class='ocrx_word' id='word_1_309' title='bbox 68 4082 94 4122; x_wconf 87' lang='lat'><strong>¹⁰</strong></span> <span class='ocrx_word' id='word_1_310' title='bbox 107 4062 280 4144; x_wconf 79' lang='grc' dir='ltr'><strong><em>καλάνδας</em></strong></span> <span class='ocrx_word' id='word_1_311' title='bbox 308 4059 418 4149; x_wconf 90' lang='grc' dir='ltr'><strong><em>μόνον</em></strong></span> <span class='ocrx_word' id='word_1_312' title='bbox 447 4066 604 4150; x_wconf 85' lang='grc' dir='ltr'><strong><em>σημαίνει</em></strong></span> <span class='ocrx_word' id='word_1_313' title='bbox 631 4057 653 4150; x_wconf 77' lang='grc' dir='ltr'>ἢ</span> <span class='ocrx_word' id='word_1_314' title='bbox 682 4067 847 4132; x_wconf 86' lang='grc' dir='ltr'><strong><em>Καίσωνα</em></strong></span> <span class='ocrx_word' id='word_1_315' title='bbox 922 4088 972 4148; x_wconf 88' lang='lat' dir='ltr'><strong>.p</strong></span> <span class='ocrx_word' id='word_1_316' title='bbox 1001 4059 1137 4150; x_wconf 79' lang='grc' dir='ltr'><strong><em>γράμμα</em></strong></span> <span class='ocrx_word' id='word_1_317' title='bbox 1165 4058 1355 4149; x_wconf 85' lang='grc' dir='ltr'><strong><em>σύμφωνον</em></strong></span> <span class='ocrx_word' id='word_1_318' title='bbox 1383 4060 1440 4130; x_wconf 84' lang='grc' dir='ltr'><strong><em>καὶ</em></strong></span> 
     </span>
     <span class='ocr_line' id='line_1_35' title="bbox 106 4165 1438 4263; baseline -0.005 -22"><span class='ocrx_word' id='word_1_319' title='bbox 106 4170 378 4263; x_wconf 89' lang='grc' dir='ltr'><strong><em>προτάσσεται</em></strong></span> <span class='ocrx_word' id='word_1_320' title='bbox 416 4170 664 4257; x_wconf 83' lang='grc' dir='ltr'><strong><em>φωνηέντων</em></strong></span> <span class='ocrx_word' id='word_1_321' title='bbox 700 4171 767 4239; x_wconf 82' lang='grc' dir='ltr'><strong><em>καί</em></strong></span> <span class='ocrx_word' id='word_1_322' title='bbox 800 4167 1041 4254; x_wconf 80' lang='grc' dir='ltr'><strong><em>ὑποτάσσεται,</em></strong></span> <span class='ocrx_word' id='word_1_323' title='bbox 1075 4165 1190 4249; x_wconf 57' lang='lat' dir='ltr'><strong>ninia</strong></span> <span class='ocrx_word' id='word_1_324' title='bbox 1224 4165 1357 4248; x_wconf 90' lang='grc' dir='ltr'><strong><em>τούτοις</em></strong></span> <span class='ocrx_word' id='word_1_325' title='bbox 1432 4190 1438 4203; x_wconf 96' lang='grc'>·</span> 
     </span>
     <span class='ocr_line' id='line_1_36' title="bbox 107 4275 1439 4372; baseline -0.005 -20"><span class='ocrx_word' id='word_1_326' title='bbox 107 4278 333 4372; x_wconf 81' lang='grc' dir='ltr'><strong><em>προτάσστται</em></strong></span> <span class='ocrx_word' id='word_1_327' title='bbox 356 4277 413 4346; x_wconf 81' lang='grc' dir='ltr'><strong><em>καί</em></strong></span> <span class='ocrx_word' id='word_1_328' title='bbox 437 4277 646 4366; x_wconf 75' lang='grc' dir='ltr'><strong><em>συμφώνων,</em></strong></span> <span class='ocrx_word' id='word_1_329' title='bbox 670 4275 716 4360; x_wconf 80' lang='grc' dir='ltr'><strong>ως</strong></span> <span class='ocrx_word' id='word_1_330' title='bbox 738 4275 776 4348; x_wconf 87' lang='grc' dir='ltr'><strong>τὸ</strong></span> <span class='ocrx_word' id='word_1_331' title='bbox 800 4293 916 4366; x_wconf 78' lang='grc' dir='ltr'><strong><em>κροτεῖ</em></strong></span> <span class='ocrx_word' id='word_1_332' title='bbox 936 4275 1070 4370; x_wconf 83' lang='grc' dir='ltr'><strong><em>άριστᾷ·</em></strong></span> <span class='ocrx_word' id='word_1_333' title='bbox 1099 4291 1239 4366; x_wconf 81' lang='grc' dir='ltr'><strong><em>σημεῖον</em></strong></span> <span class='ocrx_word' id='word_1_334' title='bbox 1258 4297 1439 4366; x_wconf 84' lang='grc' dir='ltr'><strong><em>χρηματισ·</em></strong></span> 
     </span>
    </p>
   </div>
   <div class='ocr_carea' id='block_1_9' title="bbox 107 4383 1628 4480">
    <p class='ocr_par' dir='ltr' id='par_1_9' title="bbox 107 4383 1628 4480">
     <span class='ocr_line' id='line_1_37' title="bbox 107 4383 1628 4480; baseline -0.004 -20"><span class='ocrx_word' id='word_1_335' title='bbox 107 4394 192 4480; x_wconf 87' lang='grc' dir='ltr'><strong><em>μού,</em></strong></span> <span class='ocrx_word' id='word_1_336' title='bbox 217 4385 300 4458; x_wconf 87' lang='grc' dir='ltr'><strong><em>όταν</em></strong></span> <span class='ocrx_word' id='word_1_337' title='bbox 323 4385 434 4477; x_wconf 84' lang='grc' dir='ltr'><strong><em>μόνον</em></strong></span> <span class='ocrx_word' id='word_1_338' title='bbox 516 4392 693 4475; x_wconf 87' lang='grc' dir='ltr'><strong><em>σημαίνει,</em></strong></span> <span class='ocrx_word' id='word_1_339' title='bbox 713 4387 770 4456; x_wconf 81' lang='grc' dir='ltr'><strong><em>καί</em></strong></span> <span class='ocrx_word' id='word_1_340' title='bbox 795 4384 878 4456; x_wconf 82' lang='grc' dir='ltr'><strong><em>ὅταν</em></strong></span> <span class='ocrx_word' id='word_1_341' title='bbox 902 4389 963 4456; x_wconf 81' lang='grc' dir='ltr'><strong><em>τοῦ</em></strong></span> <span class='ocrx_word' id='word_1_342' title='bbox 987 4411 1003 4454; x_wconf 90' lang='lat' dir='ltr'><strong>r</strong></span> <span class='ocrx_word' id='word_1_343' title='bbox 1026 4383 1306 4474; x_wconf 87' lang='grc' dir='ltr'><strong><em>πρυιασσόμενον</em></strong></span> <span class='ocrx_word' id='word_1_344' title='bbox 1382 4385 1439 4454; x_wconf 82' lang='grc' dir='ltr'><strong><em>καί</em></strong></span> <span class='ocrx_word' id='word_1_345' title='bbox 1536 4429 1538 4434; x_wconf 68' lang='lat'><strong>,</strong></span> <span class='ocrx_word' id='word_1_346' title='bbox 1626 4437 1628 4442; x_wconf 86' lang='lat'>-</span> 
     </span>
    </p>
   </div>
   <div class='ocr_carea' id='block_1_10' title="bbox 107 4491 1439 4589">
    <p class='ocr_par' dir='ltr' id='par_1_10' title="bbox 107 4491 1439 4589">
     <span class='ocr_line' id='line_1_38' title="bbox 107 4491 1439 4589; baseline -0.007 -20"><span class='ocrx_word' id='word_1_347' title='bbox 107 4494 390 4585; x_wconf 83' lang='grc' dir='ltr'><strong><em>ὑποτασσόμενον</em></strong></span> <span class='ocrx_word' id='word_1_348' title='bbox 412 4498 459 4589; x_wconf 76' lang='grc' dir='ltr'><strong>τῷ</strong></span> <span class='ocrx_word' id='word_1_349' title='bbox 483 4520 499 4563; x_wconf 91' lang='lat' dir='ltr'><strong>r</strong></span> <span class='ocrx_word' id='word_1_350' title='bbox 589 4495 645 4564; x_wconf 80' lang='grc' dir='ltr'><strong><em>καί</em></strong></span> <span class='ocrx_word' id='word_1_351' title='bbox 668 4493 948 4584; x_wconf 87' lang='grc' dir='ltr'><strong><em>προτασσόμενον</em></strong></span> <span class='ocrx_word' id='word_1_352' title='bbox 976 4497 1038 4566; x_wconf 81' lang='grc' dir='ltr'><strong><em>τοῦ</em></strong></span> <span class='ocrx_word' id='word_1_353' title='bbox 1063 4519 1079 4563; x_wconf 91' lang='grc' dir='ltr'><strong><em>ο</em></strong></span> <span class='ocrx_word' id='word_1_354' title='bbox 1102 4491 1298 4583; x_wconf 80' lang='grc' dir='ltr'><strong><em>γράμματος</em></strong></span> <span class='ocrx_word' id='word_1_355' title='bbox 1389 4519 1439 4578; x_wconf 82' lang='grc' dir='ltr'><strong>,η</strong></span> 
     </span>
    </p>
   </div>
   <div class='ocr_carea' id='block_1_11' title="bbox 110 4667 1440 4997">
    <p class='ocr_par' dir='ltr' id='par_1_11' title="bbox 200 4667 1439 4752">
     <span class='ocr_line' id='line_1_39' title="bbox 200 4667 1439 4752; baseline -0.003 -18"><span class='ocrx_word' id='word_1_356' title='bbox 200 4685 217 4734; x_wconf 81' lang='lat'>2</span> <span class='ocrx_word' id='word_1_357' title='bbox 238 4673 355 4752; x_wconf 81' lang='grc' dir='ltr'><strong><em>τούτου]</em></strong></span> <span class='ocrx_word' id='word_1_358' title='bbox 375 4695 459 4734; x_wconf 88' lang='grc' dir='ltr'><strong><em>τουτο</em></strong></span> <span class='ocrx_word' id='word_1_359' title='bbox 538 4682 554 4732; x_wconf 87' lang='lat' dir='ltr'><strong>ii</strong></span> <span class='ocrx_word' id='word_1_360' title='bbox 574 4693 594 4748; x_wconf 78' lang='lat' dir='ltr'><strong>g</strong></span> <span class='ocrx_word' id='word_1_361' title='bbox 612 4693 663 4734; x_wconf 83' lang='lat' dir='ltr'><strong>ont.</strong></span> <span class='ocrx_word' id='word_1_362' title='bbox 747 4676 801 4732; x_wconf 84' lang='lat' dir='ltr'><strong>eh</strong></span> <span class='ocrx_word' id='word_1_363' title='bbox 821 4694 872 4736; x_wconf 81' lang='lat' dir='ltr'><strong>oen.</strong></span> <span class='ocrx_word' id='word_1_364' title='bbox 955 4696 1069 4747; x_wconf 84' lang='grc' dir='ltr'><strong><em>ιιιριοως</em></strong></span> <span class='ocrx_word' id='word_1_365' title='bbox 1088 4681 1123 4746; x_wconf 80' lang='lat' dir='ltr'><strong>pi</strong></span> <span class='ocrx_word' id='word_1_366' title='bbox 1205 4667 1373 4744; x_wconf 73' lang='grc' dir='ltr'><strong><em>άναάεχθὲν</em></strong></span> <span class='ocrx_word' id='word_1_367' title='bbox 1393 4672 1439 4748; x_wconf 80' lang='lat' dir='ltr'><strong>di]</strong></span> 
     </span>
    </p>

    <p class='ocr_par' dir='ltr' id='par_1_12' title="bbox 110 4751 1440 4832">
     <span class='ocr_line' id='line_1_40' title="bbox 110 4751 1440 4832; baseline -0.005 -16"><span class='ocrx_word' id='word_1_368' title='bbox 110 4763 315 4832; x_wconf 75' lang='grc' dir='ltr'><strong><em>αναδεχθεττα</em></strong></span> <span class='ocrx_word' id='word_1_369' title='bbox 390 4766 405 4817; x_wconf 85' lang='grc'>8</span> <span class='ocrx_word' id='word_1_370' title='bbox 425 4761 510 4829; x_wconf 79' lang='grc' dir='ltr'><strong><em>τηβαι</em></strong></span> <span class='ocrx_word' id='word_1_371' title='bbox 583 4765 599 4814; x_wconf 84' lang='lat'>9</span> <span class='ocrx_word' id='word_1_372' title='bbox 618 4759 639 4814; x_wconf 87' lang='lat' dir='ltr'><strong>k</strong></span> <span class='ocrx_word' id='word_1_373' title='bbox 658 4777 709 4815; x_wconf 88' lang='lat' dir='ltr'><strong>om.</strong></span> <span class='ocrx_word' id='word_1_374' title='bbox 783 4763 874 4815; x_wconf 75' lang='grc' dir='ltr'><strong><em>εναίια</em></strong></span> <span class='ocrx_word' id='word_1_375' title='bbox 947 4753 1017 4815; x_wconf 83' lang='grc' dir='ltr'><strong><em>όταν</em></strong></span> <span class='ocrx_word' id='word_1_376' title='bbox 1031 4751 1063 4830; x_wconf 83' lang='grc' dir='ltr'><strong>ἣ]</strong></span> <span class='ocrx_word' id='word_1_377' title='bbox 1080 4775 1169 4826; x_wconf 83' lang='grc' dir='ltr'><strong><em>ηοταν</em></strong></span> <span class='ocrx_word' id='word_1_378' title='bbox 1244 4761 1278 4811; x_wconf 88' lang='grc'><strong>10</strong></span> <span class='ocrx_word' id='word_1_379' title='bbox 1297 4773 1440 4824; x_wconf 84' lang='grc' dir='ltr'><strong><em>ηκατονεα</em></strong></span> 
     </span>
    </p>

    <p class='ocr_par' dir='ltr' id='par_1_13' title="bbox 110 4833 1439 4997">
     <span class='ocr_line' id='line_1_41' title="bbox 147 4833 1439 4912; baseline -0.002 -16"><span class='ocrx_word' id='word_1_380' title='bbox 147 4856 237 4912; x_wconf 79' lang='lat' dir='ltr'><strong>pom.</strong></span> <span class='ocrx_word' id='word_1_381' title='bbox 313 4847 345 4896; x_wconf 89' lang='grc'><strong>11</strong></span> <span class='ocrx_word' id='word_1_382' title='bbox 371 4836 561 4909; x_wconf 84' lang='grc' dir='ltr'><strong><em>προτάτσεται</em></strong></span> <span class='ocrx_word' id='word_1_383' title='bbox 586 4839 760 4910; x_wconf 77' lang='grc' dir='ltr'><strong><em>φωνηέντων</em></strong></span> <span class='ocrx_word' id='word_1_384' title='bbox 783 4839 833 4896; x_wconf 76' lang='grc' dir='ltr'><strong><em>καί</em></strong></span> <span class='ocrx_word' id='word_1_385' title='bbox 857 4857 910 4897; x_wconf 88' lang='lat' dir='ltr'><strong>om.</strong></span> <span class='ocrx_word' id='word_1_386' title='bbox 984 4845 1015 4894; x_wconf 77' lang='lat'><strong>12</strong></span> <span class='ocrx_word' id='word_1_387' title='bbox 1036 4833 1211 4910; x_wconf 76' lang='grc' dir='ltr'><strong><em>συμφώνων]</em></strong></span> <span class='ocrx_word' id='word_1_388' title='bbox 1232 4855 1331 4908; x_wconf 79' lang='grc' dir='ltr'><strong><em>σιμφις</em></strong></span> <span class='ocrx_word' id='word_1_389' title='bbox 1406 4843 1439 4894; x_wconf 78' lang='grc'><strong>14</strong></span> 
     </span>
     <span class='ocr_line' id='line_1_42' title="bbox 110 4915 809 4997; baseline -0.01 -15"><span class='ocrx_word' id='word_1_390' title='bbox 110 4923 149 4997; x_wconf 76' lang='grc' dir='ltr'><strong>τῷ</strong></span> <span class='ocrx_word' id='word_1_391' title='bbox 169 4921 195 4995; x_wconf 85' lang='lat' dir='ltr'><strong>r]</strong></span> <span class='ocrx_word' id='word_1_392' title='bbox 214 4939 266 4978; x_wconf 86' lang='grc' dir='ltr'><strong><em>τον</em></strong></span> <span class='ocrx_word' id='word_1_393' title='bbox 285 4939 300 4976; x_wconf 86' lang='lat' dir='ltr'><strong>r</strong></span> <span class='ocrx_word' id='word_1_394' title='bbox 373 4939 393 4992; x_wconf 89' lang='lat' dir='ltr'>q</span> <span class='ocrx_word' id='word_1_395' title='bbox 411 4937 462 4978; x_wconf 82' lang='lat' dir='ltr'><strong>osu.</strong></span> <span class='ocrx_word' id='word_1_396' title='bbox 806 4915 809 4918; x_wconf 71' lang='grc'><strong>’</strong></span> 
     </span>
    </p>
   </div>
   <div class='ocr_carea' id='block_1_12' title="bbox 0 0 1792 5482">
    <p class='ocr_par' dir='ltr' id='par_1_14' title="bbox 0 0 1792 5482">
     <span class='ocr_line' id='line_1_43' title="bbox 0 0 1792 5482; baseline 0 0"><span class='ocrx_word' id='word_1_397' title='bbox 0 0 1792 5482; x_wconf 95' lang='lat' dir='ltr'><strong> </strong></span> 
     </span>
    </p>
   </div>
  </div>
 </body>
</html>
