3604 5486
542 361 775 424 renouunra
803 359 1002 422 acaronem
1370 353 1436 428 539

100 479 131 520 p.
142 470 193 513 m
208 471 247 512 tta
262 465 291 511 V.

110 550 286 640 ilagella',
305 573 353 640 m,
370 564 405 620 ut
424 549 619 620 ‘distincta
643 549 859 639 smaragdo',
882 573 916 638 n,
935 561 970 617 ut
989 547 1099 616 ‘nuda
1118 550 1282 616 Lacaena
1301 545 1438 636 cyguo',

109 684 141 751 r,
164 675 198 730 ut
226 660 286 728 ‘ne
315 665 445 728 desere
475 658 616 727 irater'.
672 671 774 727 mutae
802 673 875 726 aunt
904 678 983 744 quae
1012 659 1147 726 detracta
1175 661 1270 726 vocali
1292 665 1324 726 in
1348 679 1439 745 mam

109 773 254 838 desinunt
272 775 395 857 penitus
413 790 475 835 non
494 781 610 836 sonant
648 780 720 836 sunt
734 777 837 859 cotem
851 787 979 834 numero
994 766 1088 853 Vllll,
1110 769 1130 832 b
1150 789 1166 834 o
1185 772 1204 835 d
1221 790 1244 849 p
1262 770 1282 834 h
1301 770 1321 834 k
1339 791 1360 854 p
1379 789 1399 854 q
1418 778 1440 833 ι.

56 870 60 879 ’
110 902 148 946 ex
175 881 224 945 his
248 901 279 967 c,
301 883 328 944 si
357 879 531 964 collidatur,
559 881 650 944 etiam
673 879 737 943 sola
759 879 878 963 longam
903 877 1045 961 syllabam
1074 879 1159 963 iacit,
1174 889 1222 971 ⁸ut
1249 874 1334 943 ‘hoo
1360 887 1442 942 erat

68 990 205 1055 aalma
227 984 389 1075 parens'.
431 989 534 1053 lrnisi
557 989 872 1072 inpaucisiamnon
890 990 1021 1072 utimur,
1043 987 1290 1052 utlnlralendis.
1328 998 1449 1069 qtuoc.

109 1101 342 1186 praeponimus,
370 1117 441 1164 oum
464 1100 604 1180 sequitur
627 1116 648 1160 u
672 1109 703 1161 et
726 1097 782 1160 alia
805 1113 1014 1181 quaecumque
1038 1096 1163 1182 vocalis,
1189 1107 1224 1162 ut
1251 1098 1386 1182 quidam3
1415 1097 1441 1159 si

110 1227 173 1300 non
193 1218 349 1293 sequatur,
372 1208 593 1291 cantelertur,
615 1216 651 1269 ut
673 1207 779 1270 currit
820 1206 843 1269 h
865 1223 935 1268 raro
954 1206 986 1268 ln
1005 1223 1096 1268 versu
1114 1223 1171 1288 pro
1189 1204 1289 1269 littera
1308 1207 1442 1290 ponitur,

110 1327 147 1382 ut
166 1313 286 1401 ‘terga
309 1310 507 1400 letigimus
530 1309 665 1394 hasta’3
689 1313 799 1378 crebro
818 1316 1012 1398 aspirationis
1029 1322 1078 1378 est
1097 1322 1182 1399 nota,
1202 1322 1236 1377 ut
1254 1309 1442 1397 ‘quisquis

109 1425 228 1490 honos
252 1421 411 1491 tumuli'.

71 1551 97 1591 ro
203 1533 228 1596 Y
252 1544 283 1598 et
309 1554 326 1598 z
353 1552 478 1615 graecae
508 1542 580 1596 sunt
607 1531 726 1597 litterae
745 1541 880 1616 propter
907 1533 1030 1596 nomina
1057 1549 1130 1595 suae
1158 1533 1257 1614 gentis
1285 1531 1443 1616 admissae,

112 1661 246 1726 quarum
268 1662 287 1726 y
310 1643 421 1706 roccha
445 1651 507 1727 est,
528 1661 544 1704 z
569 1659 738 1705 consonans
761 1639 882 1724 duplex.
1111 1713 1114 1720 ¹

204 1753 331 1835 Antiqui
359 1749 437 1814 llllll
466 1750 582 1814 litteras
616 1749 695 1812 solas
726 1747 884 1812 habehant
930 1748 999 1812 hl
1027 1768 1048 1831 q
1075 1769 1094 1812 x
1122 1767 1141 1831 y
1168 1768 1198 1834 z,
1230 1749 1311 1831 quod
1344 1769 1443 1833 neque

111 1860 233 1924 vocales
261 1869 365 1924 essent
392 1877 491 1942 neque
521 1857 599 1922 abe
623 1857 816 1942 inchoarent,
844 1867 878 1922 ut
907 1857 1115 1941 semivocales,
1144 1877 1242 1940 neque
1270 1860 1302 1922 in
1325 1877 1342 1922 e
1366 1857 1445 1922 desi·

111 1979 238 2053 nerent,
266 1977 300 2032 ut
328 1977 443 2052 mutae,
470 1978 560 2031 tenax
588 1969 662 2028 artis
694 1975 830 2030 vetustas
861 1968 994 2052 respuit,
1022 1965 1075 2029 sed
1107 1965 1260 2029 inlecebra
1290 1970 1445 2031 attentatis

71 2095 97 2138 11
110 2079 244 2142 admisit

596 2357 658 2428 Du
681 2357 966 2430 accumulans

111 2467 138 2507 p.
153 2455 193 2496 ihi
207 2453 243 2496 ad.
256 2451 328 2496 vtnd.

207 2532 360 2594 docentus
387 2499 495 2592 Graeci
521 2527 684 2611 prosodion
713 2527 872 2612 appellant.
919 2529 1028 2612 triplex
1059 2541 1160 2594 autem
1189 2541 1249 2598 est:
1280 2541 1333 2598 aut
1365 2537 1446 2598 enim

116 2650 227 2704 acutus
246 2647 309 2722 est,
332 2655 423 2720 quem
442 2637 531 2699 oxion
550 2635 678 2720 dicunt,
693 2645 745 2700 aut
764 2639 878 2722 gravis,
902 2655 993 2718 quem
1011 2637 1131 2725 beriam
1154 2651 1206 2705 aut
1225 2642 1448 2728 circumflexus,

115 2765 210 2830 quem
233 2747 476 2829 perispomenon.
522 2745 622 2808 omnia
645 2747 739 2827 igitur
762 2747 884 2808 nomina
907 2748 969 2808 sive
994 2746 1083 2811 verba
1108 2751 1171 2813 alre
1195 2769 1272 2833 quae
1295 2750 1353 2815 alia
1376 2771 1448 2836 pars

71 2877 100 2918 ao
115 2857 265 2920 orationis
284 2855 391 2940 luerit,
413 2854 491 2917 hanc
510 2855 658 2917 rationem
677 2855 895 2917 enuntiationis
913 2857 1070 2938 recipient
1112 2859 1315 2942 monosyllaba
1334 2860 1447 2944 aliquid

115 2965 332 3049 significantia,
356 2967 383 3027 si
406 2964 521 3027 luerint
544 2971 651 3025 natura
674 2961 777 3046 longa,
801 2962 831 3026 id
851 2972 898 3027 est
916 2962 1046 3047 produci
1063 2971 1232 3054 potuerint,
1255 2971 1448 3034 circumdem

115 3091 192 3136 voce
216 3072 401 3158 efferuntur,
424 3079 459 3135 ut
482 3073 552 3153 spes
575 3069 632 3132 llds
652 3073 718 3134 mdc
737 3073 802 3154 rds3
825 3073 851 3134 si
870 3075 1020 3154 positione
1044 3074 1133 3158 longa
1152 3077 1267 3142 luerint
1289 3089 1342 3142 aut
1365 3089 1448 3144 certe
1499 3097 1501 3102 ·

117 3184 236 3260 brevia,
259 3189 346 3244 accita
369 3197 443 3242 voce
466 3177 760 3263 pronuntiabuntur,
783 3188 819 3242 ut
843 3178 932 3262 [non]
957 3183 1014 3246 ne'o
1038 3185 1106 3266 quis
1130 3185 1203 3267 quid
1228 3185 1277 3251 hio
1301 3187 1372 3253 nain
1418 3191 1449 3252 in

117 3289 273 3374 dlsyllabis
301 3297 417 3373 autem,
445 3290 471 3351 ai
501 3289 598 3371 prima
628 3284 723 3368 [loco]
752 3287 900 3370 producta
930 3290 1023 3356 luerit
1051 3279 1177 3379 syllaba,
1204 3294 1327 3360 habebit
1356 3300 1387 3360 in
1416 3315 1450 3360 se

72 3419 102 3463 ea
119 3397 351 3464 circumflexum
373 3405 546 3480 accentum,
570 3405 604 3458 ut
622 3396 717 3459 lidma
740 3396 846 3460 rhetor
865 3396 972 3462 bruma
992 3405 1051 3464 vita
1069 3407 1176 3484 prima.
1219 3405 1245 3468 si
1263 3424 1335 3469 vero
1353 3409 1451 3488 prima

119 3507 233 3592 syllaba
256 3507 406 3590 positione
430 3504 519 3588 longa
542 3505 635 3568 ioerit
658 3514 711 3567 aut
733 3503 849 3589 brevis,
872 3517 995 3572 acutum
1015 3519 1119 3574 tonum
1139 3515 1170 3574 ln
1189 3515 1287 3596 prima
1306 3517 1452 3598 reperies,

119 3627 157 3683 ut
179 3617 268 3681 calnto
292 3612 389 3678 ebndo
413 3613 504 3678 curro
529 3613 605 3678 salto
629 3613 721 3696 pinna
749 3613 840 3677 sicta.
887 3616 941 3679 sed
969 3637 1007 3682 ne
1035 3623 1148 3704 opponi
1172 3621 1258 3685 nobis
1282 3641 1299 3686 a
1324 3626 1451 3688 nimium

216 3861 399 3937 ldistincta]
424 3861 533 3920 Lacon.
559 3861 660 3920 Phara.
686 3860 719 3918 X
740 3866 796 3922 121
890 3865 1043 3938 amnmgdo
1066 3857 1146 3924 oorr.¹
1163 3870 1315 3944 smaragdo
1332 3870 1362 3927 Β

120 3947 214 4022 noda]
235 3945 368 4004 Martini.
387 3945 473 4018 epipr.
493 3943 549 4000 IX
565 3949 651 4014 1033
725 3943 825 4002 leoena
844 3944 928 4020 cigno
945 3945 975 4002 Β
1047 3947 1131 4022 ine]
1155 3948 1235 4022 Vero.
1255 3952 1324 4010 Aac
1345 3953 1379 4008 X
1395 3959 1453 4012 600
1487 3962 1491 3970 ’

177 4031 312 4088 amiam
330 4042 382 4085 ont.
401 4024 452 4082 Bo
533 4043 553 4100 g
576 4022 694 4094 eon.'B,
715 4027 781 4084 odd.
804 4043 821 4082 o
903 4027 1094 4085 occludatur
1112 4029 1200 4088 editor
1223 4030 1453 4104 Vindohoaenaa'a,

123 4111 249 4172 alidahrr
266 4109 295 4166 Β
313 4130 322 4164 .·
340 4109 377 4178 os.
398 4108 689 4180 Pontpei.p.119,14
761 4107 898 4182 longuram
915 4108 945 4165 Β
1017 4107 1085 4184 hoe]
1111 4108 1189 4183 Vorp.
1208 4113 1279 4172 Aen.
1300 4115 1344 4170 II
1360 4121 1417 4174 004

122 4193 254 4268 a-cergc]
278 4189 359 4264 Very.
377 4191 448 4248 Aeac
468 4189 524 4246 IX
540 4195 596 4248 610
679 4189 822 4265 quiaquia]
847 4190 926 4264 Verp.
945 4192 1016 4249 Aen.
1037 4190 1070 4248 X
1086 4196 1142 4250 493
1223 4200 1257 4250 10
1276 4195 1452 4255 admissaea

124 4337 296 4399 adminnB
370 4343 404 4393 11
424 4279 747 4408 quommiuooctira
822 4342 855 4392 1³
874 4335 1056 4395 inchoassent
1073 4337 1124 4394 Bo

216 4525 253 4578 ia
271 4517 349 4593 apen]
372 4521 456 4574 notor
477 4522 641 4574 oooentm
662 4518 696 4573 in
718 4517 810 4576 codice
833 4518 949 4576 emicans
971 4523 998 4575 et
1019 4518 1064 4576 itio
1081 4524 1107 4574 et
1124 4519 1157 4576 in
1174 4520 1290 4594 ratpoto
1312 4525 1455 4582 oooobnla‘a

126 4603 229 4662 addida·
318 4599 393 4674 moe]
417 4615 483 4656 mox
501 4615 572 4658 corr.
591 4611 654 4655 moa
671 4598 700 4654 Β
792 4604 826 4656 28
849 4603 883 4657 ut
907 4617 964 4657 non
987 4615 1040 4657 nac
1063 4600 1126 4671 quia
1150 4599 1219 4672 quid
1241 4603 1288 4659 hie
1311 4621 1368 4660 nox
1386 4622 1404 4662 o
1422 4608 1456 4662 ut

127 4701 273 4829 nopaeqnh
288 4755 357 4828 quia
370 4753 417 4813 hic
431 4771 488 4810 aux
502 4753 531 4810 Β
604 4759 640 4810 tit
654 4751 747 4825 primo
761 4753 825 4811 loeo
843 4772 861 4810 o
876 4797 883 4812 .
897 4756 1015 4826 foetosae
1028 4755 1121 4828 pmcne
1135 4755 1302 4813 natnmliter
1315 4757 1457 4828 producta

164 4845 201 4895 25
219 4840 370 4895 meantum
388 4854 405 4893 o
424 4834 583 4894 accinctum
601 4834 630 4890 Β
703 4836 737 4890 ut
754 4851 805 4892 ont.
824 4835 853 4891 Β
870 4853 888 4893 o
960 4837 1033 4912 vile]
1052 4839 1095 4895 itae
1107 4838 1157 4895 Bo
1175 4838 1235 4895 ima
1253 4839 1406 4897 Scitoolit'ua
1423 4842 1457 4898 de

128 4925 244 4980 accendat
262 4921 331 4990 linp.
350 4919 398 4975 iat.
414 4935 446 4989 p.
460 4923 512 4974 111
587 4921 621 4972 at
642 4917 768 4974 ιιιιὶιιιιιιιι
788 4916 1017 4991 diligentioribus
1030 4920 1059 4977 Β
1073 4939 1092 4978 ιι
1104 4921 1224 4978 nimium
1239 4920 1425 4995 diligentibus
1439 4939 1456 4978 o

1181 5017 1238 5070 35*
