3590 5486
284 397 305 430 κ
347 332 411 400 182
890 328 1124 408 cassiononu

344 449 365 490 p.
380 437 434 480 ΞΜ
448 435 473 477 P.
880 435 884 444 ’

344 523 510 603 eademque
525 519 656 584 dictione
673 537 836 601 numquam
851 539 869 580 v
888 517 988 584 littera
1006 537 1063 602 pro
1083 528 1268 586 consonante
1285 525 1434 606 sequitur.
1466 524 1538 589 buic
1553 529 1679 608 opponi·

345 643 395 696 tur
418 630 568 713 quamvis3
592 627 646 692 sed
669 627 727 690 hoc
750 626 870 692 videtur
893 645 961 690 esse
985 630 1199 714 compositum,
1218 649 1299 695 -cum
1322 635 1475 715 posterior
1499 635 1543 697 vis
1567 634 1681 718 syllaba

222 757 230 770 ‘
345 741 540 823 subiungitur
568 738 720 822 plurimis,
749 745 784 800 ut
811 735 864 800 abs
893 738 1000 818 quovis
1024 740 1201 820 quorumvis
1225 743 1375 804 utrumvis
1398 761 1433 806 uc
1458 741 1536 805 talia.
1575 741 1680 806 obser·

345 849 475 914 vandum
504 858 604 912 umen
633 865 671 910 ne
700 863 733 908 es
760 863 837 928 pura
866 844 977 928 syllaba
1005 847 1222 912 terminaverit·
1240 851 1376 915 nomina:
1404 851 1431 913 al
1459 851 1540 912 enim
1565 851 1682 914 luerint
1753 855 1761 868 ¹

208 1015 220 1025 .
345 964 387 1024 ita
416 959 585 1034 enuntiata,
620 974 676 1038 per
703 953 723 1016 b
751 963 865 1018 mutam
894 953 1010 1018 mediae
1042 953 1172 1038 syllabae
1205 959 1270 1020 sine
1303 957 1396 1020 dubio
1424 957 1613 1043 scribentur,
1632 955 1731 1024 ‘sus

345 1069 427 1132 abies
456 1064 574 1130 scabies
602 1062 711 1128 rabies.
749 1071 780 1126 at
807 1061 881 1126 inec
909 1081 1032 1147 quoque
1055 1069 1173 1148 species
1202 1066 1343 1150 bipertita
1373 1069 1521 1130 consistit.
1559 1087 1629 1131 nam
1653 1071 1681 1132 si

346 1171 570 1260 trisyllaborum
594 1175 738 1236 maiorem
761 1172 902 1238 habuerit
925 1191 1100 1259 numerum,
1128 1193 1225 1258 perv
1253 1177 1425 1252 necessario
1450 1175 1618 1261 notabitur,
1646 1189 1682 1241 ut

345 1285 462 1350 illuvies
490 1282 643 1368 proluvies
671 1281 819 1364 ingluvies
846 1281 1009 1346 subluvies.
1058 1281 1095 1346 lis
1124 1287 1214 1350 etiam
1248 1282 1360 1368 syllaba
1388 1287 1548 1348 terminata
1575 1285 1681 1368 perb
1757 1285 1758 1288 ’

285 1391 292 1399 '
346 1405 461 1460 mutam
480 1391 573 1456 scribi
592 1389 738 1474 compulit
757 1391 891 1475 nomine,
911 1399 944 1483 ut
964 1389 1073 1454 nobilis
1092 1390 1212 1456 mobilis
1230 1391 1387 1456 laudabilis
1407 1391 1681 1456 mirabilis'debilis

345 1501 617 1586 babilis,allabilis,
645 1503 780 1582 exceptis
809 1500 910 1564 servili
934 1499 1014 1562 civili
1037 1511 1067 1564 et
1091 1501 1173 1586 ovili,
1202 1519 1279 1584 quae
1303 1521 1320 1564 a
1344 1519 1431 1564 servo
1456 1519 1472 1563 a
1496 1503 1561 1564 cive
1589 1511 1681 1583 atque
1699 1521 1724 1560 ro

346 1633 418 1696 ove,
446 1631 463 1675 e
490 1613 536 1676 via
564 1609 677 1694 syllaba
704 1609 891 1692 posteritatis
920 1605 1076 1672 deducunt
1108 1612 1270 1693 originem,
1305 1612 1393 1674 cuius
1427 1619 1532 1692 postea
1560 1610 1683 1693 regulas

346 1720 568 1786 meditabimur.
606 1719 677 1783 licet
704 1717 785 1780 enim
812 1715 933 1780 babitus
961 1715 1105 1781 excubiae
1133 1718 1270 1801 probitas
1297 1719 1456 1783 arbitrium
1490 1718 1615 1784 dubium
1646 1739 1682 1783 ac

349 1839 565 1858 ...-——·d-

437 1903 454 1954 s
474 1898 508 1953 ut
520 1890 700 1965 abs'qnouis]
716 1893 749 1948 nt
762 1891 863 1964 quouis
877 1889 972 1946 ubiuis
991 1891 1016 1948 0
1033 1891 1129 1949 uerbis
1143 1892 1246 1964 quouis
1265 1895 1292 1950 A
1348 1899 1364 1950 b
1384 1893 1495 1951 mediae
1509 1894 1639 1966 syllabae
1653 1895 1683 1951 Β

348 1978 444 2036 media
462 1977 575 2049 syllaba
593 1973 653 2030 AG
706 1971 785 2046 tat]
804 1975 855 2029 aut
874 1973 906 2043 0,
924 1991 976 2032 osu.
995 1975 1024 2030 A
1088 1973 1241 2047 tnobilis]
1260 1959 1343 2032 nobis
1361 1975 1390 2030 Β
1460 1983 1494 2033 10
1513 1975 1635 2032 effabilis
1654 1975 1684 2031 Β
1709 2009 1716 2020 ·

402 2057 529 2130 exceptis
552 2054 650 2113 seruili
673 2053 753 2111 ciuili
776 2056 806 2111 et
828 2053 904 2110 ouile
922 2054 952 2109 Β
978 2053 1105 2126 exceptis
1124 2053 1235 2112 seruilis
1254 2055 1347 2113 ciuilis
1366 2061 1397 2114 et
1414 2053 1490 2114 ouile
1509 2059 1537 2112 A
1556 2059 1685 2128 exceptis

347 2141 459 2202 seruilis
483 2138 576 2196 ciuilis
600 2136 685 2196 ouilia
710 2135 735 2193 0
821 2142 853 2192 11
877 2152 897 2192 a
918 2133 975 2208 vis]
999 2151 1018 2190 a
1041 2134 1071 2190 ui
1093 2137 1123 2191 A
1166 2145 1182 2182 ¹
1213 2137 1329 2210 regulas
1353 2137 1413 2195 AC
1432 2137 1560 2210 regulam
1581 2137 1611 2192 Β

283 2295 288 2304 Ι
351 2231 383 2282 12
403 2224 518 2280 babitus
538 2214 596 2276 AG
613 2217 708 2275 abitus
726 2217 755 2272 Β

707 2471 708 2476 '
793 2485 998 2542 maurinu
1017 2486 1067 2543 oe
1087 2487 1109 2543 n
1128 2487 1222 2544 eru

349 2665 517 2749 ambiguus.
554 2679 683 2742 nomque
704 2677 732 2721 m
752 2657 925 2720 semivocali
942 2659 1114 2739 praeposita
1132 2660 1164 2720 in
1184 2677 1243 2720 una
1262 2659 1427 2742 eademque
1446 2661 1578 2725 dictione
1598 2679 1685 2726 nsum·

351 2794 478 2862 quamv
500 2773 600 2838 littera
625 2787 680 2852 pro
700 2775 885 2830 consonante
908 2768 1055 2847 sequitur.
1092 2765 1165 2829 buic
1189 2770 1353 2849 opponitur
1376 2773 1526 2854 qsramvis3
1550 2771 1603 2835 sed
1627 2771 1686 2834 hoc

351 2886 470 2950 videtur
499 2901 566 2946 esse
595 2879 810 2960 compositum,
839 2893 909 2937 eum
937 2875 1089 2956 posterior
1113 2877 1157 2938 vis
1181 2874 1293 2958 syllaba
1317 2876 1516 2960 subiungitur
1537 2879 1686 2962 plurimis,

307 3059 317 3071 ,
351 3007 384 3060 ut
413 2993 466 3057 abs
494 2991 601 3072 quovis
628 2985 806 3068 quorumvis
834 2984 984 3045 artrumvis
1013 3000 1047 3045 ac
1076 2980 1153 3044 talia.
1198 2981 1421 3048 observandum
1458 2995 1556 3050 umen
1586 3006 1623 3050 ne
1653 3009 1687 3051 es

351 3120 426 3188 pura
456 3098 576 3184 syllaba,
599 3094 808 3159 terminaverit
836 3093 970 3154 nomina:
1003 3093 1030 3153 si
1057 3091 1139 3152 enim
1168 3092 1208 3154 ita
1240 3091 1352 3155 luerint
1383 3097 1552 3178 entantiaia,
1583 3115 1639 3178 per
1668 3096 1733 3158 bs'

352 3221 466 3276 saluriam
496 3211 562 3271 siue
594 3204 685 3269 dubio
720 3201 835 3264 mediae
866 3199 996 3282 syllabae
1029 3198 1216 3282 scribentur,
1249 3209 1284 3263 ut
1316 3200 1398 3264 abies
1429 3200 1546 3265 scabies
1577 3203 1687 3266 rabies.

351 3331 441 3403 atque
465 3317 540 3380 baec
563 3331 685 3396 quoque
709 3312 826 3393 species
850 3308 991 3391 bipartita
1015 3310 1163 3371 consistit.
1202 3327 1269 3371 nuru
1294 3311 1320 3371 si
1345 3309 1569 3392 trisyllaborum
1594 3315 1687 3374 maio-

352 3447 416 3494 rem
441 3426 603 3490 habuerint
621 3439 796 3502 numerum,
819 3437 875 3500 per
895 3437 912 3478 v
931 3417 1101 3499 digammon
1122 3421 1293 3480 rvecessavio
1314 3428 1473 3503 notentur,
1495 3428 1530 3483 ut
1549 3419 1688 3484 inluvies.

351 3541 388 3604 lis
408 3540 498 3600 etiam
518 3530 629 3616 syllaba
648 3532 807 3593 terminata
827 3526 917 3610 perb
936 3535 1051 3590 niumm
1071 3526 1163 3590 scribi
1183 3526 1364 3610 compulerit
1379 3531 1509 3612 nomina,
1524 3539 1558 3592 ut
1576 3528 1689 3593 nobilis

353 3646 472 3711 mobilis
490 3639 648 3707 laudabilis
673 3637 832 3722 mirabilis,
856 3646 983 3720 excepto
1008 3633 1138 3716 [servili]
1163 3634 1241 3698 civili
1266 3645 1297 3699 et
1325 3637 1409 3721 ovili,
1438 3637 1557 3718 quode
1584 3635 1688 3718 [servo
1705 3658 1728 3698 ro

352 3753 483 3834 servilis]
508 3754 572 3815 cive
597 3749 693 3813 civilis
720 3755 811 3829 etque
835 3765 889 3807 ove
920 3743 1006 3806 ovilis
1030 3747 1074 3806 vis
1098 3743 1208 3825 syllaba
1238 3747 1425 3826 posteritatis
1448 3744 1604 3810 deducunt
1627 3753 1689 3812 ori·

352 3867 467 3946 ginem,
491 3863 578 3924 cuius
602 3867 706 3940 postea
727 3854 846 3937 regulas
865 3851 1086 3916 meditabimur.
1120 3851 1190 3914 licet
1209 3854 1290 3915 enim
1309 3851 1429 3916 habitus
1449 3854 1593 3918 excubiae
1618 3876 1688 3940 pro·

353 3971 430 4034 bitus
460 3967 618 4032 arbitrium
647 3964 773 4027 dubium
801 3982 835 4026 ac
864 3962 933 4026 talia
962 3979 1017 4044 per
1040 3960 1059 4022 b
1083 3971 1198 4024 murtam
1221 3961 1412 4045 scribuntur,
1441 3972 1541 4027 tamen
1570 3965 1627 4028 isac
1651 3967 1689 4030 de

356 4093 573 4107 *ιβ-

445 4161 460 4214 1
480 4149 646 4212 semivocali
667 4149 695 4206 P
712 4145 891 4206 semivocalis
910 4145 944 4200 N
1019 4161 1174 4215 numquam
1196 4147 1224 4202 P
1241 4163 1307 4204 nam
1326 4165 1400 4220 quae
1419 4148 1454 4210 N
1531 4149 1616 4206 ised
1636 4151 1691 4208 hoc

353 4257 404 4296 ons.
424 4236 464 4306 N,
483 4235 547 4292 odd.
569 4233 598 4288 P
661 4232 758 4290 tsine
777 4228 864 4286 dubio
883 4224 993 4283 medias
1012 4225 1137 4296 syllabas
1158 4229 1318 4286 scribentur
1335 4228 1369 4283 N
1385 4227 1480 4285 media
1498 4227 1611 4299 syllaba
1630 4230 1690 4288 sine

354 4320 442 4378 dubio
461 4317 597 4376 scribitur
615 4315 645 4370 P
729 4319 743 4368 t
769 4313 855 4382 atque
876 4309 904 4366 P
927 4311 959 4365 at
977 4307 1010 4364 N
1094 4309 1118 4365 si
1141 4309 1357 4382 trisyllaborum
1375 4309 1512 4367 maiorem
1536 4309 1691 4368 habuerint

354 4419 503 4459 numerum
526 4415 577 4470 per
594 4415 613 4452 r
632 4395 797 4468 digammon
821 4389 981 4448 necessario
1000 4391 1115 4446 notatur
1133 4395 1167 4447 ut
1189 4391 1310 4448 iniurias
1337 4391 1480 4464 proluvies
1499 4390 1642 4464 ingluvies
1665 4393 1693 4448 P

355 4483 380 4539 si
397 4479 612 4552 trisyllaborum
631 4475 809 4548 Qmmum
826 4471 987 4529 necessario
1006 4471 1141 4536 notentur
1159 4473 1192 4528 ut
1209 4471 1331 4529 inluvies
1350 4473 1385 4527 N
1463 4478 1480 4529 a
1499 4471 1585 4528 scribi
1604 4476 1691 4529 acuto

356 4560 583 4634 antepenultimo
602 4559 751 4616 enuntima
770 4555 884 4627 qnando
903 4554 997 4610 adbuc
1016 4554 1052 4610 de
1076 4553 1156 4610 brevi
1175 4556 1316 4610 metemur
1334 4554 1505 4626 compulerit
1522 4555 1640 4612 nomina
1660 4558 1692 4613 ut

355 4642 460 4701 nobilis
478 4641 563 4699 abilis
582 4639 706 4697 affabilis
726 4642 813 4709 atque
833 4637 929 4693 omnia
952 4635 1024 4692 talia
1043 4637 1162 4707 excepto
1182 4635 1274 4693 civilis
1293 4635 1363 4692 ovili
1382 4636 1459 4707 quod
1485 4635 1582 4693 scire
1602 4641 1692 4710 etque
1740 4637 1743 4646 '
1785 4681 1787 4684 .

356 4741 408 4782 ove
428 4723 540 4794 syllaba
559 4721 735 4794 posteritatis
754 4719 899 4776 deducunt
916 4715 1056 4787 originem
1074 4716 1104 4771 P
1174 4723 1209 4774 10
1227 4715 1309 4789 ovili]
1329 4715 1381 4772 vili
1399 4717 1434 4772 N
1502 4723 1535 4772 11
1555 4716 1584 4772 vi
1603 4717 1692 4788 sylla·

355 4806 410 4862 bac
429 4804 463 4860 N
525 4809 559 4858 12
578 4801 782 4859 meditabimur
803 4799 831 4854 P
848 4797 1020 4855 meditemur
1038 4797 1072 4853 N
1133 4798 1247 4855 babitus
1266 4797 1401 4854 excubiae
1420 4797 1547 4869 probitas
1563 4798 1692 4857 ambitus

356 4884 508 4945 arbitrium
525 4883 554 4939 P
568 4883 663 4939 abitus
679 4881 815 4939 excubiae
828 4879 958 4952 probitas
972 4878 1122 4948 arbitrium
1136 4881 1170 4937 N
1223 4887 1256 4936 1³
1272 4879 1432 4936 scribuntur
1448 4879 1476 4934 P
1488 4879 1648 4938 scribentur
1661 4882 1696 4939 N
