3564 5482
162 1315 170 1332 ·
197 1293 339 1354 drusiani
359 1291 461 1356 blessii
480 1291 616 1375 exempla
639 1291 844 1358 elocutionum
864 1293 1088 1359 Lindemannus
1111 1299 1142 1360 in
1166 1299 1264 1378 primo
1288 1296 1439 1360 volumine

102 1403 373 1483 grammaticorum
401 1400 564 1464 latinorum
588 1421 625 1466 ex
649 1403 785 1467 Gudiano
815 1405 918 1468 codice
948 1403 1041 1467 edidlt
1065 1423 1089 1466 a.
1116 1400 1204 1469 1830
1228 1454 1235 1467 .
1259 1417 1327 1468 ante
1358 1405 1438 1470 hunc

101 1510 243 1592 Angelus
266 1510 362 1574 binius
385 1511 515 1574 eundem
540 1509 651 1574 librum
676 1510 807 1576 Cornelii
832 1512 995 1575 Frontonis
1018 1514 1138 1574 nomine
1162 1514 1359 1596 inscriptum,
1383 1515 1435 1577 sed

100 1619 211 1682 multis
236 1619 457 1682 elocutionibus
484 1618 531 1682 rel
559 1619 705 1702 exemplis
732 1623 852 1686 omissis
881 1624 912 1685 in
936 1620 1107 1684 breviorem
1131 1622 1257 1684 formam
1282 1622 1438 1686 redactum

101 1749 140 1792 ex
167 1726 368 1791 Ambrosiano
392 1729 495 1792 codlce
520 1729 655 1792 ediderat
678 1748 737 1793 una
761 1749 831 1793 cum
855 1729 994 1812 epistulis
1015 1739 1046 1792 et
1065 1730 1253 1794 orationibus
1275 1729 1439 1796 Frontonis

101 1850 170 1902 tum
195 1839 328 1920 primum
352 1837 442 1900 editis
465 1837 624 1902 Mediolani
647 1857 672 1901 a.
696 1836 791 1920 1815,
815 1858 904 1921 quam
928 1839 1092 1902 editionem
1116 1849 1260 1922 quattuor
1284 1839 1439 1904 codicibus

100 1946 258 2010 Vaticanis
281 1945 422 2009 adhibitis
442 1945 553 2010 Romae
573 1966 599 2009 a.
616 1943 703 2011 1823
724 1951 864 2030 repetivit
878 1997 885 2009 .
900 1967 956 2030 ego
976 1949 1007 2010 in
1027 1967 1102 2010 nova
1122 1947 1254 2012 editione
1278 1949 1440 2012 lectionem

101 2055 176 2118 libri
200 2054 238 2117 ad
262 2055 351 2118 tidem
383 2055 495 2118 codicis
519 2054 707 2137 Neapolitani
738 2055 937 2120 bibliothecae
962 2060 1061 2138 regiae
1086 2055 1124 2120 lV
1149 2061 1174 2120 Α
1200 2056 1240 2121 11
1266 2076 1439 2140 expressam

100 2163 262 2228 exhibui.
290 2167 317 2228 is
350 2165 431 2227 enim
466 2183 503 2226 ex
535 2173 637 2228 vetere
671 2164 776 2228 codiee
809 2163 966 2250 Bobiensi,
999 2184 1059 2247 quo
1093 2165 1156 2228 solo
1190 2169 1331 2230 trusum
1363 2166 1440 2230 liber

101 2276 271 2338 memoriae
294 2272 433 2356 proditus
457 2281 536 2355 erat,
565 2273 737 2355 descriptus
766 2287 813 2338 est
837 2323 843 2338 .
869 2293 904 2338 ex
929 2274 986 2336 boc
1011 2283 1113 2337 autem
1139 2274 1248 2356 reliqui
1271 2274 1354 2360 libri,
1387 2277 1440 2358 qui

100 2401 188 2446 nunc
218 2391 335 2466 extant,
368 2381 451 2444 ducti
485 2390 557 2444 sunt
580 2430 586 2443 .
612 2382 665 2444 sed
698 2386 841 2465 quioniam
874 2383 1034 2465 depravata
1068 2385 1134 2446 eius
1166 2382 1237 2446 libri
1270 2383 1439 2466 apographa

100 2490 177 2554 olim
197 2509 215 2552 a
233 2490 337 2554 multis
356 2498 500 2572 usurpata
520 2500 604 2575 sont,
624 2491 661 2554 de
681 2491 728 2554 bis
748 2511 868 2574 quoque
888 2491 1050 2554 dicendum
1069 2501 1132 2576 est,
1155 2503 1190 2554 ut
1203 2491 1439 2576 demonstretur,

99 2619 139 2662 ex
165 2598 278 2682 quibus
301 2597 438 2663 ioudbus
462 2617 495 2661 ea
519 2598 651 2662 derivata
676 2603 752 2684 sint,
776 2620 875 2683 neque
898 2599 989 2664 ullam
1014 2602 1223 2664 auctoritatem
1248 2599 1438 2664 tribuendam

99 2727 173 2772 esse
198 2707 379 2772 lectionibus
403 2727 440 2771 ex
463 2709 501 2770 iis
525 2707 713 2792 depromptis
736 2704 981 2796 intellegatur*).

196 2815 395 2881 Bobiensis
418 2819 511 2898 igitur
535 2817 628 2881 codex
653 2820 685 2880 in
710 2819 845 2901 catalogo
868 2819 1008 2884 codicum
1027 2817 1222 2882 bobiensium
1246 2837 1324 2881 anno
1352 2815 1436 2881 1461

100 2928 199 3010 iacto,
224 2945 314 3008 quem
337 2925 489 2990 Amedeus
507 2923 627 3007 Peyron
651 2935 720 3009 post
743 2911 898 2991 Ciceronis
923 2930 1094 2990 orationum
1119 2929 1284 3010 lragmeuta
1304 2945 1329 2990 a.
1352 2924 1438 2990 1824

101 3036 216 3120 edidit,
239 3035 412 3118 descriptus
437 3044 484 3098 est
505 3035 562 3120 ita,
584 3055 614 3118 p.
634 3032 677 3098 29
698 3055 751 3121 sq,
779 3038 907 3100 l'siciori
928 3039 1066 3117 episcopi
1087 3037 1253 3100 Tractatio
1277 3040 1315 3099 de
1338 3045 1437 3100 astro·

100 3145 514 3210 neminemneminer
543 3146 582 3207 de
614 3163 673 3207 usu
702 3149 910 3210 litterarum.
939 3147 1065 3210 l'sidori
1096 3149 1228 3209 senioris
1260 3148 1340 3210 liber
1365 3164 1438 3224 pro·

99 3258 237 3317 miorurn
261 3303 268 3316 .
293 3256 439 3318 Eiusdem
471 3256 550 3316 liber
583 3256 622 3317 de
654 3259 717 3318 vita
751 3261 799 3320 uel
830 3257 914 3320 obitu
948 3263 1127 3319 sanatorum
1159 3258 1215 3332 qui
1251 3258 1282 3316 in
1316 3256 1438 3317 domino

96 3373 325 3442 precesserunt
334 3413 341 3426 .
351 3365 497 3428 Eiusdem
515 3363 681 3426 Tractentur
695 3367 734 3427 de
749 3368 1006 3444 interpretatione
1020 3367 1175 3428 nominum
1190 3365 1438 3442 bebropcorum.

105 3472 275 3536 Tractentur
313 3477 457 3552 nelilonpi
488 3475 527 3536 de
559 3475 786 3552 ortboprnpbin
820 3523 826 3536 .
862 3476 1003 3536 Prisioni
1036 3475 1208 3551 aromatici
1239 3477 1288 3536 uel
1315 3479 1437 3552 porte.

100 3583 277 3645 Adamanti
297 3587 362 3646 siue
384 3586 524 3646 martirii
546 3585 586 3644 de
605 3582 635 3643 B
650 3591 735 3646 muta
759 3591 790 3646 et
818 3585 846 3646 U
861 3587 963 3647 uocati
981 3631 987 3642 .
1007 3582 1055 3644 De
1078 3583 1292 3644 emendatione
1311 3591 1341 3644 et
1358 3584 1438 3644 notis

100 3697 242 3752 ueterum
266 3693 417 3756 librorum
437 3740 443 3754 .
463 3692 510 3754 Te
534 3694 810 3754 distinctionibus.
831 3693 878 3754 De
894 3693 1068 3771 positione.
1083 3693 1252 3768 Aupustini
1273 3689 1438 3752 Troctotus

100 3800 148 3861 ad
168 3806 294 3876 petrum
317 3801 356 3862 de
380 3819 455 3862 nero
474 3802 540 3874 fide
564 3847 570 3862 .
599 3800 727 3862 isidori
748 3803 885 3879 episcopi
896 3802 986 3863 iiber
1008 3802 1164 3863 secundus
1187 3800 1226 3862 de
1251 3803 1435 3878 interpreto-

100 3909 224 3969 tatione
245 3911 400 3971 nominum
423 3911 653 3988 bebrapcorum
678 3956 684 3969 .
713 3909 814 3971 Ciclns
838 3913 978 3988 porculis
1002 3911 1061 3970 nid.
1085 3909 1193 3971 modos
1217 3909 1439 3970 adinvenientii

96 4014 218 4092 festum
238 4034 335 4094 posce
358 4064 366 4078 .
391 4019 541 4079 drusiani
563 4021 654 4079 messi
675 4015 721 4079 u‘c.
745 4035 789 4078 or.
815 4020 934 4079 comitis
962 4019 1061 4096 primi
1089 4019 1209 4079 ordinis
1233 4017 1437 4096 Exemplariu

100 4127 312 4188 elocutionum
335 4143 376 4188 ecc
407 4125 535 4203 Virpilio
559 4127 694 4188 Salustio
722 4123 881 4188 Terrentio
910 4127 1059 4188 Cicerone
1083 4128 1203 4202 dipesta
1228 4145 1288 4204 per
1316 4129 1437 4187 litteras

100 4235 286 4313 alphabeti.
301 4237 402 4297 omnio
425 4237 643 4323 suprascripta
668 4237 700 4295 in
724 4237 828 4297 littera
852 4235 1046 4311 lonpobarda
1071 4235 1205 4298 obscura
1225 4237 1344 4312 ‚porci
1366 4236 1416 4296 ool
1428 4281 1434 4294 .

101 4361 140 4404 ex
165 4341 224 4404 boc
248 4342 352 4405 codice
375 4351 445 4424 post
468 4361 579 4405 anunm
606 4337 707 4423 1493,
735 4360 795 4423 quo
825 4361 903 4404 anno
927 4340 1093 4404 Boblenses
1122 4340 1243 4403 codices
1266 4359 1283 4402 a
1307 4341 1435 4422 Georgio

100 4449 220 4513 blenda
248 4453 388 4515 inventos
416 4470 483 4514 esse
512 4453 639 4532 scimus,
674 4461 794 4533 praeter
823 4451 898 4514 Velii
926 4449 1021 4532 Longi
1053 4461 1084 4513 ct
1108 4449 1275 4512 Adamantii
1299 4449 1436 4532 Martyrii

177 4635 204 4707 ⁸)
222 4633 350 4692 Plurima
368 4653 466 4693 eorum
485 4652 558 4707 quse
578 4635 613 4691 de
632 4634 712 4691 libris
730 4651 816 4690 mauu
841 4633 955 4705 scriptis
974 4633 1107 4689 drusiani
1131 4648 1217 4703 supro
1239 4632 1437 4704 scriptitandi

99 4737 195 4792 nuper
221 4719 253 4775 in
280 4717 375 4774 iudice
403 4717 558 4774 lectionum
577 4716 745 4772 Helensium
770 4716 869 4772 nostin
889 4733 914 4772 a.
937 4721 1006 4771 1879
1026 4713 1158 4785 exposui,
1187 4730 1259 4784 quoe
1287 4714 1342 4770 hoc
1371 4715 1435 4771 loco

17 4799 22 4812 ’
99 4800 241 4874 repetivi,
259 4798 366 4869 nequid
385 4797 605 4867 desideraretur,
624 4797 701 4867 quod
720 4796 757 4852 ad
776 4797 997 4853 confirmandam
1018 4796 1157 4852 rationem
1178 4797 1207 4851 in
1222 4809 1295 4851 nors
1309 4795 1436 4852 editions

98 4882 268 4940 mmmmm
286 4878 450 4951 pertineret.
