3602 5482
683 293 883 418 abennem
1100 377 1107 392 ·
1209 428 1213 436 ,
1379 357 1446 424 359

128 493 134 505 .
240 462 271 504 rs.

109 463 283 631 gomor
307 595 314 609 .
338 565 413 628 ergo
437 548 464 609 si
486 555 518 612 ot
541 547 719 612 naturaliter
748 548 836 630 longa
860 548 1017 628 sequentis
1045 546 1245 628 productione
1273 546 1447 630 impeditur,

112 666 229 739 quanto
260 658 356 738 magis
388 660 420 721 in
454 675 488 718 ea
517 675 594 738 qnae
622 659 772 740 positione
802 656 889 738 longa
918 664 966 719 est
993 654 1041 716 vel
1068 654 1169 720 brevis
1196 666 1318 721 acutum
1347 655 1446 719 lunare

37 792 39 796 ·
111 766 260 830 debemus
284 815 291 828 .
315 769 342 830 si
365 785 439 848 ergo
462 766 545 830 dieas
568 763 654 849 luna,
681 770 776 849 prior.
790 765 903 850 syllaba
927 763 1199 851 circumflectetur,
1227 769 1297 849 quia
1325 775 1446 830 natura·

109 875 181 938 liter
209 875 299 957 longa
327 885 374 939 est
402 882 433 939 et
461 891 593 957 sequeus
620 873 722 939 brevis
752 924 758 939 .
788 875 869 958 quod
898 877 925 939 si
953 877 1049 938 iustos
1077 873 1257 958 dixerimus,
1284 877 1317 938 in
1343 877 1446 958 priore

81 983 226 1067 ssyllaba
249 985 357 1048 acutus
381 985 453 1067 erit,
482 985 551 1066 quia
575 992 607 1046 ει
628 987 782 1066 posterior
809 984 897 1067 longa
925 993 1004 1048 est.
1028 987 1054 1048 si
1081 1002 1153 1048 vero
1180 987 1331 1068 positione
1359 983 1447 1066 longa

109 1094 205 1157 inerit
239 1095 380 1177 superior
412 1102 464 1158 aut
496 1092 610 1175 brevis,
648 1111 769 1175 semper
801 1102 942 1176 acuetur,
979 1101 1015 1156 nt
1046 1091 1145 1156 bonus
1178 1093 1320 1174 princeps
1353 1092 1445 1156 se'nex

109 1202 264 1285 eampus.
288 1205 441 1284 posterior
464 1219 536 1266 vero
560 1199 672 1284 syllaba
696 1219 816 1285 semper
840 1199 1027 1286 gravabitur,
1050 1201 1081 1266 id
1104 1210 1152 1264 est
1174 1219 1295 1283 gravem
1319 1202 1446 1284 recipiet
1481 1185 1495 1196 ³

108 1321 280 1374 accentum.

202 1419 238 1484 ln
267 1419 429 1504 trisyllabis
458 1423 570 1484 lterum
598 1438 676 1502 quae
705 1421 782 1483 ratio
807 1415 876 1483 est?
914 1417 950 1481 Vt
974 1417 1061 1500 [nbi]
1087 1438 1207 1504 semper
1230 1417 1445 1502 paenultimam

69 1547 95 1586 ιι
109 1532 322 1614 inspiciamus,
350 1548 427 1612 quae
456 1533 482 1594 si
509 1529 598 1612 longa
627 1539 688 1613 est,
719 1528 800 1592 illam
828 1530 861 1592 in
889 1547 924 1591 ea
954 1527 1142 1593 servabimus
1173 1528 1322 1612 regulam,
1355 1547 1445 1610 quam

109 1639 243 1702 diximus
266 1641 298 1702 in
321 1637 439 1702 duabus
463 1637 585 1721 syllabis
608 1656 675 1700 esse
699 1637 891 1722 servandam,
914 1638 945 1701 id
968 1647 1016 1702 εει
1039 1646 1088 1722 ut,
1111 1641 1137 1702 si
1156 1637 1334 1702 naturaliter
1357 1636 1445 1718 longa

109 1758 158 1811 est
176 1759 209 1811 et
227 1749 380 1830 posterior
397 1747 513 1830 brevis,
536 1747 719 1830 paenultima
738 1749 803 1830 ipso
821 1745 1079 1811 circumflectatur
1093 1797 1102 1811 .
1116 1749 1164 1810 sin
1178 1757 1280 1812 autem
1294 1747 1444 1829 positione

110 1859 173 1918 erit
190 1855 294 1937 longa,
317 1855 500 1938 paenultima
519 1864 660 1932 acuetur,
684 1865 804 1918 ceterae
824 1855 1056 1938 gravabuntur.
1076 1857 1335 1920 obuumlleutetur
1352 1857 1445 1937 igitur

109 1963 296 2046 paenultima
319 1966 351 2027 in
375 1963 424 2028 bis
446 1964 635 2047 nominibus,
658 1973 694 2027 ut
716 1964 865 2048 bonitus3
888 1967 920 2028 in
944 1964 992 2028 bis
1014 1983 1086 2028 vero
1106 1975 1233 2029 acuetur
1251 1964 1445 2048 paenultima,

48 2053 96 2130 'ss
110 2083 145 2136 ut
169 2073 350 2156 campestris
376 2073 545 2157 perductus
572 2072 740 2136 tauotndus
764 2121 772 2136 .
796 2076 823 2137 si
851 2092 923 2162 vero
951 2073 1135 2156 paenultima
1162 2074 1264 2138 brevis
1292 2075 1400 2158 luerit,
1428 2091 1446 2136 a

108 2183 171 2246 line
196 2178 202 2264 Ι
228 2184 318 2246 tertia
351 2200 472 2265 semper
504 2191 645 2266 acuetur,
677 2184 740 2246 sive
773 2182 860 2265 longa
894 2186 934 2246 sit
966 2186 1028 2246 sive
1061 2183 1162 2247 brevis
1193 2232 1201 2246 .
1231 2201 1331 2266 neque
1363 2185 1444 2246 enim

109 2301 220 2355 natura
240 2290 326 2373 lunga
346 2294 375 2354 ei
393 2291 544 2374 proderit,
568 2293 637 2373 quia
656 2291 855 2373 sequentibus
874 2291 992 2356 duabus
1011 2291 1133 2376 syllabis
1152 2293 1316 2376 impeditur
1331 2341 1338 2355 .
1353 2294 1444 2355 eitius

108 2403 192 2464 enim
221 2399 418 2484 relinquitur,
451 2398 524 2463 dum
552 2399 589 2462 ad
617 2398 682 2464 illae
715 2401 953 2483 pronuntiandas
982 2402 1161 2466 festinamus
1190 2452 1197 2466 .
1228 2410 1319 2466 erunt
1351 2403 1445 2484 igitur

109 2509 203 2573 buius
235 2508 316 2573 modi
349 2511 471 2572 nomina
499 2511 530 2572 in
558 2507 669 2590 quibus
698 2528 715 2572 a
744 2511 804 2573 line
832 2513 921 2575 tertia
949 2509 1062 2593 syllaba
1090 2530 1211 2595 semper
1239 2521 1380 2596 acuetur,
1411 2519 1445 2574 ut

70 2617 230 2682 ao'lrillius
257 2603 369 2682 l'treus
397 2617 543 2682 eindidus
571 2665 579 2680 .
608 2628 714 2698 quarta
743 2636 815 2681 vero
843 2637 861 2682 a
888 2619 948 2683 tine
979 2629 1010 2682 et
1041 2621 1145 2702 quinta
1175 2629 1206 2684 et
1234 2638 1444 2703 quaecumque

110 2728 207 2790 inerit
229 2725 357 2790 ulterior
380 2744 501 2808 gravem
525 2744 646 2809 semper
669 2728 798 2808 accipiet
817 2775 823 2788 .
843 2725 880 2790 ab
901 2747 935 2790 ea
954 2731 1035 2792 enim
1060 2747 1136 2811 quae
1160 2739 1207 2793 est
1230 2748 1247 2792 a
1270 2730 1329 2792 llne
1354 2731 1444 2792 tertia

109 2834 242 2898 ulterius
269 2853 329 2898 non
358 2843 459 2919 potest
486 2844 594 2899 acutus
622 2835 787 2898 ascendere
816 2883 823 2898 .
852 2855 921 2900 nam
949 2838 1163 2903 oirormrllerus
1193 2841 1224 2901 in
1259 2839 1443 2921 paenultima

110 2951 229 3007 tantum
253 2941 370 3008 loeutus
394 2943 441 3007 vel
459 2945 491 3007 in
510 2945 686 3026 novissima,
709 2947 736 3006 si
755 2962 866 3008 nomen
885 2955 932 3009 εει
950 2964 1108 3032 graecum,
1131 2958 1167 3012 nt
1184 2947 1299 3011 Allecto
1318 2946 1442 3011 'l'beano
1506 2999 1508 3010 .

111 3061 141 3115 et
165 3052 289 3137 similia,
312 3070 404 3138 quae,
428 3055 498 3135 qnia
520 3071 628 3135 graeca
652 3061 737 3136 sunt,
760 3054 868 3134 graeca
891 3056 1008 3118 ratione
1032 3059 1180 3120 nituntur.

69 3179 96 3220 ss
203 3161 282 3225 Sunt
308 3163 382 3224 item
409 3161 557 3244 quaedam
584 3181 661 3244 quae
690 3181 707 3225 a
736 3161 908 3243 regularum
938 3166 1054 3228 ratione
1087 3164 1234 3228 recedunt
1257 3187 1265 3228 ι
1288 3183 1357 3228 nam
1388 3183 1444 3248 per

110 3289 218 3334 omues
246 3269 373 3354 syllabas
401 3279 578 3354 gravantur,
610 3271 805 3334 ebcnmllexo
837 3290 910 3336 nero
943 3273 991 3336 vel
1023 3283 1112 3337 acuto
1145 3283 1272 3337 accentu
1307 3282 1442 3337 oarent.

112 3477 330 3488 n———n———ae

204 3609 532 3682 lergosietBergo
553 3609 746 3668 sioebMoi·
771 3611 899 3670 etsiF
978 3613 1252 3670 tohenmfleutetur
1274 3613 1302 3668 Β
1326 3612 1444 3669 oneum

109 3692 234 3750 beentur
258 3691 291 3748 F
310 3692 544 3750 uiruumllexbibur
567 3693 606 3749 M
680 3694 745 3750 lin
769 3693 864 3771 priore
888 3693 920 3750 F
940 3693 969 3752 in
992 3695 1083 3767 priori
1107 3695 1146 3750 M
1165 3695 1320 3767 imperiors
1343 3695 1371 3750 Β

109 3777 247 3832 tenuius
264 3792 316 3832 ors.
337 3775 376 3830 M
450 3775 635 3850 quia]qu
710 3779 754 3832 εει
777 3791 828 3835 om.
849 3777 888 3833 M
962 3776 1067 3848 positio
1086 3777 1114 3833 Β
1196 3778 1262 3834 ein
1285 3777 1443 3849 trisyllabis

108 3858 214 3916 iterum
239 3875 295 3930 que
317 3857 392 3914 nuo
411 3861 455 3915 εει
472 3859 500 3915 Β
519 3859 550 3917 in
569 3857 726 3933 trisyllabis
744 3859 848 3915 iterum
871 3852 921 3928 q'ni
945 3858 1020 3916 ratio
1039 3863 1083 3916 eet
1101 3857 1134 3915 F
1148 3859 1179 3917 in
1196 3858 1368 3932 trissyllabis
1387 3873 1443 3929 qne

109 3939 184 3997 ratio
203 3942 247 3996 εει
266 3939 304 3995 M
375 3939 431 3996 uisi
448 3941 560 3998 uelauit
580 3941 750 3996 Muellerus:
767 3940 886 4007 fonnem
904 3943 938 3997 ut
954 3941 1067 3998 aeunni
1142 3949 1175 3998 ιο
1194 3941 1352 4016 penultima
1371 3939 1444 3996 MF

163 4019 247 4078 illam
269 4037 321 4078 orn.
342 4021 381 4077 M
453 4030 486 4079 11
506 4021 537 4078 iu
560 4021 724 4094 dissyllabis
747 4021 863 4077 musta
888 4021 1043 4081 Muellerus
1120 4023 1151 4080 id
1173 4024 1198 4080 si
1220 4025 1325 4080 nature
1347 4024 1390 4078 εει
1413 4023 1443 4078 ει

108 4103 252 4174 posterior
265 4100 298 4156 F
361 4109 394 4159 ιι
409 4103 649 4160 ειπειιιιιεειιιει
662 4103 691 4160 Β
705 4101 936 4160 ebeumfleetitax
952 4105 990 4160 M
995 4103 1027 4160 F
1090 4111 1122 4161 ιιι
1138 4107 1233 4162 cetera
1247 4102 1443 4175 grausbuntur

108 4183 182 4240 ΒΜ
199 4185 293 4240 uetere
312 4187 470 4256 gnnauiur
487 4183 520 4241 F
591 4185 822 4244 eiroumfleotibnr
840 4188 937 4242 ειιιειιι
955 4185 1115 4257 penultima
1137 4184 1167 4241 in
1191 4185 1235 4241 bis
1254 4184 1385 4242 omnibus
1406 4183 1444 4238 M

109 4265 348 4321 oireumfleetatnr
366 4269 417 4323 aut
440 4267 602 4339 penultima
628 4267 658 4324 iu
686 4267 731 4324 bis
760 4268 891 4325 omnibns
910 4265 939 4320 Β
963 4265 1200 4324 ειιειιιιιεειειιτ
1223 4269 1319 4322 autem
1344 4266 1375 4321 iu
1398 4265 1442 4322 bis

110 4347 243 4404 omnibns
256 4345 289 4403 F
361 4355 395 4404 ιι
413 4353 446 4406 nt
465 4349 646 4423 campestris]
662 4354 713 4407 aut
726 4349 885 4423 prestrisB
958 4349 1111 4420 perductus
1125 4366 1176 4405 orn.
1192 4347 1223 4403 F
1296 4345 1441 4418 litteriis]

109 4427 248 4484 ettieB
322 4433 355 4485 1⁷
373 4433 477 4487 natura
505 4431 533 4488 ei
559 4431 647 4504 longa
670 4432 798 4504 proderit
821 4432 861 4488 M
933 4436 966 4487 ιιι
986 4447 1004 4486 e
1022 4431 1078 4488 fine
1096 4447 1146 4487 oue
1168 4431 1207 4485 M
1277 4431 1395 4485 sonetur
1413 4428 1446 4484 F

110 4509 223 4566 aeuibm
240 4507 308 4566 ΜΒ
382 4517 417 4568 ιι)
435 4513 552 4586 Atreus]
576 4513 679 4570 εᾱιειιε
702 4513 745 4568 B.-
764 4513 800 4580 es.
826 4513 945 4585 Quintil
969 4512 992 4567 I
1009 4515 1076 4582 5,23
1149 4509 1321 4582 quicumque
1341 4508 1372 4565 F

110 4597 143 4647 ιι
164 4607 221 4662 qne
239 4606 257 4647 a
275 4591 331 4649 fine
345 4596 390 4649 est
401 4591 490 4651 urbis
504 4593 542 4649 M
612 4599 648 4649 ιι
668 4595 770 4650 sentus
784 4593 917 4650 enomere
933 4593 971 4649 Μ
981 4595 1098 4650 noenius
1113 4591 1251 4649 adsedere
1264 4590 1293 4647 Β
1307 4593 1443 4648 senonim

110 4672 263 4730 neeudsre
283 4672 315 4728 F
389 4675 470 4748 uam]
494 4691 570 4732 nano
594 4674 625 4731 F
699 4681 735 4731 23
759 4675 873 4732 edleebo
898 4675 929 4732 F
1007 4679 1093 4731 terrm
1121 4673 1196 4729 ΒΜ
1199 4672 1232 4728 F
1311 4680 1347 4730 ut
1374 4675 1445 4746 qnia

110 4771 161 4810 oro.
182 4754 221 4810 M
292 4757 510 4830 stragularum
528 4755 640 4813 mtione
659 4755 691 4812 F
706 4757 807 4830 regula
832 4757 935 4814 barum
957 4755 1100 4812 alionum
1122 4755 1197 4810 ΒΜ
1269 4761 1303 4813 ιι
1323 4755 1442 4813 eircum-

111 4835 177 4892 flexi
195 4835 244 4891 uel
261 4836 339 4892 nenti
357 4833 463 4906 (wenti
481 4836 520 4908 Β)
540 4841 674 4896 aeeeutus
694 4842 793 4895 aaroni
810 4837 877 4894 BF
893 4835 1172 4894 oironmflexiuelnli
1191 4844 1325 4894 noeentns
1344 4841 1443 4894 ouant

112 4917 151 4972 M
166 4939 176 4972 :
195 4917 367 4974 circumflari
386 4918 432 4974 vol
451 4918 529 4976 aonii
548 4922 681 4977 noeentum
699 4919 816 4992 fastigio
836 4923 934 4976 ament
952 4919 1068 4976 coniecit
1088 4917 1244 4974 Muellerus
