3590 5486
278 49 417 114 ‚fs

368 335 435 406 222
972 335 1097 394 tibilim

457 521 559 586 Libri
583 522 625 586 de
649 521 915 608 orthographia
938 531 1083 608 quattuor
1106 523 1167 587 ridi
1191 521 1311 586 codices
1335 541 1425 588 manu
1450 523 1595 606 scriptos,
1620 521 1703 584 Pari·

368 635 469 696 sinum
494 627 596 716 tuso,
623 631 922 714 hlontepessulanum
950 629 1031 717 306,
1060 631 1240 696 Leidensem
1267 627 1346 710 122,
1375 631 1602 714 Sangallensem
1627 625 1703 711 249.

368 760 498 824 quorum
522 741 752 823 antiquissimus
776 750 823 804 est
841 740 1037 806 Parisinus
1056 737 1145 806 7530
1169 750 1274 805 octavo
1294 739 1415 804 saeculo
1439 741 1586 824 scriptus,
1612 757 1706 821 quem

368 849 517 934 descripsi
536 867 659 933 gramm.
675 849 724 912 lat.
739 867 765 910 r.
780 847 818 911 iv
832 868 861 932 p.
876 847 950 914 xii.
988 849 1087 914 Bedae
1106 847 1185 914 liber
1203 848 1314 932 legitur
1333 851 1365 912 in
1385 866 1421 913 co
1441 848 1461 910 i.
1476 843 1704 912 notu-301*

368 962 460 1039 incip.
480 942 599 1022 libellus
619 961 689 1021 beto
709 953 803 1042 (corr.
818 955 854 1019 al
868 977 908 1021 m.
924 953 1014 1043 bede)
1030 960 1210 1040 presbyteri
1228 961 1267 1022 de
1281 957 1349 1020 orti
1367 958 1394 1020 A
1412 960 1518 1021 littero
1536 989 1574 1001 -
1587 974 1704 1036 perue-

368 1061 463 1152 nit*).
502 1068 533 1129 ln
557 1065 662 1129 codice
686 1064 804 1128 Monta
813 1065 1016 1148 pessulano
1039 1061 1106 1130 306
1130 1083 1208 1129 saec.
1232 1065 1288 1148 ix,
1317 1066 1405 1128 caius
1428 1082 1519 1147 supra
1549 1084 1577 1147 p.
1603 1059 1650 1128 85
1674 1065 1704 1126 in

368 1175 458 1258 Capri
486 1183 518 1237 et
540 1175 680 1257 Agroecii
707 1169 794 1236 libris
822 1175 1008 1238 mentionem
1037 1175 1109 1258 ieci,
1136 1172 1186 1237 hic
1214 1171 1292 1237 liber
1315 1175 1428 1236 omisso
1452 1172 1550 1236 Bedae
1579 1175 1704 1236 nomine

368 1303 438 1348 oum
462 1283 529 1347 aliis
553 1282 591 1345 de
610 1281 823 1364 orthographia
847 1280 933 1344 libris
952 1281 1086 1362 scriptus
1105 1288 1152 1343 est
1175 1281 1232 1362 ita,
1255 1280 1275 1343 i.
1297 1276 1519 1344 loir-107*
1544 1281 1597 1343 Me
1621 1284 1707 1358 legat

368 1396 514 1470 antiquas
540 1424 582 1437 -
606 1392 730 1454 subbati
756 1409 784 1472 p.
808 1384 1045 1453 nant-2350
1067 1386 1115 1470 P.,
1144 1389 1163 1451 l.
1190 1383 1398 1451 107*·-109
1427 1389 1475 1451 lie
1498 1389 1705 1467 ortogropbic

373 1503 584 1579 Ortogrnpbic
610 1517 708 1577 grece
735 1501 832 1560 iatine
854 1505 943 1560 recta
966 1499 1127 1576 scripturn
1156 1489 1278 1579 (isidor.
1302 1494 1329 1580 i,
1354 1491 1413 1581 26)
1445 1529 1483 1541 -
1511 1516 1572 1577 per
1594 1515 1616 1558 c
1640 1500 1708 1559 eti

368 1610 567 1672 scribendum
585 1617 643 1684 est,
668 1608 687 1669 l.
705 1602 903 1698 lotii-lib
923 1609 1033 1684 incipit
1053 1606 1133 1668 tiber
1151 1607 1191 1667 de
1210 1607 1416 1684 ortogrnpbin
1436 1606 1463 1668 A
1482 1607 1587 1669 littero
1610 1609 1704 1667 etium

368 1725 442 1780 nctc
460 1733 624 1778 -sermo
644 1718 798 1794 peruenit.
837 1713 972 1786 codicem
993 1711 1210 1782 Leidensem
1234 1710 1304 1774 bibl
1324 1711 1406 1793 publ
1428 1709 1493 1776 122
1517 1722 1580 1776 tres
1604 1712 1705 1776 Bedae

368 1822 462 1886 libros
481 1827 689 1888 continentem
708 1820 797 1887 modo
817 1823 1059 1884 commemoravi.
1093 1819 1188 1884 codex
1209 1818 1465 1900 Sangallensis
1485 1816 1551 1884 249
1574 1839 1612 1883 ex
1632 1821 1704 1884 dats·

369 1931 427 1994 bus
449 1931 590 2015 partibus
609 1933 796 2013 compositus
815 1939 877 2006 est,
902 1946 1031 2012 quarum
1055 1931 1140 2012 prior
1159 1937 1278 2011 octavo,
1301 1930 1454 2009 posterior
1477 1947 1557 1992 nono
1582 1927 1704 1992 saeculo

369 2042 483 2122 scripta
511 2058 578 2103 esse
610 2040 724 2102 dicitur
757 2041 789 2102 iu
820 2037 920 2100 indice
956 2037 1097 2100 codicum
1127 2035 1365 2118 sangallensium
1394 2029 1621 2121 (Verzeicbniss
1649 2037 1705 2099 der

369 2146 606 2212 Handschrilten
631 2147 685 2210 der
710 2144 964 2210 Siiitsbibliothek
988 2163 1046 2206 ron
1071 2143 1114 2206 st.
1138 2137 1258 2230 Galicn)
1288 2163 1316 2226 p.
1339 2141 1392 2207 92.
1430 2147 1462 2206 in
1490 2147 1592 2227 priore
1617 2156 1704 2229 parte

369 2254 467 2318 Bedae
491 2255 567 2318 liber
591 2257 724 2336 scriptus
748 2263 795 2318 est
817 2274 846 2336 p.
869 2251 991 2334 1-41,
1015 2253 1110 2315 Liber
1133 2253 1240 2315 Bedae
1259 2251 1375 2331 famuli
1400 2253 1517 2316 Christi
1537 2255 1577 2317 de
1600 2256 1704 2316 ortho-

367 2366 474 2441 prufin
497 2365 525 2425 A
548 2367 653 2426 littero
672 2396 716 2407 -
736 2365 898 2442 peruenit:
922 2371 1093 2442 sequuntur
1113 2359 1201 2443 Capri
1226 2369 1256 2423 et
1277 2361 1416 2442 Agroecii
1439 2359 1518 2424 libri
1554 2364 1586 2425 in
1610 2361 1705 2425 alters

369 2481 454 2552 parte
479 2473 611 2554 primum
635 2468 849 2552 orthographia
871 2468 972 2531 Albini
995 2471 1108 2551 scripta
1133 2477 1179 2531 est
1207 2488 1236 2550 p.
1262 2464 1410 2553 62-91,
1437 2471 1591 2534 Aeternus
1616 2480 1706 2533 netas

369 2597 482 2666 neuun
502 2599 563 2660 per
584 2583 648 2642 dno
670 2598 691 2667 u
715 2611 751 2623 -
777 2579 905 2640 sabboti
924 2555 1015 2638 W
1029 2597 1090 2656 per
1114 2577 1150 2638 X
1169 2584 1199 2640 et
1222 2577 1351 2639 Xrisrnc
1372 2582 1445 2654 finit
1467 2597 1569 2655 nmen,
1592 2576 1705 2640 deinde

370 2699 512 2770 excerpta
531 2688 668 2751 Terentii
688 2686 810 2770 Scauri,
829 2685 866 2748 cl.
882 2704 973 2768 supra
993 2705 1022 2768 p.
1036 2684 1067 2748 4.
1105 2695 1262 2767 praetcrea
1281 2687 1313 2748 in
1332 2685 1437 2748 codice
1456 2687 1593 2749 Parisino
1613 2683 1704 2749 4841

370 2794 489 2860 decimo
510 2796 631 2860 saeculo
651 2798 765 2877 scripto
785 2812 880 2876 pauca
900 2813 936 2857 ex
956 2797 1042 2857 initio
1061 2793 1132 2857 iibri
1151 2793 1303 2876 leguntur,
1322 2798 1432 2874 incipit
1449 2795 1529 2858 liber
1548 2797 1587 2857 de
1600 2796 1705 2856 ortico-

368 2907 506 2985 grnpitin
525 2905 630 2968 Bedcc
646 2905 826 2983 presbyteri
843 2905 870 2965 A
889 2907 995 2965 littera
1018 2907 1111 2966 etiam
1134 2910 1208 2966 nota
1228 2907 1442 2981 praenominis
1465 2913 1510 2965 est
1532 2920 1596 2983 sqq.
1627 2900 1706 2963 duos

371 3011 492 3074 codices
515 3011 691 3074 Harleianos
715 3007 804 3074 3826
829 3022 859 3074 et
883 3007 972 3074 3969
1004 3013 1252 3074 commemorarit
1275 3010 1405 3074 Gilesius
1429 3010 1527 3073 Bedae
1551 3028 1598 3092 op.
1622 3028 1648 3070 u.
1669 3007 1707 3070 Vl

370 3119 463 3201 praei.
483 3138 511 3201 p.
531 3118 566 3181 il.
605 3119 735 3200 denique
761 3137 851 3181 manu
876 3121 990 3201 scripto
1016 3119 1119 3182 codice
1144 3138 1219 3183 usus
1239 3129 1286 3181 est
1310 3118 1422 3201 Caspai·
1446 3117 1595 3182 Barthius.
1636 3135 1707 3180 nam

371 3248 407 3291 ex
427 3227 485 3291 boc
504 3227 582 3290 libro
601 3229 694 3309 petita
714 3235 786 3290 sunt
805 3244 882 3307 quae
902 3225 950 3289 ille
971 3235 1125 3307 tamquam
1144 3225 1257 3290 inedita
1275 3229 1379 3308 posuit
1400 3226 1515 3289 advers.
1536 3225 1554 3288 l.
1569 3223 1707 3288 XXXVII

371 3356 396 3398 c.
423 3334 466 3399 14
488 3355 518 3418 p.
544 3331 639 3399 1693.

461 3442 577 3507 Horum
596 3442 735 3506 codicum
755 3453 819 3506 ires
843 3462 920 3525 quos
943 3446 1041 3526 primo
1066 3441 1132 3505 loco
1156 3446 1260 3526 posui,
1283 3442 1455 3505 Parisinum
1474 3451 1506 3505 ei
1525 3440 1707 3504 Leidensem

371 3571 387 3616 a
410 3571 459 3616 me
483 3553 553 3616 olim
578 3571 648 3616 cum
672 3551 810 3615 Putschii
834 3552 966 3615 editione
986 3552 1111 3615 collatos
1134 3563 1165 3614 et
1184 3550 1482 3632 Montepessulaoum
1506 3569 1522 3612 a
1542 3548 1707 3612 Duebnero

371 3680 548 3744 excussum,
572 3661 609 3724 ad
633 3649 796 3723 editionem
816 3659 948 3732 adhibui.
983 3659 1130 3740 equibus
1149 3659 1306 3721 Parisinus
1326 3658 1420 3720 codex
1444 3659 1580 3739 quamuis
1604 3655 1706 3736 negle-

371 3781 478 3851 genter
498 3772 630 3851 scripius
650 3779 764 3851 maneo,
789 3770 930 3849 quoniam
951 3767 1069 3830 diuersa
1089 3787 1105 3828 a
1125 3766 1251 3848 reliquis
1275 3765 1394 3829 duobus
1417 3767 1534 3847 origine
1559 3774 1621 3848 est,
1645 3783 1706 3826 non

372 3879 463 3942 nullis
487 3877 561 3940 locis
585 3896 686 3940 veram
707 3879 890 3958 scripturam
909 3875 992 3938 solus
1012 3879 1150 3939 servavit.
1188 3874 1472 3958 hiouiepessulanus
1496 3884 1527 3937 et
1550 3872 1707 3936 Leidensis

371 4006 407 4049 ex
432 4006 493 4049 uuo
517 3986 681 4069 archetypo
705 3983 846 4046 ridentur
874 3983 1018 4065 descripti
1049 4001 1125 4046 esse.
1164 4002 1257 4065 quare
1283 4001 1317 4045 ea
1342 3985 1473 4065 quaein
1497 3981 1645 4044 alterutro
1670 3999 1706 4043 ex

371 4095 418 4157 lais
438 4092 503 4156 solo
522 4093 665 4174 leguntur
684 4093 779 4155 altero
799 4111 869 4154 cum
889 4095 1039 4173 scriptura
1059 4091 1189 4153 Parisini
1209 4092 1322 4154 codicis
1341 4094 1551 4155 consentiente
1575 4093 1706 4152 auctori-

371 4212 464 4265 tatem
479 4221 540 4265 non
560 4200 681 4284 habent,
701 4200 753 4263 sed
774 4205 872 4263 errori
892 4201 939 4262 vel
958 4199 1084 4263 arbitrio
1100 4199 1262 4263 scribentis
1283 4200 1443 4264 tribuenda
1461 4209 1540 4263 sunt
1565 4197 1707 4261 Leidensi

371 4311 482 4393 codici,
511 4313 563 4391 qui
586 4312 715 4372 maxime
746 4309 803 4371 hoc
834 4327 945 4390 genere
971 4311 1171 4370 uisitationum
1195 4319 1226 4371 et
1250 4309 1516 4390 interpolationum
1541 4315 1707 4388 corruptus

371 4429 430 4502 est,
456 4417 563 4481 similis
582 4420 639 4482 luit
659 4421 685 4481 is
705 4437 741 4480 ex
762 4435 822 4500 quo
842 4416 915 4478 olim
934 4435 1004 4479 cum
1022 4416 1149 4496 reliquis
1168 4416 1266 4479 Bedae
1286 4419 1409 4498 scriptis
1432 4416 1481 4477 hic
1504 4414 1582 4478 liber
1605 4414 1706 4478 editus

252 4676 258 4691 ,
463 4621 489 4693 *)
513 4621 555 4678 De
578 4619 689 4692 origine
712 4618 817 4676 codicis
840 4614 1024 4673 memorabile
1048 4619 1092 4673 esi
1121 4616 1198 4686 qaod
1221 4619 1287 4688 post
1311 4635 1338 4674 r.
1362 4615 1479 4672 diastole
1500 4631 1597 4686 graece
1619 4615 1707 4672 Mne

370 4703 550 4758 interdictum
567 4720 594 4774 p.
610 4707 682 4757 aust
701 4700 802 4756 endam
820 4715 908 4754 manu
926 4696 1033 4767 scripta
1047 4699 1092 4752 est
1111 4697 1273 4766 gemonios
1291 4695 1491 4768 interpretatio
1508 4696 1645 4764 sericinis
1672 4713 1706 4752 ex

371 4800 428 4854 qno
448 4787 569 4854 apparet
587 4784 634 4839 cel
653 4781 747 4853 ipsum
766 4779 891 4837 codicem
911 4776 958 4833 vel
977 4793 1042 4832 eum
1060 4793 1095 4831 ex
1115 4793 1172 4847 quo
1190 4777 1260 4834 haec
1279 4795 1345 4848 pers
1364 4776 1508 4849 descripto
1526 4779 1571 4834 esi
1589 4777 1620 4834 in
1639 4777 1706 4835 Ger·

372 4863 469 4920 monio
488 4863 626 4936 scriptum
645 4880 714 4919 asae.

1708 4917 1751 4930 -fl
