3602 5482
641 345 940 404 oncuocmrms
1358 334 1460 414 130'1
1565 334 1571 346 '

118 465 142 503 p.
156 454 220 496 2834.
234 451 261 494 tb
274 453 302 494 Ρ,

120 538 179 602 boc
205 547 254 602 est
278 539 393 601 sitium.
431 533 634 617 Exspectatur
656 544 819 616 tantuma,
843 543 1001 618 spectatur
1024 535 1077 616 qui
1100 535 1220 598 ridetur
1244 535 1291 599 sel
1313 536 1463 618 probatur

4 661 10 671 ·
119 666 177 730 per
200 667 224 710 s.
272 645 441 724 Exercitus
462 641 629 726 laboribus,
659 649 843 708 exercitatus
867 643 986 707 studiis.
1033 642 1199 706 Exstruere
1229 652 1276 706 est
1304 647 1335 707 in
1364 645 1459 707 altum

120 766 259 835 struere,
282 755 437 816 instruere
462 753 557 814 aciem
581 752 628 815 sel
652 755 816 834 actionem,
840 751 999 814 adstruere
1024 750 1196 828 adfirmare,
1226 763 1405 816 construere
1430 756 1461 816 in

119 861 267 926 struendo
295 863 496 942 coniungere,
529 859 708 924 substruere
737 881 774 924 re
802 860 903 942 aliqua
935 877 1026 942 supra
1063 861 1160 941 posita
1190 859 1297 922 subter
1330 870 1460 924 struere.

90 970 296 1034 sEorundem
325 979 356 1032 et
384 967 550 1031 earundem
578 987 634 1051 per
657 988 691 1050 n,
720 987 780 1033 non
809 987 865 1051 per
888 987 927 1031 m.
974 967 1020 1030 Ex
1048 971 1234 1051 praepositio
1263 969 1461 1050 sequentibus
1568 1039 1575 1052 ‚

120 1079 182 1141 bd
207 1097 227 1160 g
250 1078 260 1141 l
285 1097 313 1140 m
339 1096 358 1140 n
387 1077 499 1140 litteris
526 1085 558 1140 et
581 1096 598 1136 v
622 1088 654 1140 ct
676 1079 688 1139 i
714 1077 781 1140 loco
815 1079 1048 1140 consonantium
1072 1095 1091 1138 x
1116 1075 1248 1141 litteram
1276 1081 1400 1160 amittit,
1428 1088 1463 1140 ut

119 1186 218 1249 ebibit
240 1185 335 1250 edidit
358 1188 471 1267 egessit
494 1185 585 1249 elusit
619 1187 744 1249 emicuit
773 1187 939 1266 enervarit3
968 1194 1115 1266 sequente
1144 1204 1216 1247 vcro
1240 1187 1254 1248 l
1279 1189 1310 1250 in
1336 1187 1461 1250 eandem

119 1315 138 1357 ιι
169 1303 280 1377 mutat,
309 1305 344 1357 ut
372 1295 504 1358 effundo.
555 1294 599 1358 Ex
628 1295 813 1376 praepositio
842 1292 879 1355 ad
909 1294 923 1355 l
955 1292 1087 1355 litteram
1118 1295 1278 1371 formatur,
1306 1305 1342 1356 ut
1370 1295 1461 1359 eilluo

119 1403 231 1466 eliodio
260 1405 354 1466 effero
378 1403 477 1466 allicio
501 1403 688 1484 etreliqua,
718 1412 749 1465 et
772 1401 847 1464 baec
871 1401 940 1464 ideo
963 1408 1020 1482 per
1044 1400 1105 1464 duo
1128 1403 1143 1463 l
1163 1401 1331 1465 scribenda.
1378 1403 1462 1490 Esto,

80 1531 106 1570 ιο
121 1531 194 1576 ecce
214 1515 382 1576 consentio.
420 1511 555 1592 Expecto
574 1509 612 1572 ab
632 1528 668 1571 eo
690 1510 771 1591 quod
796 1519 843 1571 est
866 1496 989 1590 pectino
1008 1511 1075 1572 sine
1094 1528 1108 1572 s
1128 1510 1333 1574 scribendum.
1371 1511 1461 1576 Exire

42 1653 44 1656 ·
121 1623 188 1684 siue
213 1639 228 1683 a
252 1613 312 1706 (ire
333 1621 414 1683 enim
434 1630 482 1682 est
506 1613 648 1705 simplex)
673 1629 704 1683 et
730 1637 940 1702 quaecumque
960 1637 998 1680 ex
1021 1617 1079 1681 hoc
1103 1619 1281 1696 formentur,
1306 1628 1340 1683 ιιι
1363 1621 1463 1684 exitus

121 1731 248 1792 exitium
269 1728 397 1792 exitiale.
434 1727 551 1808 Ecquid
570 1747 626 1810 per
646 1747 663 1790 c
682 1731 714 1792 in
733 1731 830 1811 prima
850 1725 976 1810 syllaba,
994 1731 1136 1807 quoniam
1156 1729 1306 1811 significat
1320 1747 1359 1791 en
1379 1729 1462 1813 quid,
1540 1735 1542 1740 '

121 1841 193 1900 niu
214 1857 230 1900 c
250 1857 406 1900 conuerso.
443 1835 597 1922 Exscindo
621 1836 766 1918 exsculpo
786 1847 910 1899 exstruo
930 1837 1045 1898 exsisto
1069 1855 1125 1918 per
1144 1855 1159 1898 s
1183 1836 1325 1900 dicimus:
1349 1839 1457 1902 sistere

121 1949 205 2008 enim
228 1957 275 2009 est
299 1946 435 2028 simplex.
478 1944 543 2008 Edo
566 1945 604 2009 ab
629 1946 746 2010 edendo
770 1947 842 2010 lacit
865 1963 899 2008 es
923 1954 978 2008 est.
1021 1943 1155 2026 Exiguae
1180 1947 1245 2008 siue
1270 1965 1293 2008 s.
1337 1945 1381 2007 Ex
1405 1966 1462 2029 pro

82 2071 107 2111 ra
121 2063 208 2116 extra
236 2057 389 2118 iuvenitur
417 2057 503 2137 poni,
532 2063 566 2118 ut
594 2055 721 2118 excludo
751 2053 941 2138 extracludo,
972 2054 1060 2116 exsul
1088 2052 1343 2135 extra'solum21
1373 2054 1462 2118 modo

119 2180 178 2246 pro
201 2163 300 2247 vaide,
329 2173 363 2226 ιιι
391 2164 530 2227 excelsus
558 2183 615 2246 pro
639 2163 723 2226 valde
747 2162 865 2234 celsus:
894 2160 982 2224 modo
1011 2164 1192 2243 privativum
1216 2173 1263 2224 est
1287 2163 1334 2224 rel
1364 2165 1460 2226 inten-

120 2273 217 2334 tivum
236 2273 283 2335 sel
302 2275 512 2355 perfectivum,
526 2283 561 2334 ut
578 2275 714 2353 exstirpo
728 2269 859 2333 extendo
875 2270 990 2352 expleo.
1020 2288 1036 2331 e
1057 2271 1088 2332 in
1108 2271 1319 2350 conpositione
1339 2274 1462 2353 privati-

121 2397 193 2442 vum
212 2389 260 2443 est
279 2380 326 2442 rel
344 2383 541 2463 intentivum,
561 2388 596 2443 ut
611 2375 737 2443 ‘enodes
752 2373 880 2462 trunci'‚
899 2395 1018 2441 enarro.
1051 2377 1256 2460 Expergiscor
1271 2388 1303 2442 et
1322 2381 1462 2461 experior

122 2489 240 2551 iaciunt
258 2491 457 2570 praeteritum
481 2498 625 2570 expertus
650 2507 726 2550 sum.

82 2613 108 2653 ro
215 2576 379 2660 Formosus
408 2599 473 2660 sine
502 2614 522 2659 ιι
552 2599 583 2658 in
612 2597 745 2660 meando
774 2595 885 2678 syllaba
916 2596 1111 2660 scribendum
1141 2605 1202 2678 est,
1232 2607 1265 2659 ut
1294 2596 1463 2672 harenosus

123 2704 289 2768 frondosus
312 2723 445 2787 aquosus
472 2703 633 2768 barbosus.
670 2708 830 2788 participia
853 2723 926 2768 vero
954 2705 1066 2769 babent
1090 2724 1126 2788 u,
1155 2718 1189 2768 ιιι
1219 2715 1325 2781 tonsus
1354 2715 1463 2768 tunsus

122 2831 255 2894 pransus
278 2832 401 2896 pensus.
440 2812 546 2876 Eeriaa
566 2831 703 2895 quoque,
728 2831 788 2876 non
807 2814 908 2876 lereae
929 2811 1125 2876 scribendum
1144 2821 1199 2876 est.
1238 2812 1355 2896 Elaeus,
1378 2817 1463 2895 prior

123 2922 236 3004 syllaba
259 2921 341 3005 abl,
365 2941 497 3005 sequeus
517 2921 553 2984 ab
574 2941 591 2982 r
615 2924 748 3004 incipiat.
785 2922 875 2985 Fides
899 2921 969 2986 lidei
992 2925 1089 3005 prima
1113 2921 1226 3004 syllaba
1250 2920 1364 2996 brevis,
1388 2921 1463 2983 tides
1510 2900 1513 2906 ⁵

61 3061 63 3065 v
123 3030 192 3092 lidia
220 3031 258 3093 da
282 3031 394 3093 chorda
419 3040 547 3114 utraque
576 3031 673 3112 longa.
717 3031 809 3094 Fidus
833 3031 871 3092 de
896 3017 1008 3113 amico,
1032 3011 1128 3093 tidelis
1152 3028 1189 3092 de
1214 3048 1310 3092 servo.
1354 3029 1462 3092 Festus

84 3154 109 3195 aa
123 3137 161 3199 de
187 3137 329 3219 superbia
353 3141 425 3202 lacit
449 3140 581 3203 lastuum
600 3141 774 3219 genetivum
797 3137 960 3221 pluralem,
984 3139 1090 3200 lastus
1103 3137 1141 3199 de
1167 3136 1252 3200 libris
1276 3138 1348 3200 lacit
1371 3139 1481 3240 iacto,
1578 3213 1583 3224 Ι

123 3263 202 3308 rum
240 3244 337 3329 Fuugi
360 3267 449 3330 agere
474 3255 534 3328 est,
563 3246 688 3330 delungi
713 3264 868 3328 peragere.
913 3245 1040 3309 Fremor
1064 3256 1111 3309 est
1135 3264 1273 3309 murmur·
1296 3247 1464 3331 bominum,

124 3354 265 3417 lremitus
289 3356 431 3418 serarum.
469 3355 604 3419 Eurvum
625 3359 745 3436 nigrum
770 3355 914 3440 dicimus,
938 3357 1048 3419 bartam
1073 3354 1200 3418 rubeum
1207 3404 1216 3437 ,
1240 3353 1355 3418 iulrum
1378 3367 1462 3418 certe
1560 3437 1565 3448 Ι

123 3480 233 3524 aurum
253 3465 303 3525 cui
327 3463 363 3526 ad
387 3466 529 3527 decorem
554 3463 725 3547 splendoris
744 3448 792 3525 sui
816 3463 918 3545 nigelli
942 3463 1054 3546 aliquid
1079 3463 1214 3526 addatur.
1254 3461 1324 3524 Fori
1344 3483 1460 3528 mascu-

124 3571 219 3634 linum
245 3571 345 3635 tabula
371 3581 417 3635 est
442 3575 577 3654 narium,
597 3570 649 3634 ubi
669 3573 798 3651 remiges
819 3570 992 3654 sedent,et
1010 3591 1130 3654 semper
1150 3570 1314 3654 pluraliter.
1353 3571 1463 3656 Eedus,

219 3751 232 3799 1
253 3743 441 3818 Exspectatur
460 3749 599 3803 uenturus
615 3764 637 3816 p
658 3747 842 3816 exspectatur
859 3743 907 3800 ide
926 3749 1062 3803 uenturus
1081 3747 1102 3802 S
1122 3745 1277 3817 Exspectat
1295 3763 1347 3817 per
1366 3765 1379 3801 a
1398 3748 1464 3804 scri-

123 3826 210 3882 batur
234 3829 415 3898 exspectatur
439 3827 486 3883 ide
511 3829 647 3884 uenturus
669 3827 706 3882 M
778 3832 794 3880 2
818 3843 870 3896 per
890 3845 902 3881 s
926 3845 976 3884 om.
998 3829 1037 3883 M
1109 3825 1248 3882 exercitus
1275 3826 1420 3884 laboribus
1441 3847 1463 3898 p

124 3911 272 3966 exercetur
289 3908 434 3966 laboribus
454 3908 476 3964 S
482 3909 520 3964 M
584 3909 755 3966 exercitatus
773 3909 876 3965 studiis
896 3910 934 3964 M
952 3910 1123 3967 exercitatus
1141 3909 1293 3976 (exercitus
1307 3913 1341 3979 p)
1361 3909 1463 3966 stodiis

123 3990 185 4046 sina
204 3990 284 4060 spS
337 3999 354 4047 4
372 4007 405 4047 ra
423 4007 474 4046 om.
494 3988 517 4046 S
523 3989 562 4044 M
564 4007 585 4060 p
650 3995 666 4044 b
686 3990 849 4064 Eorundem
869 3993 898 4045 ct
916 3991 1072 4048 earundem
1091 3987 1249 4060 euphoniae
1268 4005 1355 4046 causa
1373 4007 1425 4062 per
1443 4010 1463 4046 n

124 4068 254 4144 non'per
271 4092 301 4129 m
325 4072 477 4128 scribenda
496 4073 564 4125 sunt
584 4071 623 4126 M
714 4079 730 4128 9
755 4069 859 4128 effodio
881 4069 974 4127 cilicio
994 4075 1024 4130 at
1046 4069 1158 4142 reliqua
1176 4075 1206 4128 et
1229 4071 1299 4127 baec
1322 4070 1388 4127 ideo
1411 4088 1464 4142 par

125 4153 182 4210 duo
201 4152 384 4212 faeribenda
404 4154 441 4208 Μ
463 4150 569 4208 effodio
589 4151 676 4208 effero
696 4153 788 4209 alticio
810 4152 876 4208 ideo
896 4154 1003 4219 (autem
1024 4153 1089 4207 add.
1106 4153 1138 4222 p)
1162 4152 1288 4223 perduc
1307 4152 1322 4206 f
1342 4151 1462 4208 scriben-

124 4234 194 4292 dum
214 4237 269 4305 (eat
286 4236 352 4292 odd
369 4237 404 4306 p)
419 4235 470 4306 pS
545 4240 579 4290 10
599 4251 664 4292 acce
684 4251 735 4290 om.
757 4235 795 4289 Μ
865 4238 897 4286 tt
917 4231 1029 4304 Ecquid
1046 4251 1099 4305 per
1117 4252 1132 4289 c
1151 4234 1182 4288 in
1200 4232 1294 4305 prima
1312 4231 1426 4302 syllaba
1439 4250 1462 4303 p

125 4333 191 4373 ecee
209 4333 262 4388 per
280 4335 313 4374 ee
331 4318 361 4373 in
381 4316 476 4389 prima
493 4314 607 4386 syllaba
625 4314 648 4371 S
673 4317 823 4386 ecquidem
841 4317 871 4371 in
897 4315 991 4386 prima
1008 4315 1119 4386 syllaba
1143 4331 1195 4386 per
1213 4329 1246 4370 oe
1265 4313 1406 4370 scribatur
1426 4315 1463 4369 Μ

169 4398 294 4469 enquid
314 4400 353 4455 Μ
370 4417 405 4455 en
424 4399 457 4456 fit
476 4399 498 4453 S
573 4406 607 4454 ιιι
626 4397 769 4455 Exscindo
789 4397 910 4467 exculpo
928 4397 1043 4450 exstruo
1062 4413 1113 4467 per
1130 4413 1144 4449 a
1163 4393 1295 4450 similiter
1313 4395 1463 4452 scribenda

126 4483 204 4536 suut.
238 4480 352 4538 Exsisto
376 4479 510 4536 similiter
540 4480 660 4537 dicimus
683 4478 788 4535 Siatare
812 4479 888 4535 euim
916 4479 962 4532 est
989 4474 1110 4546 simplex
1140 4475 1175 4529 M
1276 4483 1309 4530 14
1339 4475 1461 4547 simplex

125 4579 177 4619 ess.
196 4563 247 4633 pS
328 4562 456 4618 Examen
480 4561 540 4618 siue
564 4579 577 4616 a
601 4560 730 4633 Exiguae
753 4559 886 4616 similiter
910 4555 1060 4612 scribenda
1084 4559 1150 4610 sunt
1173 4557 1212 4610 M
1297 4562 1331 4610 tt
1357 4556 1461 4613 Flauus

125 4644 231 4710 (saluus
249 4644 298 4713 Μ)
312 4643 406 4716 prima
420 4642 532 4713 syllaba
545 4642 583 4696 ab
597 4642 611 4696 l
628 4638 754 4698 secunda
767 4641 805 4695 ab
819 4659 839 4695 n
855 4635 976 4708 incipiat
990 4637 1058 4706 pM
1129 4642 1164 4691 tt
1184 4641 1306 4708 suaque
1326 4653 1357 4694 es
1375 4637 1463 4710 ionga

125 4723 207 4780 Beda
225 4741 256 4796 p.
275 4729 347 4792 272,
373 4729 419 4794 17,
441 4725 493 4780 sebi
515 4727 636 4794 utraque
660 4725 704 4781 est
726 4719 814 4792 longa
835 4719 916 4776 babet
938 4721 1023 4776 codem
1049 4718 1201 4774 Parisinus
1279 4726 1313 4776 tt
1336 4719 1461 4777 Eurunm

127 4802 238 4874 nimum
253 4807 299 4861 est
316 4805 445 4861 mianum
460 4804 580 4859 rubeum
596 4802 701 4859 dicitur
717 4803 754 4856 M
817 4808 852 4858 28
874 4799 1034 4872 splendoris
1052 4798 1096 4856 sui
1111 4799 1149 4854 M
1167 4798 1364 4870 splendoribus
1383 4801 1463 4858 suiS

191 4886 313 4942 addatur
334 4885 398 4940 MS
416 4885 569 4956 additurp
639 4885 715 4940 loros
735 4884 772 4937 Μ
850 4889 884 4938 29
903 4882 1034 4938 tabulata
1053 4882 1170 4938 nauum
1188 4880 1269 4937 Beda
1283 4899 1314 4952 p.
1334 4888 1406 4951 272,
1425 4889 1462 4939 30
