3610 5482
363 332 408 400 28
866 335 1205 412 rennnrussnvnr

307 495 312 500 .
365 447 386 484 p.
401 435 462 477 arar.
478 435 505 476 aa
519 436 545 477 a.

366 523 539 584 consentire
567 523 626 584 ism
656 521 938 588 demonstravimus.
976 544 993 588 o
1018 534 1119 590 sutem
1143 527 1175 588 in
1199 525 1299 589 dativo
1322 529 1472 610 ponimus,
1496 537 1531 590 ut
1554 528 1594 590 sit
1617 526 1703 590 dilie-

367 631 464 692 sentia
492 631 542 693 cni
571 639 602 693 et
630 631 696 715 qni,
723 631 754 694 id
783 642 830 696 est
859 633 951 697 dativi
981 633 1026 716 [et
1054 633 1196 714 vocativi]
1225 633 1387 718 singularis
1417 644 1448 699 et
1471 637 1647 700 nominativi
1670 644 1704 699 et

366 739 493 800 rocatiri
516 737 650 820 pluralis.
688 757 869 822 quamquam
893 741 1061 805 secundum
1091 741 1256 824 analogiam
1286 760 1391 806 omnes
1415 752 1517 825 partes
1545 746 1728 819 orationis*

310 839 314 852 '
365 847 442 928 quae
470 849 526 929 pe'r
554 865 643 910 casus
671 845 873 930 declinantur,
903 848 1029 912 eandem
1056 849 1187 913 litteram
1212 851 1243 912 in
1267 852 1363 933 prima
1393 859 1479 933 parte
1505 870 1566 930 per
1592 867 1703 914 omnes

286 1001 290 1012 .
365 972 455 1017 casus
478 963 610 1037 servent,
633 971 723 1037 quam
747 957 931 1019 nominativo
954 955 1123 1022 habuerint
1637 980 1642 984 ·
1720 976 1734 1017 a

459 1060 535 1125 Cum
559 1062 681 1144 quidam
705 1081 761 1145 per
784 1081 864 1146 cum,
888 1081 948 1126 non
973 1063 1046 1127 nidii
1069 1083 1126 1146 per
1145 1083 1252 1150 quom;
1276 1067 1398 1148 quidam
1417 1069 1507 1130 etiam
1527 1085 1595 1130 esse
1614 1067 1702 1132 diue-

365 1173 495 1235 rentism
518 1181 640 1256 putant,
668 1171 749 1254 quod
778 1173 962 1254 praepositio
991 1172 1113 1254 quidem
1142 1191 1197 1254 per
1221 1193 1251 1257 c,
1280 1193 1351 1238 eum
1379 1173 1445 1259 iilo,
1472 1193 1542 1238 cum
1567 1173 1703 1258 Claudio,

365 1297 435 1342 curn
466 1278 604 1365 Camillo,
633 1280 809 1344 adverbium
838 1289 940 1344 autem
971 1299 1027 1363 per
1055 1299 1075 1362 q
1103 1278 1212 1344 debeat
1241 1281 1347 1364 scribi,
1375 1292 1526 1365 utquam
1550 1283 1703 1366 legissem,

366 1407 457 1470 quom
483 1390 633 1474 iecissem,
656 1393 798 1472 qnoniam
817 1391 933 1472 antiqui
952 1407 1008 1472 pro
1029 1389 1087 1452 boo
1106 1387 1248 1452 adverbio
1268 1407 1355 1452 cume
1376 1388 1525 1474 dicebant,
1550 1400 1583 1454 ut
1602 1391 1700 1456 Numa

363 1500 395 1560 in
420 1497 528 1561 Saliari
552 1501 684 1582 sagmine
1720 1519 1747 1558 ro

528 1604 552 1688 †
575 1609 682 1670 cuine
705 1587 821 1690 ponas
840 1608 1047 1702 ¹Leucesiae
1071 1615 1292 1688 praeterere
1317 1608 1431 1669 monti

466 1760 470 1766 -
528 1725 616 1796 quot
639 1715 716 1779 ibet
740 1717 855 1780 etinei
879 1715 922 1778 de
945 1717 976 1776 is
999 1733 1079 1778 oum
1102 1721 1278 1778 tonarem.

444 1838 517 1905 ‘Per
545 1835 751 1906 conexionem'
772 1841 822 1904 illa
851 1839 1020 1922 adnotanda
1046 1835 1051 1921 Ι
1076 1849 1162 1923 sunt,
1192 1839 1254 1920 [ut]
1284 1843 1449 1926 negotium,
1474 1844 1562 1906 ouius
1584 1845 1702 1924 primae

369 1947 498 2030 syllabae
522 1963 545 2032 g¹
561 1949 652 2012 debet
676 1951 807 2034 adiungi,
831 1969 892 2012 non
916 1949 1065 2030 sequenti,
1089 1946 1170 2028 quod
1194 1947 1309 2011 dictum
1333 1959 1380 2011 est
1403 1951 1490 2031 qnasi
1514 1969 1571 2013 uec
1590 1953 1702 2036 otium3

243 2118 249 2128 ,
368 2059 441 2120 item
466 2060 594 2141 nescire,
618 2058 698 2139 qnod
723 2063 762 2123 sit
787 2079 824 2122 ne
849 2059 938 2140 scire,
962 2065 1000 2118 et·
1016 2055 1110 2138 exseri,
1133 2059 1174 2119 ita
1194 2066 1228 2119 ut
1252 2076 1266 2118 s
1286 2059 1425 2137 sequenti
1446 2057 1574 2139 syllabae
1595 2059 1701 2123 adiun·
1721 2067 1749 2105 ¹⁵

367 2175 464 2250 gatur,
489 2169 558 2247 quia
582 2169 770 2250 significetur
793 2176 877 2231 extra
902 2166 999 2229 solum
1023 2167 1137 2247 patriae
1162 2168 1281 2229 missus.

436 2274 534 2364 'liaeo
564 2286 636 2340 suut
664 2293 740 2359 qnae
769 2277 891 2358 urgenti
920 2283 1055 2356 tempore
1085 2273 1245 2355 complecti
1278 2273 1333 2336 tibi
1357 2275 1387 2335 in
1412 2277 1582 2356 praesentia
1606 2271 1703 2359 potui.

455 2465 472 2515 6
492 2475 557 2514 cnm
572 2477 603 2531 p.
623 2465 672 2527 29,
692 2464 709 2516 3
784 2465 818 2516 tt
837 2457 945 2516 nescire
960 2475 992 2529 p.
1011 2426 1060 2524 12,
1078 2461 1094 2512 1
1171 2456 1251 2512 exsul
1265 2474 1297 2528 p.
1316 2463 1368 2526 22,
1386 2463 1423 2514 11

461 2629 473 2677 1
495 2621 763 2695 demonstravimus]
774 2640 805 2692 p.
816 2627 894 2686 iuti
957 2619 988 2674 in
1007 2617 1106 2674 datino
1120 2633 1258 2687 ponemus
1273 2619 1324 2674 Po
1344 2619 1500 2678 indication
1519 2571 1658 2694 ponimns
1672 2624 1703 2678 Β

423 2709 439 2758 2
459 2703 505 2758 cni
524 2705 553 2758 et
572 2703 658 2772 qnidd
678 2703 793 2759 dutinus
812 2705 842 2758 et
860 2699 1010 2757 noenunus
1029 2697 1183 2771 singularis
1202 2699 1259 2755 sed
1276 2700 1447 2758 nominatiui
1470 2703 1589 2774 pluralis
1606 2707 1635 2761 Β
1654 2705 1704 2760 cui

367 2782 484 2855 etquid
503 2785 546 2840 est
565 2782 656 2839 datiui
675 2787 704 2839 st
727 2782 876 2839 uocatinus
901 2779 1054 2852 singularis
1075 2783 1119 2836 set
1141 2778 1313 2837 nominatini
1331 2785 1362 2837 et
1384 2783 1511 2839 nocatini
1537 2784 1656 2855 pluralis
1676 2785 1708 2838 P

365 2863 412 2920 cni
430 2867 460 2920 et
478 2864 529 2935 qni
546 2863 576 2920 id
596 2867 640 2920 est
658 2862 750 2928 dstini
769 2865 799 2919 et
817 2859 943 2918 uocatini
962 2861 1116 2933 singularis
1135 2861 1186 2918 sed
1204 2866 1234 2918 et
1253 2862 1424 2919 nominatini
1443 2866 1473 2920 et
1491 2865 1618 2921 nocstiui
1637 2865 1702 2936 pin·

365 2945 435 3001 ralis
454 2965 475 3000 ω
559 2951 575 3000 3
595 2944 758 3019 analoignm
776 2943 815 3010 B,
833 2958 904 2998 corr.
925 2941 1088 3013 analogiam
1106 2945 1122 3000 b
1202 2959 1299 3000 omnes
1313 2945 1411 3015 priore
1430 2945 1488 3001 ioco
1507 2963 1558 3003 orn.
1576 2949 1615 3016 B,
1634 2951 1701 3006 cdii.

365 3023 418 3080 Po
510 3033 602 3098 iper
615 3027 770 3097 posteriore
795 3025 854 3080 loco
873 3039 924 3079 orn.
944 3021 1030 3080 ΒΡω
1122 3026 1194 3082 oin
1213 3025 1391 3082 nominatino
1411 3045 1433 3080 o
1525 3035 1617 3100 oper
1635 3047 1703 3086 enm

363 3161 494 3220 nonnulli
513 3179 563 3233 per
581 3177 668 3233 quom
687 3159 716 3214 Β
735 3177 871 3232 perenm
889 3155 1020 3214 nonnulli
1039 3175 1090 3230 per
1108 3177 1196 3230 quum
1216 3161 1267 3217 Po
1343 3154 1358 3215 't
1377 3161 1554 3232 praepositio
1573 3111 1702 3235 pqqtqemB

429 3261 502 3318 ‚cum
521 3241 584 3315 illo]
604 3243 655 3300 illo
674 3241 737 3299 BP
751 3242 802 3298 iilo
822 3233 907 3297 modo
927 3259 949 3293 ω
1041 3245 1057 3295 li
1077 3241 1186 3314 antem]
1209 3245 1260 3297 out
1277 3241 1306 3296 Β
1379 3247 1396 3298 9
1416 3259 1473 3312 qno
1492 3241 1622 3300 iecmsem
1641 3246 1708 3300 BP

295 3389 297 3395 Α
421 3341 517 3380 =cnmo
535 3323 691 3391 Putscisius,
711 3323 792 3380 cuins
807 3322 902 3398 BPao.
921 3327 998 3376 cetrae
1016 3322 1142 3378 adverbii
1159 3323 1252 3392 sermo
1266 3339 1348 3378 cume
1363 3338 1420 3377 ason
1434 3326 1546 3392 poterut
1564 3325 1603 3379 ad
1621 3326 1701 3394 ‹litie-

295 3416 298 3421 ’
365 3407 483 3462 rentiam
501 3408 659 3477 scripturae
677 3423 741 3461 cnm
762 3405 979 3476 praepositionis
997 3409 1022 3459 ei
1046 3421 1133 3475 quom
1152 3403 1278 3459 adrerbii
1300 3403 1499 3471 ‹let'cnclcndcm
1523 3405 1634 3472 afferri,
1652 3409 1702 3462 sesi

364 3491 429 3542 ante
452 3487 588 3557 quoniam
611 3485 747 3558 quaedam
764 3487 896 3541 sidentur
914 3485 1016 3540 canusa
1035 3501 1103 3551 esse,
1121 3485 1222 3554 quibus
1241 3485 1404 3540 adrerbirun
1424 3500 1480 3539 non
1504 3485 1597 3540 minus
1615 3502 1701 3556 quern

359 3559 594 3638 praepositionem
609 3585 662 3638 per
680 3583 696 3622 o
714 3566 889 3622 scrubmdunt
907 3581 961 3621 csse
978 3567 1177 3634 pneumaticus
1191 3569 1372 3634 praeceperat
1473 3570 1504 3620 ii
1525 3567 1557 3620 iu
1575 3567 1701 3622 uersibus

364 3651 498 3704 carminis
516 3649 640 3706 Scliera's
659 3648 723 3704 dccli
740 3648 910 3718 scripturam
929 3645 1031 3702 codicis
1049 3644 1077 3699 Β
1100 3661 1162 3700 crsru
1181 3643 1234 3699 Pm
1260 3645 1469 3700 conseranensem
1486 3653 1605 3716 praeter
1623 3649 1701 3716 iaec,

365 3729 452 3786 aunei
472 3729 508 3786 de
526 3731 562 3805 is]
583 3729 666 3787 ennei
685 3729 721 3787 de
739 3727 784 3784 bis
804 3727 833 3782 P
847 3726 930 3784 ennci
949 3725 984 3781 de
1003 3723 1048 3779 his
1068 3744 1098 3780 ω.
1118 3727 1217 3781 sedin
1236 3724 1264 3779 P
1279 3723 1433 3780 Leucesiae
1454 3756 1487 3766 —
1507 3727 1590 3782 ennei
1610 3745 1700 3786 recen·

365 3814 435 3867 tiore
453 3829 539 3868 runnu
556 3813 663 3881 scripta
681 3815 755 3866 sum.
783 3809 965 3866 descensus
984 3808 1135 3864 Saturnios
1158 3809 1201 3863 ito
1225 3806 1407 3862 restituendos
1427 3809 1542 3865 coniecit
1559 3809 1701 3881 Bcrpiins

364 3893 424 3949 incl.
449 3893 506 3948 lect.
528 3891 678 3961 isenburg.
704 3891 760 3946 lrib.
784 3908 810 3946 a.
831 3895 905 3946 to'ii
926 3908 957 3962 p.
979 3889 1065 3956 XII,
1090 3888 1178 3945 cume
1201 3891 1297 3958 ionis,
1324 3889 1475 3958 Leucesie,
1494 3893 1562 3961 prio
1581 3892 1624 3946 tet
1644 3895 1701 3947 tre·

364 3973 468 4042 monti,
490 3973 581 4040 Quom
600 3972 673 4028 tiber'
691 3971 774 4028 cunei
793 3973 972 4028 deostnmdm
991 3972 1126 4028 tonitront
1224 3979 1257 4027 1³
1278 3969 1359 4026 illum
1378 3969 1543 4027 adnotanda
1561 3974 1627 4027 snut
1646 3973 1700 4028 Ρω

363 4055 444 4110 iliam
468 4054 641 4110 sohiotnndii
664 4057 729 4109 snut
752 4054 779 4107 B
888 4053 996 4122 primae
1021 4051 1149 4124 syllabae
1173 4071 1193 4124 g
1216 4053 1321 4124 debent
1344 4051 1395 4105 Pa
1420 4050 1530 4121 primae
1560 4053 1663 4110 sillsbs
1682 4075 1701 4110 o

365 4136 470 4193 debeat
487 4135 515 4191 Β
604 4141 639 4190 tt
657 4152 714 4190 non
733 4133 863 4204 sequenti
882 4133 935 4189 Po
955 4135 1139 4206 consequenti
1157 4132 1185 4187 Β
1273 4130 1367 4204 qnasi]
1388 4131 1456 4201 quia
1472 4133 1562 4188 Bl’m
1646 4153 1701 4192 neo

364 4217 455 4272 otiam
475 4237 496 4272 ω
516 4217 663 4289 negotium
682 4216 745 4272 BP
833 4219 866 4269 to
885 4231 922 4271 ne
940 4215 1023 4288 scire]
1044 4233 1080 4272 ne
1100 4220 1130 4273 et
1147 4215 1219 4273 scire
1239 4214 1290 4269 Pa
1384 4218 1418 4268 16
1437 4211 1505 4281 qnia
1523 4213 1701 4286 significetur

309 4307 312 4314 ·
365 4297 523 4366 Putsclsiss,
538 4314 595 4369 qns
608 4299 783 4372 significetur
797 4294 849 4349 Por
870 4310 956 4364 qnam
971 4296 1145 4367 significetur
1158 4296 1186 4352 Β
1258 4295 1336 4350 Haec
1351 4295 1417 4348 sunt
1433 4323 1464 4332 -
1481 4297 1552 4362 29‚2
1569 4295 1700 4367 regulam

368 4377 448 4434 sides
468 4397 529 4434 urm
548 4381 586 4436 iis
604 4397 675 4452 picae
692 4379 773 4446 infra
790 4375 897 4444 scripta
915 4380 994 4441 sunt,
1013 4382 1061 4444 83,
1083 4384 1116 4432 11
1140 4377 1313 4433 brevitatem
1332 4372 1414 4428 buius
1434 4369 1526 4430 libelli
1545 4405 1579 4418 -
1599 4395 1650 4448 per
1668 4395 1700 4434 se

367 4459 476 4514 censeri
494 4463 609 4530 poterat
627 4461 776 4518 coniunait
795 4457 931 4512 Uscncrrss
948 4473 1017 4511 anau.
1034 4459 1110 4514 aben.
1125 4476 1150 4516 c.
1168 4459 1254 4513 XXI
1261 4457 1286 4511 V
1301 4475 1328 4526 p.
1339 4460 1377 4512 91
1389 4471 1445 4524 sqq.
1474 4472 1507 4511 co
1525 4474 1595 4527 quae
1613 4459 1700 4513 inter·

361 4539 457 4609 posita
474 4545 555 4608 sunt,
573 4541 628 4597 Per
647 4559 662 4598 e
681 4557 747 4596 cnm
766 4536 934 4595 adverbium
952 4537 1137 4608 temporis-
1157 4537 1384 4610 pronnntientnr,
1404 4538 1442 4591 nal
1463 4535 1599 4594 Varronis
1614 4539 1702 4596 libros

366 4621 400 4675 rie
417 4635 538 4676 semona
557 4622 646 4679 iatine
664 4623 737 4678 idem
750 4621 895 4676 revocarit.
910 4619 1023 4673 -lrorum
1038 4622 1189 4674 maiarum
1204 4626 1313 4690 portem
1333 4620 1364 4674 in
1380 4619 1517 4674 Varronis
1534 4620 1701 4690 inopinantis
1753 4647 1757 4654 ·

361 4701 460 4772 posuit
483 4701 688 4759 ll'alrnannsius
706 4705 738 4758 cle
760 4703 840 4759 l'arr.
861 4702 924 4757 libr.
943 4715 1057 4771 mamni.
1077 4717 1107 4769 p.
1123 4705 1180 4756 214
1194 4717 1250 4770 sqq.
1324 4698 1405 4769 potui
1424 4717 1454 4756 se
1473 4705 1553 4769 (corr.
1574 4699 1701 4770 ailquid

365 4781 393 4836 Β
412 4781 509 4852 potnit
527 4782 562 4836 he
581 4782 604 4838 ri
624 4783 693 4855 quid
712 4786 770 4851 (scd
789 4783 825 4838 hs
844 4781 869 4838 si
888 4783 948 4838 alio
966 4797 1053 4848 omncs
1072 4781 1149 4850 add.)
1170 4781 1208 4848 P,
1226 4778 1309 4850 potui
1328 4777 1439 4835 Theseu
1463 4779 1541 4850 quod
1561 4801 1582 4836 ω
1606 4782 1701 4854 potui,

365 4859 495 4930 Theseu,
510 4861 622 4933 siquid
643 4864 794 4920 Pntscbius
