3616 5482
284 418 288 426 Ι
604 346 655 405 nu
676 346 973 407 onvnoensvnns
1254 409 1257 414 ,
1391 346 1453 412 161

119 460 141 500 ρ.
154 450 216 493 22⁹2
232 450 260 492 ⁹³
274 447 300 490 1³.

121 543 286 618 sanorum,
311 532 371 615 [et]
391 535 417 597 si
437 508 548 616 apile,
566 553 602 618 p,
620 545 655 598 ut
674 537 820 620 forpices,
840 554 916 617 quae
937 543 1009 598 sunt
1029 543 1201 618 tonsorum;
1220 537 1246 598 si
1266 553 1283 597 a
1301 535 1458 619 capiendo,

112 663 149 728 c,
177 654 212 707 ut
240 643 388 727 forcipes,
415 661 453 706 eo
480 641 561 724 quod
591 641 722 708 sormunt
751 647 883 728 capiant,
914 651 1091 729 quaesunt
1119 642 1283 709 fabrorum.
1326 645 1458 708 formum

121 755 200 817 enim
225 751 369 816 dixerunt
391 753 509 834 antiqui
526 750 677 836 calidum,
700 753 781 818 unde
805 761 860 816 est.
876 753 1037 818 formosus.

209 859 324 943 Vulgus
344 859 461 924 vultum
483 879 611 944 parvum
635 871 756 927 torvum
775 872 848 928 sunt
872 867 923 946 qui
946 871 1055 947 putant
1078 882 1134 946 per
1158 863 1218 928 duo
1238 883 1258 927 u
1279 861 1372 926 scribi
1397 881 1457 926 uon

93 968 245 1053 ⁵debere,
269 969 350 1051 quod
375 968 482 1032 similis
500 968 611 1034 vocalis
631 971 725 1035 vocali
749 971 889 1036 adiuncta
913 991 975 1036 non
998 971 1098 1036 solum
1119 990 1182 1036 non
1206 972 1380 1056 cohaereat,
1403 970 1458 1034 sed

119 1081 208 1142 etiam
229 1076 372 1161 syllabam
391 1088 508 1162 augeat,
531 1089 566 1142 ut
586 1088 633 1142 est
651 1099 764 1143 vacuus
783 1082 935 1162 ingenuus
955 1079 1101 1144 occiduus
1120 1083 1248 1162 enipius
1266 1083 1458 1164 perspicuus,

79 1192 84 1204 '
118 1196 148 1250 et
176 1189 209 1250 in
233 1185 335 1250 verbis
363 1195 504 1250 metuunt
527 1186 666 1254 tribuunt
697 1197 842 1252 statuunt
882 1189 934 1250 sed
959 1187 1061 1251 Velius
1084 1187 1211 1270 Longus
1230 1207 1285 1270 per
1308 1190 1457 1252 rationem

118 1303 345 1377 praesumptam
369 1294 469 1378 decipi
494 1315 545 1360 eos
569 1304 670 1380 putat,
694 1299 747 1379 qui
770 1298 942 1379 primitivus
967 1305 998 1359 et
1021 1295 1232 1378 adoptivuset
1255 1298 1457 1360 nominativus
1522 1307 1526 1318 ·

33 1453 38 1461 .
119 1412 149 1466 et
168 1403 238 1466 talia
257 1423 313 1486 per
333 1423 353 1468 u
373 1415 404 1469 et
423 1424 440 1467 o
461 1403 604 1468 scribant
639 1424 708 1469 nam
727 1405 815 1470 aliter
834 1403 980 1482 scribere,
995 1404 1082 1469 aliter
1101 1407 1299 1488 pronuntiare
1318 1404 1456 1468 vecordis
1499 1440 1503 1446 -

10 1539 12 1594 ι
81 1521 172 1575 uest.
215 1531 286 1576 cum
314 1516 395 1576 enim
424 1533 480 1597 per
508 1533 526 1576 o
554 1513 703 1598 scribant,
730 1533 835 1602 peru
864 1516 1032 1578 enuntiant.
1073 1523 1232 1596 praeterea
1265 1516 1318 1596 qul
1351 1521 1457 1576 eontra

117 1623 267 1706 sentiunt,
291 1641 351 1685 non
375 1631 576 1706 respexerunt
601 1620 724 1703 [unum]
749 1640 769 1685 ιι
795 1625 907 1686 totiens
931 1624 1126 1686 consonantis
1148 1625 1209 1686 vim
1232 1621 1359 1706 babere,
1382 1639 1456 1703 quo·

117 1731 195 1792 tiens
224 1749 280 1812 pro
305 1740 490 1794 consonante
518 1733 657 1814 ponitur,
686 1749 763 1814 quae
792 1730 871 1815 apud
896 1730 1028 1795 Graecos
1057 1731 1228 1814 digammon
1253 1738 1392 1813 vocatur,
1421 1747 1456 1792 ac

117 1839 160 1900 sio
189 1837 256 1900 lieri
285 1846 320 1902 ut
348 1841 551 1902 nominativus
575 1837 650 1902 duas
674 1839 796 1920 quaidem
821 1858 842 1903 ιι
865 1839 983 1904 litteras
1008 1838 1131 1924 babeat,
1159 1838 1213 1902 sed
1241 1840 1375 1920 priorem
1399 1855 1455 1920 pro

117 1957 316 2030 consonante,
343 1950 545 2030 posteriorem
568 1966 624 2031 pro
649 1948 743 2010 vocali
767 1947 884 2012 scillcet
911 1950 1049 2030 positam.
1087 1950 1131 2010 sic
1155 1955 1186 2009 et
1209 1945 1344 2009 Donatus
1374 1945 1457 2028 dicit,

81 2067 104 2108 ιι
118 2057 260 2136 quotlem
284 2075 303 2118 u
327 2065 359 2118 et
382 2057 392 2118 i
417 2074 471 2119 seu
496 2054 554 2118 eibi
582 2075 637 2120 seu
661 2057 728 2120 aliis
752 2055 905 2121 vocalibus
933 2065 1178 2139 praeponuntur,
1208 2053 1275 2118 loco
1303 2051 1456 2116 habendas

116 2180 183 2224 esse
208 2167 450 2228 consonantium.
513 2153 516 2158 ¹
740 2241 750 2257 ,

208 2270 348 2358 Hiemps,
376 2282 412 2336 ut
439 2272 584 2337 Caesellio
613 2260 746 2357 violetur,
774 2293 795 2357 p
822 2273 934 2338 babere
963 2283 1033 2356 post
1048 2292 1085 2374 ιιιι
1115 2271 1246 2336 litteram
1270 2289 1332 2334 non
1356 2267 1456 2353 debet,

116 2379 198 2462 quod
223 2383 297 2444 sabe
316 2383 383 2446 sine
403 2401 437 2444 ea
456 2381 556 2444 littera
582 2380 672 2463 [non]
698 2392 801 2468 sonet,
824 2383 870 2444 vel
894 2382 975 2464 quod
999 2401 1055 2464 per
1074 2401 1180 2446 omnes
1200 2399 1289 2445 casus
1308 2397 1347 2442 ne
1366 2379 1456 2442 vesti·
1553 2394 1557 2400 ·

116 2491 198 2570 pum
228 2489 351 2572 quidem
381 2489 462 2553 illius
491 2500 641 2573 appareat
683 2493 800 2573 sumpsi
828 2499 929 2554 autem
958 2484 1116 2572 quaeritur
1145 2509 1183 2553 an
1216 2491 1314 2573 possit
1341 2490 1407 2552 sine
1434 2507 1455 2570 p

81 2611 105 2652 ιι
117 2595 218 2662 littera
237 2617 355 2683 sonare,
378 2607 414 2662 ut
436 2597 548 2681 blems3
573 2597 626 2662 sed
652 2599 733 2680 quod
753 2605 784 2661 et
802 2601 832 2661 ln
853 2597 907 2662 alia
927 2597 1128 2662 declinatione
1146 2618 1168 2681 p
1187 2597 1361 2682 respondet,
1384 2615 1455 2660 cnm

117 2704 245 2769 dicimus
269 2717 410 2789 sumptus
434 2714 627 2790 sumpturus,
651 2709 822 2770 necessario
846 2725 944 2789 perp
969 2706 1062 2770 scribi
1085 2705 1184 2772 debet.

207 2813 231 2875 Α
255 2825 286 2878 et
309 2812 346 2878 ab
371 2809 402 2878 el
425 2815 478 2878 abs
502 2822 533 2876 et
556 2832 594 2876 au
618 2817 859 2897 praepositiones
877 2816 968 2877 unius
987 2816 1110 2896 generis
1128 2823 1213 2898 sunt,
1237 2824 1272 2878 ut
1290 2833 1360 2877 cum
1380 2813 1453 2876 dici-

116 2940 182 2986 mus
207 2941 224 2984 a
248 2941 310 3007 me,
334 2923 372 2987 ab
395 2924 460 3008 illo,
483 2922 608 3007 abstuli,
637 2924 748 3007 auiugl.
786 2922 840 2987 sed
864 2922 1086 2986 observandum
1111 2933 1145 2986 ut
1168 2932 1242 2986 tunc
1265 2921 1303 2984 ab
1326 2940 1454 3005 praepo·

116 3033 185 3094 sitio
206 3031 375 3117 scribatur,
399 3036 541 3115 quotiens
564 3035 644 3115 parti
667 3031 793 3096 cuilibet
816 3033 962 3095 orationis
986 3033 1195 3114 coniungitur,
1219 3049 1296 3114 quae
1319 3048 1335 3092 a
1358 3030 1454 3093 vocali

79 3139 253 3223 reincipiat,
282 3159 319 3204 nc
348 3140 440 3206 dictio
469 3141 573 3205 multis
601 3138 843 3204 conmeanutus·
867 3149 1026 3204 oneretur:
1054 3143 1080 3202 si
1108 3159 1180 3204 vero
1205 3159 1221 3202 a
1242 3139 1248 3214 Ι
1268 3137 1453 3203 consonante
1560 3155 1563 3162 '

85 3317 91 3327 ,
116 3267 185 3330 pars
210 3248 309 3331 aliqua
333 3253 383 3314 cui
406 3253 603 3334 praeponitur
627 3253 765 3335 incipiat,
798 3269 859 3314 non
884 3259 931 3314 est
955 3251 1092 3334 ponenda
1116 3249 1153 3312 sb
1176 3251 1376 3334 praepositio,
1399 3248 1452 3312 sed

117 3400 332 3414 -———--

205 3469 353 3543 tangns
375 3469 431 3528 Vel.
450 3467 610 3543 Leon-58,
628 3473 646 3527 4
666 3469 894 3540 Omst.150,5
951 3477 985 3528 ii
1004 3470 1122 3543 Hiemps
1141 3469 1240 3527 Sonos.
1261 3475 1310 3540 21,
1324 3474 1351 3526 6.
1370 3475 1453 3540 27,3

168 3552 353 3609 tabeat
379 3551 651 3624 venemens

117 3681 335 3694 w

206 3757 221 3806 i
237 3752 270 3807 nt
283 3757 349 3810 uste
361 3751 485 3824 forpices
499 3758 525 3808 et
538 3754 603 3808 octe
615 3749 738 3823 forcipes
752 3766 803 3808 om.
820 3749 844 3807 0
893 3749 1079 3822 tcapiantB
1093 3748 1282 3822 capiuntAO
1329 3753 1450 3828 equod]

115 3831 183 3901 qnia
199 3831 229 3887 Β
284 3837 301 3888 8
321 3835 351 3891 et
369 3840 434 3891 onte
449 3831 643 3891 nominativus
662 3847 713 3887 om.
728 3831 757 3886 Β
813 3834 879 3888 tet
897 3831 956 3888 elia
973 3830 1066 3887 ABG
1118 3831 1257 3906 scribent]
1277 3833 1406 3890 scribunt
1423 3836 1450 3889 A

115 3913 315 3971 scribebantur
340 3931 411 3974 corr.
436 3915 599 3972 scribebant
623 3913 652 3967 B
676 3912 838 3970 scribantur
862 3911 886 3968 0
966 3915 996 3970 et
1018 3913 1102 3970 aliter
1124 3914 1310 3986 pronuntiare
1333 3915 1382 3974 30

117 4000 149 4050 10
173 4009 226 4066 per
249 4013 269 4051 u
291 3995 478 4067 pronuntient
501 3993 525 4050 0
597 4000 629 4050 11
653 4009 712 4050 non
734 3996 907 4065 aspexerunt
930 3993 959 4050 A
1037 4013 1126 4052 naum
1149 3994 1222 4052 dean
1241 3997 1319 4067 opstat
1343 3995 1451 4054 Vallum

114 4073 244 4146 Lonpum
299 4081 332 4132 lt
348 4092 420 4147 quse
433 4075 462 4131 Β
477 4075 555 4147 quod
568 4074 628 4131 Ao
679 4079 711 4128 13
726 4073 820 4146 priore
835 4090 886 4144 pro
902 4079 1075 4131 consonante
1087 4069 1276 4148 posteriorem
1290 4093 1341 4150 pro
1355 4077 1449 4134 nocsli

114 4155 223 4214 scilicet
236 4157 333 4229 posits
350 4158 379 4214 A
396 4157 503 4230 priore
520 4172 573 4228 pro
589 4157 763 4212 consonante
781 4154 938 4227 posteriore
957 4173 1009 4229 pro
1023 4157 1118 4214 neceb
1136 4157 1247 4215 scilicet
1264 4159 1359 4229 posita
1378 4158 1402 4214 0

117 4241 150 4291 14
167 4236 312 4312 Donatus]
329 4255 359 4309 p.
374 4241 494 4305 367,12
571 4241 604 4292 lt
623 4238 657 4291 nt
675 4235 791 4294 cesellio
810 4235 860 4296 Βς
881 4235 1027 4294 uttesellio
1045 4239 1074 4295 A
1092 4240 1127 4295 nt
1144 4237 1225 4294 csilio
1244 4245 1276 4294 ut
1289 4239 1400 4306 videtne
1420 4238 1451 4307 0,

115 4331 184 4374 corr.
205 4321 238 4375 ut
256 4318 347 4376 cesilli
365 4335 393 4388 c,
412 4321 446 4375 nt
463 4315 588 4375 Caecilio
609 4314 710 4375 Uerrio
791 4319 905 4390 posim
922 4319 951 4376 Β
957 4335 974 4380 s
992 4323 1110 4392 propter
1127 4338 1157 4376 ru
1174 4319 1234 4376 Ad
1319 4325 1353 4378 18
1373 4323 1450 4393 quod

115 4397 195 4472 satis]
216 4393 286 4471 quii
304 4399 375 4458 satis
391 4400 421 4456 Β
512 4397 574 4454 sine
592 4413 627 4454 es
644 4398 743 4457 litters
762 4403 897 4458 consonet
916 4415 933 4460 s
952 4401 1012 4457 sine
1031 4418 1066 4458 eo
1084 4402 1182 4459 littera
1199 4419 1230 4456 m
1248 4406 1330 4460 sonet
1349 4403 1451 4462 casso

175 4495 213 4536 ue
230 4479 386 4553 uestigium
406 4479 519 4560 Ossrs'o,
540 4497 593 4537 neo
611 4479 766 4553 uestigium
785 4480 877 4537 ABG
948 4489 983 4540 ιο
1002 4499 1102 4540 sonare
1119 4483 1154 4538 nt
1172 4479 1283 4553 hiemps
1301 4485 1329 4540 A
1349 4501 1451 4542 sonare

115 4563 147 4615 nt
164 4561 240 4618 binas
260 4559 285 4618 0
300 4563 333 4617 nt
349 4561 462 4634 hiemps
481 4577 581 4618 sonare
599 4559 628 4617 Β
634 4577 651 4620 ς
734 4561 785 4618 sed
803 4563 872 4633 quia
891 4563 968 4620 etin
986 4564 1044 4620 slis
1063 4579 1080 4623 s
1099 4562 1150 4620 sed
1169 4563 1238 4633 qnia
1256 4566 1287 4621 et
1304 4562 1333 4620 in
1353 4565 1451 4637 aliqua

114 4641 142 4696 Β
156 4642 207 4700 sed
221 4642 301 4715 quod
312 4641 343 4700 in
355 4642 455 4715 aliqua
467 4643 496 4700 A
516 4640 567 4700 sed
580 4641 611 4698 in
625 4641 723 4715 aliqua
743 4643 767 4701 0
818 4645 972 4716 respondet
985 4647 1013 4701 A
1031 4645 1179 4718 respondit
1191 4644 1272 4705 Bor
1305 4681 1311 4691 ·
1327 4653 1361 4701 22²
1381 4649 1404 4702 A
1421 4649 1451 4703 et

10 4791 11 4794 Ἴ
116 4723 166 4780 abs
185 4728 216 4782 et
233 4725 271 4782 sb
289 4727 320 4783 et
338 4742 376 4782 su
393 4724 454 4782 AO
524 4725 609 4784 unius
622 4743 674 4782 oss.
695 4725 720 4782 0
791 4728 823 4782 ut
841 4724 920 4797 cnm]
939 4725 987 4804 uel
1006 4725 1029 4794 (l
1046 4743 1102 4782 rae.
1117 4725 1156 4796 Β)
1176 4744 1242 4783 cnm
1260 4727 1354 4784 ABG
1369 4729 1451 4784 uelut

10 4797 11 4858 j
117 4819 180 4860 enm
201 4805 271 4863 Por.
286 4822 303 4867 s
321 4812 346 4863 et
364 4807 450 4864 rodae
462 4807 693 4868 amenitate
766 4813 800 4864 28
821 4807 858 4863 ab
875 4805 1051 4879 praepositio
1070 4807 1210 4865 scribatur
1227 4807 1255 4864 Β
1274 4807 1449 4880 praepositio

116 4885 152 4942 ab
170 4887 311 4944 scribatur
330 4887 355 4944 0
370 4890 546 4962 praepositio
566 4889 746 4949 adscribatur
764 4889 792 4945 A
866 4895 901 4946 at
920 4887 967 4960 ne]
987 4903 1039 4945 nec
1057 4889 1086 4945 A

101 5035 106 5043 ,
169 4996 328 5031 summer
341 4997 430 5033 usam
450 4999 495 5033 ιιι.
1196 4987 1228 5036 11
