3604 5486
617 328 668 392 DE
695 327 955 392 Dmuunuu'rus
1391 329 1458 400 519

115 544 180 606 per
203 525 401 607 cmbcbetum
426 573 433 588 .
458 523 546 588 Inter
569 526 785 590 absconditum
813 533 844 590 et
870 527 1054 588 obscurarum
1078 557 1121 570 -
1147 521 1236 588 Inter
1263 526 1459 587 uulneratum

119 640 154 698 et
170 639 347 699 saumatam
371 683 378 698 .
402 638 583 699 vulnerare
601 644 648 700 est
670 640 725 715 qus·
748 640 780 698 in
804 639 900 699 ultum
924 637 1088 698 demissum
1110 635 1216 711 babet,
1239 637 1402 696 rauciano
1425 635 1458 694 in

120 750 155 808 ἐκ
178 761 328 808 summam
347 751 472 823 purtem
496 749 640 824 corporis
662 747 757 808 babet
779 748 877 814 iectus
902 747 1000 824 placo
1029 744 1063 818 (l.
1087 746 1167 806 ictau
1188 746 1330 823 plagam)
1355 791 1362 804 .
1386 759 1459 804 acm

118 863 153 918 et
173 852 329 931 fatigatam
348 859 450 932 potest
477 855 544 916 dici
570 857 706 916 saucius,
734 857 806 930 finit
834 871 932 916 amen.
980 870 1016 916 ex
1045 851 1103 914 boe
1131 854 1224 932 igitur
1251 870 1286 914 ea
1316 869 1393 933 quac
1421 869 1458 913 ex

118 963 286 1026 Frontonis
320 962 372 1043 qui
404 960 476 1026 oiim
504 961 663 1026 dicebatur
690 960 782 1024 libro¹
801 970 924 1044 recepta
957 971 988 1023 et
1021 961 1136 1023 rectius
1169 962 1201 1022 in
1233 977 1269 1022 eo
1304 978 1394 1041 quam
1426 961 1458 1022 in

14 1111 19 1120 ·
119 1070 267 1134 Bobiensi
291 1069 396 1134 codice
421 1073 534 1154 scripta
558 1081 632 1134 sunt
655 1074 803 1155 exscripsi
828 1121 835 1134 .
858 1079 979 1154 praeter
1003 1069 1077 1132 baec
1102 1077 1202 1132 autem
1230 1087 1325 1152 pauca
1350 1069 1459 1132 iisdem

44 1159 49 1167 ⁹
119 1179 226 1242 verbis
249 1182 280 1243 tn
304 1177 569 1262 biootepossulano
593 1178 697 1243 codice
721 1182 851 1263 repetita
874 1189 954 1244 suut.
1002 1197 1070 1242 uam
1098 1177 1227 1261 plurima
1256 1197 1333 1260 quae
1361 1179 1392 1241 in
1421 1196 1458 1240 eo

119 1289 161 1352 de
187 1289 295 1352 iisdem
318 1287 500 1352 differentiis
523 1291 637 1372 scripta
660 1288 804 1371 leguntur
827 1309 864 1352 ex
888 1288 954 1352 aliis
978 1286 1113 1352 lontibus
1138 1289 1231 1369 petita
1255 1297 1335 1350 sunt

120 2109 256 2163 „m
487 1990 573 2104 llll
621 1987 1094 2104 bluauuuuussu

216 2195 469 2260 internitionem
498 2205 528 2260 et
558 2196 728 2260 vindictam.
775 2197 851 2260 ultio
871 2196 1002 2259 vindicat
1023 2195 1149 2278 lactum,
1174 2196 1335 2259 vindicatio
1354 2196 1457 2260 lutura

123 2304 275 2389 prohibet.
322 2306 390 2368 ideo
415 2305 494 2368 blars
519 2305 613 2390 ultor,
637 2325 698 2369 non
722 2304 831 2368 vindex
856 2305 977 2367 dicitur,
1022 2351 1025 2366 .

215 2412 362 2478 Praedam
381 2424 412 2479 et
431 2419 574 2498 rapinam.
608 2414 719 2498 praeda
736 2415 830 2476 victos
850 2413 971 2498 spoliat,
992 2415 1094 2496 rapina
1115 2414 1216 2478 subito
1233 2417 1323 2478 venit.
1356 2417 1458 2498 itaque

74 2539 89 2578 a
122 2523 173 2586 illa
200 2525 322 2587 victoria
346 2524 470 2608 gaudet,
494 2523 567 2587 haec
591 2522 764 2607 petulantia.
1158 2549 1167 2582 t

216 2631 278 2696 Cur
301 2642 333 2695 et
356 2653 458 2717 quare.
505 2652 561 2696 cur
585 2633 763 2716 simpliciter
786 2643 998 2716 percontatur,
1027 2651 1121 2715 quare
1150 2650 1271 2696 cansam
1296 2633 1456 2695 rationem·

124 2759 184 2824 qaae
209 2741 370 2805 desiderat.

217 2849 367 2913 Delictum
387 2859 418 2914 et
436 2859 602 2934 peccatum.
635 2851 688 2930 qui
712 2848 853 2931 deliquit,
878 2870 938 2913 nou
959 2851 1029 2912 lecit
1049 2849 1128 2933 qrrod
1150 2850 1248 2913 lacere
1269 2849 1386 2935 debuit3
1407 2853 1458 2934 qui

123 2961 273 3043 peccarit,
296 2959 354 3022 boe
378 2961 464 3043 lecit,
487 2957 540 3021 sed
564 2975 670 3040 parum
695 2968 787 3022 recte.

80 3085 110 3125 ιο
216 3067 395 3133 Remedium
428 3078 459 3130 et
492 3067 756 3131 medicamentum.
809 3067 990 3150 remedium,
1028 3086 1065 3130 ne
1099 3067 1320 3150 periclitemur,
1354 3069 1458 3152 datur3

124 3175 377 3239 medicamentum
401 3175 437 3238 ad
463 3173 563 3238 subita
591 3176 725 3259 pericula
749 3184 883 3258 aptatum
913 3185 1002 3257 atque
1032 3177 1073 3238 ita
1102 3177 1269 3240 remedium
1299 3176 1458 3239 submovet

124 3286 327 3366 imminentia,
351 3285 604 3347 medicamentum
629 3292 714 3346 sanat
738 3283 837 3345 inlata.

216 3392 341 3456 Flumen
367 3401 398 3454 et
421 3393 554 3456 durium.
602 3391 715 3455 flumen
740 3391 821 3453 idem
846 3391 912 3454 lluit
936 3401 966 3454 et
990 3406 1105 3470 manet,
1135 3393 1245 3457 liuvius
1270 3393 1458 3477 temporibus
1573 3473 1582 3486 ,

123 3505 265 3565 siccatur.

78 3629 107 3668 rs
216 3609 406 3674 Corinthium
430 3618 461 3672 et
485 3609 719 3673 Corinthiacum.
767 3608 957 3672 Corinthium
986 3613 1081 3673 civem
1110 3611 1259 3687 dicemus,
1289 3609 1456 3675 Corinthia·

122 3736 195 3782 cum
218 3738 278 3782 ras.

215 3827 349 3891 Roseum
373 3837 404 3892 et
428 3847 594 3892 rosaceum.
642 3849 763 3893 roseum
786 3849 842 3911 per
866 3847 915 3912 se,
939 3848 1097 3893 rosaceum
1123 3833 1258 3894 mixtum.

215 3936 347 4000 Fuscum
372 3945 402 3999 et
425 3940 556 4019 nigrum.
604 3939 689 4002 lusco
713 3937 814 4001 album
837 3941 1014 4024 opponitur,
1039 3942 1125 4022 nigro
1149 3941 1319 4004 candidum.

215 4045 355 4129 Pugnare
370 4054 400 4108 et
418 4065 593 4129 oppugnare
609 4057 640 4109 et
653 4050 830 4129 inpugnare.
864 4049 916 4128 qni
931 4057 1059 4132 pugnat,
1079 4051 1207 4132 resistit3
1227 4051 1280 4132 qtri
1294 4060 1457 4134 oppugnat,

122 4304 206 4361 Beda
218 4229 252 4278 10
270 4220 437 4371 ijedium
462 4221 543 4277 Beda
565 4228 652 4292 288,1
743 4229 776 4278 to
801 4221 979 4278 Corinthium
1004 4223 1083 4281 Beda
1101 4231 1190 4294 26239
1281 4233 1312 4283 tt
1332 4227 1455 4284 Boreum

224 4309 284 4360 288

123 4425 341 4436 ῥ--ο-η-

215 4485 250 4542 Ν
265 4485 350 4542 codem
368 4485 517 4542 Rodiensis
534 4503 611 4542 nuno
630 4486 836 4557 Neapolitanus
856 4488 907 4544 IV
925 4491 952 4544 A
971 4496 990 4546 8

215 4567 336 4626 reduto
350 4569 484 4638 princeps
504 4567 576 4623 Iani
595 4568 744 4625 Parrhasii
768 4569 891 4627 Vicetiae
909 4589 935 4626 a.
956 4575 1029 4626 1509
1043 4561 1060 4592 ⁰

217 4659 230 4707 1
251 4647 426 4706 CORNELII
445 4648 658 4705 FRONTONIS
681 4649 731 4705 DE
750 4650 930 4708 NOMINVM
952 4651 1234 4719 vuussoavuovu
1255 4653 1456 4709 DIFFEREN·

123 4730 196 4788 TIIS
216 4747 247 4803 ς,
265 4734 326 4788 aine
343 4733 528 4803 incriptione
547 4730 581 4786 N
650 4738 668 4786 4
687 4733 827 4789 Praedam
846 4739 876 4790 et
894 4734 1025 4806 rapinam
1044 4749 1061 4794 ς
1080 4733 1218 4789 Praedam
1236 4734 1365 4805 rapinem
1385 4734 1419 4789 N

125 4821 160 4870 12
180 4815 263 4868 sanat
281 4814 373 4870 inlata
391 4815 485 4879 Reda,
506 4813 590 4868 sanai
607 4811 707 4868 insana
726 4814 760 4868 N
775 4820 859 4871 sanat
877 4833 934 4872 non
954 4831 1021 4872 sana
1043 4815 1196 4887 Fabricius
1279 4821 1313 4872 td
1334 4815 1455 4874 dicimus

123 4895 207 4950 Beda
282 4903 315 4950 tt)
335 4898 365 4952 et
380 4897 477 4966 priore
495 4895 553 4952 loco
572 4911 623 4952 om.
643 4895 677 4950 N
684 4911 701 4954 ς
800 4923 807 4934 ·
