3610 5482
601 299 652 357 ΒΕ
671 298 968 360 caracallarum
1406 303 1448 369 21

111 415 133 454 ιι
151 403 214 447 2181.
228 403 256 446 di
270 403 295 444 P.

205 487 364 560 Interdum
383 497 453 571 etp
472 489 574 552 littera
599 507 786 572 supervacuo
812 488 951 572 adicitur,
974 499 1010 552 ut
1033 507 1104 552 cum
1128 474 1292 554 scribimus
1310 499 1452 573 sumptus
1526 465 1544 486 ’

113 609 143 662 et
167 598 311 681 demptus
335 607 367 661 et
391 605 526 682 emptus,
555 617 626 662 curn
649 598 762 682 alioqui
785 599 896 661 ceteris
926 596 1179 662 declinationibus
1203 598 1366 664 verborum
1390 619 1452 664 non

111 706 201 768 adsit.
235 725 323 770 sumo
343 708 424 769 enlm
444 715 475 770 et
493 706 582 770 demo
597 716 629 770 et
648 725 715 770 emo
735 709 876 784 dicimus,
895 715 926 769 et
945 705 1080 770 detracta
1100 704 1200 792 verbis
1219 711 1325 770 littera
1345 727 1451 790 super·

111 833 206 878 sacua
231 833 325 900 qnare
349 814 634 899 participationibus
654 814 801 878 adiciatur
822 817 898 877 ratio
918 823 1054 878 nonest
1093 832 1162 878 nam
1182 823 1306 896 ruptum
1327 834 1397 878 cum
1417 835 1451 878 ea
1545 832 1547 836 ’

84 924 173 986 adici
203 924 315 986 mirum
339 941 400 986 non
427 933 490 1009 est,
519 926 589 988 cuni
617 921 709 985 rerba
738 940 860 1003 quoqne
877 941 950 986 *non
978 925 1044 986 sirie
1069 941 1103 985 ea
1128 924 1202 1006 sint,
1230 931 1265 986 ut
1288 941 1397 1006 rumpo
1421 933 1453 987 et
1539 931 1544 938 '

112 1035 184 1115 rupi
214 1041 246 1096 et
273 1031 400 1114 reliqua
446 1031 586 1096 similiter
613 1030 711 1094 hiems
741 1048 846 1094 carere
870 1049 890 1113 p
918 1029 1019 1094 littera
1047 1030 1151 1116 debet,
1181 1035 1251 1114 quia
1279 1035 1311 1096 in
1340 1035 1452 1096 ceteris

112 1139 237 1205 casibus
260 1157 410 1222 nusquam
434 1160 455 1223 p
479 1158 536 1204 nec
559 1139 580 1202 b
602 1142 774 1223 propinqua
798 1141 864 1202 elus
889 1131 1068 1224 respondet,
1092 1142 1157 1203 sine
1178 1139 1183 1218 Ι
1204 1159 1333 1224 quarum
1358 1139 1452 1204 altera

112 1265 267 1330 nusquam
291 1250 323 1311 in
347 1246 448 1312 latinis
472 1267 506 1311 ea
532 1251 653 1311 nomina
677 1247 877 1331 decbnoutnr,
901 1267 977 1330 qnae
997 1249 1028 1310 ln
1048 1254 1074 1324 ψ
1095 1266 1203 1330 preca
1222 1267 1294 1311 voce
1320 1250 1450 1312 elierun·
1548 1269 1552 1278 ¹

112 1367 180 1441 tnr;
203 1365 238 1420 ut
260 1359 404 1440 princeps
430 1365 460 1420 et
483 1357 619 1441 caelebs,
642 1359 712 1439 quia
736 1359 884 1440 principis
908 1365 938 1419 et
963 1355 1086 1420 caelibis
1110 1355 1264 1420 scribitur.

74 1487 99 1526 ιο
207 1463 275 1528 Non
301 1465 495 1530 mediocriter
516 1473 643 1548 peccant
663 1467 752 1529 etiam
773 1467 825 1547 qui
845 1466 977 1528 iormoso
997 1484 1017 1529 n
1037 1465 1169 1528 litteram
1188 1471 1356 1528 assumunt
1390 1483 1451 1527 non

112 1576 210 1656 magis
235 1575 317 1637 eninr
340 1574 415 1637 baec
438 1573 538 1637 littera
567 1572 638 1638 huic
667 1575 783 1638 nomini
811 1576 983 1637 necessaria
1007 1583 1054 1637 est
1077 1591 1166 1655 qnam
1195 1572 1341 1657 glorioso,
1369 1571 1449 1655 qnod

6 1699 7 1748 ι
112 1681 254 1766 aglon-ia
283 1685 379 1746 venit·
406 1685 447 1745 ita
476 1692 510 1747 nt
539 1683 689 1765 gloriosus
713 1701 730 1745 a
758 1682 866 1765 gloria,
896 1682 1047 1746 iormosns
1070 1702 1088 1746 ιι
1112 1683 1217 1745 iorma.
1264 1700 1321 1744 nec
1350 1683 1450 1744 minim

19 1795 25 1809 '
113 1791 262 1855 falluntur
285 1793 338 1873 qui
362 1790 543 1855 Mezentium
568 1811 623 1873 per
647 1790 707 1854 duo
730 1810 746 1853 z
771 1788 911 1854 scribunt
934 1793 1109 1872 ignorantes
1138 1789 1290 1873 duplicem
1318 1788 1450 1853 litteram
1573 1819 1575 1824 ·

6 1911 7 1950 i
113 1919 175 1963 non
200 1899 313 1963 debere
332 1903 489 1982 geminari,
512 1917 693 1982 quamquam
714 1895 835 1980 qnidam
855 1898 997 1981 colligant
1015 1898 1169 1982 duplicem
1188 1917 1248 1962 non
1268 1915 1345 1961 esse.
1380 1916 1448 1960 can·
1558 1886 1567 1895 ’

75 2029 100 2068 ιι
114 2026 180 2071 sam
204 2010 278 2071 item
303 2026 320 2070 a
343 2007 447 2071 multis
472 2010 535 2070 scio
558 2026 615 2090 per
639 2006 698 2070 dno
719 2025 733 2067 s
755 2004 847 2067 scribi
873 2017 933 2068 non
958 2005 1184 2070 attendentibus
1207 2007 1285 2069 hanc
1309 2006 1476 2088 litteram„

5 2050 7 2180 i
112 2127 148 2180 ut
171 2117 264 2179 etiam
288 2125 445 2196 cognatam
468 2115 549 2180 illius
568 2135 593 2198 r,
618 2117 675 2178 nisi
699 2112 900 2196 praecedente
922 2114 1016 2177 vocali
1035 2125 1174 2197 correpta
1195 2135 1255 2177 non
1280 2113 1379 2177 solere
1399 2132 1448 2195 ge·

113 2227 233 2308 minari,
256 2233 288 2286 et
310 2233 477 2309 praeterea,
500 2227 644 2313 quotiens
666 2222 846 2317 productam
872 2221 1003 2284 vocalem
1024 2221 1073 2302 [ιι]
1094 2232 1249 2305 sequatur,
1272 2225 1304 2284 in
1324 2221 1380 2284 ltac
1401 2239 1448 2284 so·

111 2332 176 2396 lere
201 2331 343 2396 desinere
368 2331 497 2416 syllabae
522 2351 641 2416 sonum,
665 2343 700 2395 ut
717 2334 749 2394 in
768 2331 876 2414 plausu
897 2325 927 2394 et
946 2330 1024 2394 lusu.
1062 2333 1104 2395 ita
1128 2349 1198 2394 cnm
1217 2332 1249 2393 in
1268 2329 1324 2392 hac
1343 2333 1448 2410 utique
1567 2373 1576 2387 .

112 2441 216 2504 littera
234 2443 303 2504 eius
322 2441 404 2505 modi
427 2439 607 2524 syllabarum
626 2441 707 2505 tiniri
727 2458 822 2502 sonas
845 2437 961 2521 debeat,
986 2457 1151 2521 numquam
1172 2448 1273 2503 autern
1293 2458 1309 2502 a
1329 2441 1447 2522 gentina

5 2617 11 2636 Ι
74 2549 174 2612 nulla
199 2549 311 2632 syllaba
335 2551 473 2634 incipiat,
502 2559 627 2633 apparet
651 2567 772 2612 causano
796 2549 982 2629 geminatum
1006 2567 1020 2612 s
1045 2566 1105 2611 non
1130 2551 1282 2632 recipere,
1305 2551 1447 2631 quoniam

113 2676 213 2740 neque
237 2660 268 2721 ln
293 2659 353 2720 line
380 2658 590 2740 praecedentis
618 2657 747 2740 syllabae
777 2655 906 2719 alterum
934 2665 1036 2739 potest
1064 2659 1136 2739 poni
1166 2677 1263 2740 neque
1288 2676 1304 2720 a
1327 2660 1447 2740 gemino

114 2794 291 2802 ο--υ-
305 2795 332 2802 -0

204 2850 333 2908 abieras
349 2867 380 2920 p.
399 2855 448 2917 27,
466 2857 500 2907 11
576 2859 593 2905 ti
611 2847 744 2920 princeps
758 2866 789 2918 p.
809 2853 854 2914 11,
875 2853 891 2904 7

205 3018 1189 3094 1stpliberaPattscltius‚etplBeipethetpetbo
1271 3023 1450 3094 sumptosel

112 3104 248 3176 demptus
262 3105 389 3175 emptus,
403 3103 450 3160 sad
465 3118 481 3159 e
496 3105 527 3159 ia
540 3120 565 3159 a.
581 3103 696 3172 emptus
709 3115 766 3156 ras.
784 3098 819 3169 P,
838 3103 969 3170 sumplus
983 3100 1116 3174 demptus
1131 3106 1262 3174 comptus
1275 3103 1304 3160 Β
1318 3106 1448 3176 sumptos

4 3251 5 3264 χ
113 3189 142 3242 et
159 3185 297 3257 demptas
314 3188 445 3258 comptus
464 3205 487 3240 a
561 3181 718 3238 sessuris
737 3201 759 3238 o
779 3185 904 3238 ceterum
923 3183 987 3238 BP
1025 3185 1033 3194 ‘
1059 3184 1218 3242 adicimus
1238 3187 1268 3241 et
1285 3201 1337 3242 ona.
1356 3185 1447 3240 BPa

185 3265 318 3322 &incia
340 3265 435 3322 uerbis
459 3264 548 3335 (nerb'
568 3263 607 3334 Β)
631 3279 808 3335 superuacuo
826 3262 890 3318 BP
911 3265 1040 3322 detracta
1058 3282 1077 3337 p
1096 3268 1130 3320 ut
1152 3281 1329 3337 superuacua
1352 3287 1374 3321 o

112 3346 311 3404 tnddiciatnr
331 3345 360 3400 P
448 3346 650 3416 nsm'rnpiam
667 3343 745 3400 enirn
763 3363 828 3401 cum
848 3362 882 3401 ea
902 3345 931 3400 P
947 3361 1014 3402 nam
1032 3349 1149 3418 rupium
1167 3365 1196 3401 ιιι
1216 3363 1280 3402 cum
1299 3361 1335 3402 aa
1352 3367 1374 3401 ιι

113 3435 207 3484 anon
226 3426 394 3501 mirum-est
414 3427 468 3481 Pa
549 3425 733 3498 'abrumpol
753 3431 902 3498 etrnmpo
922 3426 1011 3482 BPa
1108 3428 1256 3498 dbiemps
1275 3427 1311 3482 Β.
1333 3427 1472 3484 maden.

111 3509 278 3564 mantiam
298 3507 429 3564 Caesellio
448 3507 548 3564 tribuit
569 3506 749 3601 Papirianam
767 3510 845 3578 apud
865 3508 989 3565 Cassiod.
1002 3511 1125 3578 11:2292
1195 3525 1290 3565 carere
1306 3529 1327 3563 ω
1347 3525 1447 3580 parere

112 3588 178 3644 BP
250 3589 416 3680 plillersrn
434 3588 463 3643 B
542 3589 611 3658 quia
628 3587 658 3644 in
677 3588 789 3645 csdbm
809 3609 830 3643 a
851 3589 919 3659 qnia
937 3589 968 3646 in
987 3590 1115 3647 uersibus
1134 3589 1204 3660 BP,
1224 3592 1271 3646 sed
1290 3591 1314 3645 si
1333 3607 1390 3647 ras.
1408 3589 1446 3648 B.
1550 3649 1554 3656 .

111 3671 232 3738 soriam
250 3668 320 3740 qnia
337 3667 367 3723 in
387 3666 519 3724 omnibns
533 3669 659 3725 casibus·
679 3669 714 3737 ci.
725 3667 855 3724 Cassiod
870 3669 921 3727 io.
997 3671 1179 3742 irespondii
1194 3672 1222 3726 P
1295 3672 1448 3740 Ssortasse

112 3749 256 3807 abatinb
319 3749 510 3820 inygrecarn
524 3765 625 3806 nocem
639 3749 717 3806 Bm
736 3765 869 3820 grseosm
882 3765 982 3806 nocem
999 3749 1053 3806 Pa
1118 3750 1248 3807 acelebs
1264 3751 1293 3806 P
1311 3752 1404 3825 celeps
1418 3752 1447 3807 B

112 3831 228 3890 coelebs
246 3851 269 3886 a
358 3830 457 3888 celibis
476 3831 541 3886 BP
557 3830 675 3888 coelibis
695 3851 717 3886 ω
807 3839 840 3887 10
859 3833 1007 3887 assumant
1028 3831 1081 3885 Po
1161 3837 1194 3886 12
1213 3833 1332 3900 sortasse
1349 3834 1446 3904 iisque

113 3919 146 3972 nt
163 3911 307 3986 gloriosos
326 3911 466 3985 agionis,
487 3911 528 3968 sic
547 3913 687 3969 formosus
706 3929 724 3968 e
742 3913 835 3970 iorrna
908 3913 938 3966 et
955 3910 1095 3968 formosus
1114 3933 1136 3968 a
1212 3919 1244 3968 1³
1264 3913 1447 3972 Melleniinm

712 4006 759 4036 iton

113 4067 164 4120 par
183 4047 242 4105 dno
256 4049 271 4103 t
285 4045 413 4102 scribunt
429 4047 457 4102 P
530 4054 563 4104 14
582 4046 727 4118 duplicem
742 4063 803 4104 esso
821 4047 850 4102 B
870 4047 937 4116 (non
951 4063 1086 4118 sstpmecr·
1102 4047 1131 4118 b)
1206 4053 1239 4103 ta
1259 4064 1341 4105 aona.
1356 4047 1445 4102 BPo

166 4148 221 4202 per
239 4128 296 4185 dno
316 4145 343 4182 ss
363 4123 448 4182 scribi
468 4130 501 4183 nt
520 4145 577 4184 non
595 4127 810 4184 attendentibus
830 4149 852 4183 co
871 4145 923 4199 per
940 4128 996 4184 dno
1015 4146 1035 4182 ιι
1053 4125 1140 4184 scribi
1158 4146 1214 4185 non
1232 4127 1447 4185 attendentibus

114 4210 143 4267 P
160 4229 213 4284 per
232 4211 290 4266 dno
308 4205 330 4262 ii
349 4205 435 4264 scribi
453 4211 486 4264 nt
503 4227 560 4264 non
578 4207 846 4266 standandona
939 4215 972 4265 16
992 4207 1047 4266 nisi
1066 4213 1196 4282 correpta
1214 4209 1308 4266 uocati
1333 4225 1446 4280 praece·

112 4293 248 4351 dentibus
268 4287 468 4363 (praecedente
488 4293 521 4360 o)
540 4305 598 4345 non
618 4287 672 4344 Po
755 4289 799 4348 'ta
819 4291 979 4364 praeterea]
998 4293 1151 4363 propterea
1170 4311 1191 4345 o
1278 4291 1408 4348 uocalem
1427 4310 1447 4348 ιι

113 4379 250 4448 sequetur
268 4373 324 4428 Bo
344 4371 475 4429 trocaleos
493 4387 512 4426 ιι
531 4371 660 4443 sequitur
676 4371 709 4427 P.
738 4375 825 4430 scribi
839 4377 951 4446 poterat
969 4391 988 4428 ιι
1006 4373 1054 4428 rel
1072 4389 1116 4427 au
1154 4371 1202 4426 sed
1225 4373 1326 4426 rectius
1348 4371 1446 4428 delebi-

113 4463 161 4514 tur
173 4475 207 4526 n,
227 4461 260 4511 ai
277 4455 351 4511 hanc
365 4469 471 4525 quoqne
483 4453 608 4524 repetam
621 4455 788 4523 normaliter
800 4457 930 4512 misterii
943 4454 1148 4526 marnmaticas.
1173 4453 1341 4522 prodactam
1355 4459 1447 4510 antem

113 4539 232 4597 vocalem
251 4537 329 4594 dicit
346 4541 372 4591 et
389 4535 540 4606 siotpla'ccm
560 4540 585 4591 et
603 4535 817 4607 dipbtltanpnm:
836 4537 872 4605 ci.
893 4535 949 4592 Vei.
968 4535 1058 4605 Lana.
1076 4551 1103 4603 p.
1123 4538 1205 4590 2238
1278 4533 1308 4590 in
1327 4533 1393 4607 hac]
1417 4533 1447 4590 in

114 4621 143 4678 id
161 4620 252 4678 BPo
344 4621 377 4673 ts
398 4617 511 4692 ιοιιιιιιι]
531 4635 562 4674 ιο
579 4620 584 4688 Ι
600 4635 668 4676 sono
688 4620 730 4690 (so
750 4621 782 4674 in
799 4619 978 4688 tineamus)
996 4616 1024 4671 B
1116 4613 1196 4670 utin
1215 4615 1317 4686 plausu
1336 4615 1446 4672 allusu

114 4705 143 4760 el
161 4703 265 4775 plausu
283 4697 343 4756 aaP
418 4719 425 4736 ·
451 4697 495 4756 ibo
519 4705 567 4755 eni
591 4697 621 4753 in
640 4697 812 4769 baculique
833 4698 944 4769 (utique
962 4713 1018 4752 ros.
1038 4697 1064 4764 b)
1084 4695 1182 4750 littera
1199 4695 1228 4750 B
1246 4695 1289 4752 iba
1307 4713 1371 4752 cnm
1390 4697 1445 4753 boc

114 4835 211 4906 utique
229 4833 329 4892 littera
350 4833 405 4888 Po
478 4790 627 4905 apiareiB
646 4831 830 4903 (pauperare.
850 4832 900 4899 ὁ),
962 4837 995 4886 21
1016 4801 1252 4901 praecedentibus
1271 4829 1398 4901 syllabae
1420 4829 1448 4886 P
