3590 5486
361 315 430 384 250
796 321 799 328 ·
966 313 1091 394 acone

361 430 383 469 p.
398 419 460 462 2³12.
476 417 502 460 id
516 417 541 458 1³.

361 503 495 586 Prosper
518 501 733 584 conglutinatis

524 611 609 684 bulc
632 611 752 696 homo,
775 613 806 675 si
829 619 932 674 recte
957 610 1169 694 famulatur,
1195 615 1384 696 proximus
1407 613 1551 676 haeret:

244 709 248 716 ¹
362 720 446 784 blaro
471 739 487 784 e
512 729 543 784 et
565 723 576 784 i
600 722 771 784 coniunctis

525 829 652 911 Tityre
677 837 873 912 pascentes
897 849 914 892 a
939 829 1090 893 llumine
1115 833 1217 895 reice
1241 831 1418 913 capellas,

334 983 339 994 .
363 938 443 1003 idem
467 937 538 1002 alibi
562 939 709 1002 seiunctis
731 939 814 1002 iuxta
839 947 977 1002 naturam

429 1129 432 1136 ⁴
526 1049 626 1110 reice
650 1065 692 1110 ne
717 1046 869 1110 maculis
894 1041 1063 1112 inirrscet'
1081 1048 1221 1112 vellera
1244 1048 1366 1131 pullis.

363 1157 474 1239 iungit,
498 1157 529 1218 ni
554 1153 648 1239 iallor,
672 1164 703 1218 et
726 1154 870 1218 Paulinus
894 1155 1028 1238 easdem,
1052 1155 1169 1221 ubisit

526 1272 581 1328 ast
604 1263 668 1327 alil
691 1265 805 1346 pictis
828 1264 1039 1328 accendunt
1062 1264 1196 1329 lumina
1220 1268 1355 1349 cereis,

367 1375 425 1437 nisi
449 1372 527 1436 iorte
552 1371 704 1455 dactylum
727 1375 758 1436 in
778 1373 883 1436 ultima
904 1391 1010 1436 versus
1030 1375 1155 1455 regione
1174 1381 1280 1438 contra
1299 1391 1415 1436 morem
1439 1376 1579 1456 posuisse
1599 1373 1705 1436 dicen·

362 1483 421 1546 dus
444 1493 500 1546 est
1721 1499 1744 1538 ιι

462 1590 581 1672 Recipit
609 1598 640 1653 et
669 1609 684 1652 r
715 1589 815 1654 littera
844 1588 1027 1654 solutionem
1057 1593 1194 1672 quamvls
1222 1591 1329 1654 ordine
1359 1591 1506 1655 dissimili
1548 1591 1591 1655 ibi
1620 1593 1706 1654 enlm

365 1699 501 1764 discissis
529 1700 591 1762 sire
621 1698 836 1780 conglutinatis
861 1697 1014 1762 vocalibus
1037 1698 1149 1782 syllaba
1180 1710 1286 1764 contra
1310 1711 1448 1764 naturam
1472 1709 1524 1764 aut
1551 1700 1705 1763 adcrescit

363 1819 416 1872 ant
442 1810 560 1892 interit3
591 1808 640 1872 bic
669 1818 769 1872 autem
799 1827 834 1872 ea
863 1808 957 1872 vocali
985 1827 1062 1890 «puae
1090 1827 1281 1890 nequequam
1311 1809 1460 1894 adscripta
1489 1817 1537 1873 est
1564 1811 1598 1872 in
1628 1827 1705 1871 sono

363 1919 446 1980 vocis
470 1916 629 2000 adsumpta
654 1935 747 2000 super
770 1917 949 1980 adcrescere
974 1926 1091 1981 tantum
1115 1916 1228 1999 syllaba
1252 1921 1423 2002 consuerit,
1447 1926 1481 1982 nt

526 2025 584 2089 illi
607 2027 786 2090 continno
810 2034 979 2091 statuunt
1003 2027 1174 2090 terdena
1198 2029 1357 2109 argenti,
1499 2061 1503 2069 ·
1718 2041 1743 2082 rs

364 2144 395 2197 et
419 2134 568 2198 Paulinus
1284 2141 1292 2157 '

528 2252 563 2307 et
586 2245 697 2326 spatii
720 2255 878 2326 coepere
902 2252 939 2307 et
962 2241 1134 2306 culminis
1157 2245 1400 2325 incrementa,

363 2361 395 2414 et
418 2369 526 2414 rursus
1103 2341 1105 2346 ’

527 2461 580 2523 sic
603 2477 731 2542 prope,
755 2461 807 2522 sic
831 2459 941 2542 louge
965 2462 1037 2524 sita
1060 2458 1221 2524 culmina
1245 2459 1500 2543 respergebat,

365 2576 396 2630 et
419 2567 559 2631 Prudens
582 2570 613 2630 ln
638 2566 873 2650 Psycbomacbia

365 2793 396 2847 ei
420 2785 500 2848 idem
524 2787 555 2848 ln
580 2784 684 2850 eadem

527 2895 684 2978 palpitat
707 2905 815 2978 atque
839 2895 941 2958 aditu
965 2897 1179 2978 spiraminis
1203 2897 1419 2977 intercepto.
1460 2951 1464 2960 .

366 3021 465 3084 neque
489 3005 570 3066 enim
595 3006 627 3068 in
650 3007 755 3088 quinta
779 3007 903 3087 regione
923 3023 1029 3068 versus
1052 3004 1168 3068 heroici
1192 3005 1361 3088 spondeum
1380 3023 1493 3088 ponere
1514 3006 1608 3067 moris
1628 3013 1702 3067 erat.

366 3110 419 3173 sed
443 3113 483 3174 ita
508 3122 609 3178 tamen
633 3132 739 3176 versus
763 3113 854 3178 huius
879 3113 960 3176 modi
985 3112 1053 3175 illos
1072 3112 1218 3176 scandere
1238 3113 1369 3176 voluisse
1389 3131 1469 3196 reor,
1492 3122 1527 3176 ut
1550 3112 1650 3176 addita
1671 3115 1702 3177 in
1716 3129 1742 3170 ss

365 3237 440 3282 sono
459 3219 563 3304 vocali,
583 3239 673 3303 quam
694 3239 753 3284 non
774 3221 963 3303 scribebant,
983 3220 1119 3304 dactylus
1137 3223 1239 3304 potius
1260 3241 1350 3303 quarn
1371 3221 1525 3304 spondeus
1547 3225 1704 3306 existeret,

365 3328 449 3392 verbi
477 3331 572 3411 gratia
600 3331 796 3415 intericepto,
821 3327 826 3412 Ι
850 3333 1071 3412 incerementu,
1104 3331 1316 3414 interelectae,
1349 3329 1557 3412 resperigebat
1585 3341 1618 3394 et
1646 3351 1704 3413 per

338 3437 548 3520 'synalipbam
580 3438 778 3521 denarigenti.
822 3437 903 3520 quod
934 3438 1002 3501 ideo
1033 3440 1127 3519 magis
1157 3437 1295 3501 rlittera
1326 3457 1415 3521 quam
1446 3448 1565 3501 ceterae
1595 3457 1703 3501 censo·

366 3554 471 3608 nautes
495 3550 618 3631 patitur,
642 3550 813 3630 quisquae
839 3547 946 3610 durius
976 3546 1154 3610 naturaliter
1174 3557 1261 3610 sonat
1285 3547 1390 3610 durior
1409 3547 1551 3630 efficitur,
1574 3565 1645 3610 cnm
1665 3547 1703 3609 ab

366 3655 432 3717 aliis
456 3657 693 3720 consonantibus
717 3659 882 3740 excipitur3
906 3665 996 3737 atque
1021 3655 1089 3720 ideo
1114 3674 1207 3719 sonus
1233 3659 1260 3718 ei
1285 3655 1394 3719 vocalis
1418 3655 1590 3738 adponitur,
1613 3659 1703 3719 cuius
1717 3672 1743 3713 ao

367 3773 604 3847 temperamento
620 3769 685 3829 eius
705 3766 853 3847 levigetur
868 3766 1024 3846 asperitas.
1054 3763 1135 3845 quod
1154 3767 1245 3826 etiam
1265 3768 1297 3827 in
1313 3763 1472 3827 cantilenis
1486 3763 1704 3828 ecclesiasticis

366 3890 456 3955 saepe
480 3875 511 3935 iu
536 3874 641 3936 eadem
660 3894 677 3937 r
699 3874 800 3938 littera
825 3876 924 3937 lacere
949 3881 1137 3935 consuerunt
1160 3875 1213 3954 qui
1237 3871 1482 3955 antiphonasrel
1507 3875 1703 3955 responsoria

243 4053 246 4058 ¹
368 3980 412 4043 vel
437 3991 538 4045 cetera
561 3982 653 4045 buius
677 3984 772 4065 modi,
796 4001 873 4064 quae
898 3999 969 4044 cum
993 3980 1122 4043 melodia
1146 3981 1299 4060 dicuntur,
1323 3984 1381 4044 rite
1406 3982 1508 4044 dicere
1532 3990 1654 4044 norunt

372 4089 588 4099 ὴ.-

460 4135 472 4184 1
495 4129 706 4202 conglutinatas
725 4129 753 4184 L
844 4135 861 4184 4
880 4130 973 4199 ietyrs
993 4127 1036 4184 F:
1061 4127 1140 4201 Verp.
1161 4131 1247 4188 bucol.
1268 4135 1296 4197 3,
1314 4135 1367 4186 96.-
1385 4127 1420 4196 σί.
1440 4127 1550 4184 Audax
1567 4128 1600 4184 dc
1618 4127 1703 4199 sylla·

369 4210 420 4266 bis.
426 4227 457 4281 p.
478 4215 496 4266 9
581 4209 696 4267 biuxla
713 4213 846 4268 saturem
864 4207 999 4266 seiunctis
1020 4209 1046 4265 L
1135 4218 1150 4266 a
1169 4211 1257 4284 reice]
1283 4211 1362 4283 Verg.
1381 4226 1471 4281 georg.
1491 4209 1556 4264 III
1572 4213 1629 4265 389

367 4297 383 4346 8
403 4289 495 4362 pietas
514 4289 541 4347 L
608 4291 766 4348 accendant
786 4291 817 4346 F
870 4290 955 4346 certis
974 4307 1044 4347 corr.
1064 4291 1154 4348 cereis
1174 4291 1206 4346 F
1269 4297 1303 4347 14
1322 4294 1436 4346 tuntum
1455 4289 1516 4344 FL
1534 4293 1632 4344 temen
1651 4289 1705 4349 sP

422 4377 455 4428 15
476 4372 599 4445 erigenti
618 4373 650 4428 F
732 4379 765 4429 tt
784 4373 977 4430 interemeris
997 4372 1029 4427 F
1105 4379 1138 4429 19
1158 4373 1353 4444 resperigebat
1372 4373 1459 4427 deleto
1477 4372 1488 4427 i
1507 4372 1601 4426 littero
1619 4369 1651 4426 'F

368 4459 401 4508 st
422 4453 494 4510 bsee
512 4469 564 4509 om.
583 4454 652 4522 FP,
671 4455 735 4512 odd.
755 4454 783 4510 L
856 4451 1035 4510 interiieetae
1054 4452 1086 4509 F
1162 4457 1197 4510 28
1217 4452 1311 4510 editus
1332 4452 1360 4508 P
1428 4451 1598 4522 intericeptc
1619 4451 1650 4506 F

368 4539 404 4589 tt
423 4533 552 4590 additum
566 4535 596 4592 in
611 4554 681 4595 sono
695 4536 826 4595 uocelam
841 4535 868 4590 L
923 4540 957 4590 26
977 4534 1119 4605 spondeus
1135 4534 1269 4592 existeret
1284 4535 1310 4589 L
1330 4534 1464 4591 existeret
1481 4533 1623 4605 spondens
1638 4532 1705 4589 FP

424 4620 458 4669 il
477 4616 569 4689 verbi]
596 4618 684 4674 uerba
702 4616 734 4673 F
823 4615 999 4687 interecepto
1023 4615 1214 4672 interemenia
1233 4615 1259 4671 L
1351 4623 1386 4671 ‘28
1411 4615 1593 4672 consonantis
1619 4613 1651 4670 F

369 4701 404 4750 tu
424 4694 533 4767 patitur
551 4697 579 4753 L
597 4697 747 4770 patiuntur
766 4697 831 4753 FP
893 4713 967 4767 quse
987 4697 1085 4752 durim
1104 4698 1131 4753 L
1152 4715 1225 4768 quse
1244 4696 1357 4752 domum
1377 4695 1408 4751 F
1427 4713 1499 4766 quae
1514 4695 1583 4752 dure
1602 4697 1654 4756 sP

370 4782 404 4832 ³1
426 4775 578 4852 levigetur]
602 4779 698 4850 ieuigs
717 4782 747 4835 et
766 4776 797 4835 F
868 4785 903 4834 32
922 4798 937 4832 r
955 4795 1006 4834 om.
1026 4778 1067 4846 L,
1086 4780 1152 4837 odd.
1172 4779 1235 4834 FP
1304 4777 1452 4833 entelanes
1470 4777 1502 4832 F
1573 4783 1608 4833 ³3
1629 4795 1703 4850 quae

370 4875 435 4916 eum
454 4859 579 4918 melodis
597 4861 624 4916 L
643 4877 716 4930 quse
735 4861 860 4917 melodis
879 4859 907 4914 P
922 4874 995 4930 quse
1015 4875 1079 4915 cum
1098 4860 1224 4918 melodia
1243 4859 1290 4915 uel
1309 4861 1405 4916 cetera
1425 4857 1455 4914 F
