3590 5486
581 308 630 366 oa
648 307 750 366 sarta
769 307 939 366 muratos
1001 384 1004 388 ¹
1358 309 1426 376 235

123 411 186 453 saer.
201 411 229 453 ss
243 411 269 452 a.

86 422 145 560 :ab
164 496 285 560 diverse
304 499 334 559 in
360 495 460 560 verbis
479 506 648 579 ponuntur:
672 516 740 560 nam
759 499 976 580 corripiuntur,
997 514 1066 560 cuna
1090 497 1256 561 arescendo
1280 496 1423 600 disyllaba

87 605 238 689 reddunt,
262 613 296 667 ιιι
318 603 380 667 adit
403 603 467 667 obit
490 606 547 668 init
570 605 666 689 subit3
688 605 899 670 indifferenter
919 613 1006 686 sunt,
1030 623 1099 668 cum
1124 605 1276 687 trisyllaba
1301 607 1424 689 incitant,

87 721 122 776 ut
145 713 238 776 adicit
257 712 350 775 obicit
373 714 459 776 inicit
486 713 613 798 subicit,
636 714 850 797 producuntur
869 719 1000 796 tantum,
1024 731 1094 774 cum
1118 711 1308 796 tetrasyllaba
1333 734 1369 778 ea
1389 735 1422 778 se

86 821 234 903 reddunt,
256 828 292 884 ut
315 822 411 884 adicio
430 820 530 884 obicio
553 824 644 887 inicio
670 823 796 902 subicio.
833 825 906 886 item
929 821 1142 904 producuntur
1170 839 1247 904 quae
1272 841 1327 905 per
1351 842 1422 906 prae

61 940 118 998 set
140 949 198 1012 per
221 949 299 1013 quae
323 931 353 993 in
378 933 484 1013 primis
504 931 625 1014 opilabis
649 931 840 1014 scribuntur3
865 930 1041 994 breviantur
1060 949 1131 994 vero
1156 934 1288 1014 pretinm
1313 951 1423 1015 precor

87 1056 193 1120 premo
217 1036 373 1120 prebendo
398 1049 429 1102 et
452 1059 578 1125 queror,
602 1041 659 1104 boc
683 1050 730 1104 est
753 1039 908 1123 querelam
932 1041 1065 1124 depono,
1089 1051 1215 1124 atquae
1235 1061 1270 1106 ex
1297 1041 1343 1104 liis
1368 1061 1423 1122 per

86 1146 305 1210 derivationem
326 1147 371 1210 vel
391 1147 623 1213 declinationem
643 1149 689 1212 vel
709 1151 960 1232 compositionem
979 1151 1046 1214 liert
1068 1160 1198 1234 possunt
1218 1161 1249 1213 et
1273 1169 1332 1232 qvto
1352 1169 1422 1212 oon·

15 1293 19 1310 ι
86 1257 212 1318 iunctio.
250 1258 323 1319 item
342 1265 448 1320 contra
467 1257 643 1322 breviantur
663 1277 698 1321 ex
719 1257 815 1322 isdem
840 1259 1116 1342 praepositionibus
1140 1261 1171 1322 in
1195 1261 1424 1341 compositione,

87 1375 121 1426 ιιι
140 1363 251 1427 debinc
271 1364 427 1448 proiectus
445 1367 603 1450 protessus
620 1367 764 1450 protusus
781 1367 919 1449 prolatas
935 1385 1066 1450 proavus
1084 1385 1240 1450 pronepos
1261 1377 1292 1432 et
1312 1377 1422 1430 actara.

53 1501 75 1542 n
180 1472 259 1536 Sunt
292 1475 364 1536 item
393 1472 543 1555 aliquanta
571 1474 663 1538 verba
696 1483 773 1558 quae
806 1477 919 1560 primas
948 1475 1075 1558 syllabas
1104 1483 1274 1559 temporum
1307 1477 1423 1538 ratione

89 1591 277 1674 permutant,
305 1600 381 1664 quae
406 1581 513 1647 subter
537 1583 661 1648 collecta
691 1587 828 1648 inomni
856 1587 1022 1668 praeterito
1050 1587 1187 1669 perlecta
1212 1585 1257 1647 vel
1286 1587 1424 1648 inomni

88 1693 254 1773 praeterito
282 1691 579 1775 plusquamperfecto
608 1693 654 1758 vel
687 1696 719 1756 iu
747 1713 808 1757 uno
844 1694 948 1757 lutuno
978 1693 1058 1758 modi
1093 1703 1208 1757 tantum
1238 1695 1424 1757 coniunctivl

89 1799 315 1883 producuntur,
343 1801 374 1862 iu
403 1801 515 1864 ceteris
542 1811 644 1865 autem
674 1802 771 1866 modis
800 1812 830 1864 et
860 1801 1047 1884 temporibus
1075 1801 1265 1886 breviantur,
1295 1811 1329 1866 ut
1352 1812 1424 1866 sunt

89 1906 176 1990 baec,
201 1907 268 1990 lego
292 1907 350 1990 legi
375 1927 443 1972 cum
464 1908 580 1992 legero,
604 1909 688 1972 iareo
714 1909 995 1992 taurominitano,
1020 1911 1106 1971 venio
1127 1910 1195 1972 verri
1213 1927 1283 1972 cunr
1302 1928 1424 1994 venero,

54 2042 76 2084 u
91 2015 170 2098 largio
195 2016 259 2098 turgt
278 2036 348 2080 cum
368 2017 488 2101 iugem,
513 2019 589 2082 iaeio
610 2020 667 2082 leci
687 2039 757 2083 curn
779 2019 895 2104 ieeero,
914 2017 1005 2082 sedeo
1026 2019 1092 2081 sedi
1110 2036 1180 2081 cum
1200 2017 1322 2104 sedero,
1343 2019 1422 2080 ladio

91 2124 150 2187 lodi
179 2145 249 2192 cum
279 2125 397 2210 iodero,
427 2125 513 2188 video
541 2126 603 2190 vidi
630 2146 699 2190 curu
725 2126 842 2212 videro,
871 2146 964 2190 voveo
990 2129 1055 2190 vovi
1084 2144 1154 2190 oum
1184 2146 1307 2210 vovero,
1337 2128 1423 2190 ioveo

90 2232 148 2296 iovi
172 2252 243 2296 otvm
267 2234 384 2318 lavero,
407 2237 477 2298 iuro
497 2237 558 2298 iuvi
578 2253 648 2299 cum
667 2237 787 2318 iuvero,
810 2255 867 2318 ago
887 2238 935 2316 egi
958 2253 1028 2298 cum
1048 2253 1154 2317 egero,
1178 2253 1245 2296 emo
1270 2237 1329 2298 emi
1353 2255 1423 2299 cnm

89 2361 206 2426 emero,
230 2341 294 2405 lavo
317 2341 375 2406 lavi
399 2363 469 2407 oum
491 2343 606 2427 lavero,
637 2344 705 2407 odio
730 2345 779 2406 odi
804 2363 872 2407 otim
897 2343 1005 2427 mero,
1033 2362 1102 2406 sero
1126 2345 1189 2406 sevi
1214 2362 1284 2407 oum
1308 2363 1424 2426 severo,

90 2453 154 2514 sino
173 2453 231 2514 sivi
251 2470 319 2514 oum
339 2455 454 2536 sivero,
478 2451 565 2534 [cavo
585 2453 651 2515 ceri
669 2472 738 2516 cum
759 2451 881 2533 covoro]
907 2471 997 2515 caveo
1017 2455 1081 2514 cari
1101 2471 1170 2514 cum
1195 2471 1312 2516 cavero.
1351 2455 1424 2516 item
1533 2531 1537 2538 .

55 2585 78 2625 sa
91 2569 195 2624 cantra
220 2561 417 2624 inveniuntur
436 2579 513 2644 qvtse
538 2564 569 2625 in
593 2564 746 2646 praesenti
771 2572 906 2644 ternpore
930 2559 1077 2644 producta
1098 2569 1169 2623 suan
1189 2569 1219 2624 et
1238 2562 1269 2624 in
1289 2571 1422 2644 praetor-

89 2671 129 2732 ito
157 2668 348 2754 breviantur,
377 2679 411 2733 ιιι
435 2678 506 2733 snut
530 2669 616 2754 baec,
646 2689 725 2754 pono
749 2671 851 2754 posui,
875 2687 950 2752 cogo
975 2669 1074 2752 coegi,
1098 2668 1136 2730 do
1160 2667 1245 2754 dedi,
1268 2679 1316 2732 sto
1340 2671 1419 2732 steti.

89 2781 159 2841 item
176 2781 289 2841 omnia
317 2777 408 2841 verba
440 2797 517 2860 quae
551 2779 582 2841 in
614 2779 787 2861 praeteritis
819 2787 888 2841 ante
917 2785 1059 2840 creseunt
1098 2779 1130 2840 ia
1164 2779 1270 2860 primis
1287 2776 1422 2861 syllabis

90 2884 273 2962 breviantur,
292 2897 328 2951 ut
345 2887 445 2971 pendo
464 2888 610 2972 pependi,
629 2888 741 2951 tondeo
761 2886 892 2970 totondi,
911 2906 1003 2970 posco
1022 2889 1157 2970 poposci,
1177 2906 1268 2950 ctrrro
1289 2892 1422 2972 erraturi,

90 2996 179 3059 tendo
205 2996 334 3080 tetendi,
357 2995 436 3078 pollo
460 2997 572 3079 pepuli.
730 3073 733 3084 ι

55 3126 77 3166 rs
178 3103 255 3168 item
279 3107 310 3168 in
336 3104 435 3167 verbis
460 3123 536 3187 quae
562 3105 676 3168 eisdem
706 3105 815 3186 litteris
834 3103 1013 3168 scribuntur
1037 3103 1201 3168 notandum
1228 3105 1308 3188 qrrod
1338 3105 1425 3191 liber,

90 3216 115 3276 si
134 3213 246 3276 librum
265 3213 414 3295 sigiriiicat
434 3222 485 3276 aut
504 3213 664 3298 corticem,
683 3212 806 3275 brevem
825 3212 916 3275 babet
934 3212 968 3296 li,
988 3216 1014 3276 si
1032 3212 1177 3299 liberum,
1197 3213 1324 3296 longana.
1355 3215 1425 3298 pila,

91 3324 115 3384 si
138 3341 190 3385 vas
214 3323 377 3405 signifieat,
402 3322 519 3404 longam
545 3322 635 3385 babet
657 3325 702 3405 pi,
731 3323 757 3383 si
781 3321 954 3405 sphaeram,
983 3321 1115 3385 brevem.
1153 3341 1281 3385 securus
1305 3323 1423 3404 longam

91 3451 135 3514 sc,
164 3433 283 3494 securis
311 3429 443 3494 brevem.
487 3431 595 3495 domus
617 3425 619 3485 !
642 3429 764 3492 brevem
793 3429 845 3514 da,
875 3430 975 3513 donia,
1005 3429 1033 3492 id
1064 3439 1110 3494 est
1139 3441 1267 3515 tectum,
1296 3433 1423 3514 longam.

180 3595 195 3644 1
220 3587 350 3644 diaemae
374 3586 435 3643 FL
527 3587 670 3658 disyllaba
692 3587 792 3658 (uerba
810 3587 875 3644 add.
896 3588 916 3658 l)
940 3585 1063 3643 reddant
1081 3587 1108 3643 L
1131 3587 1303 3660 disyttaaam
1327 3591 1372 3658 (ex
1392 3606 1422 3645 se

57 3661 65 3678 '
90 3671 152 3728 add.
168 3674 203 3742 p)
224 3668 347 3726 reddunt
366 3667 433 3724 FP
450 3668 624 3741 disyllabum
643 3685 677 3723 ex
697 3685 727 3723 se
746 3666 905 3726 reddaris
997 3673 1012 3722 2
1033 3668 1227 3726 indifferentes
1247 3672 1314 3726 saut
1333 3687 1349 3730 ς

90 3751 240 3823 trisyllaba
261 3749 285 3806 L
303 3755 330 3806 et
349 3753 381 3808 in
399 3769 487 3823 maro.
508 3750 541 3806 sl’
561 3748 650 3806 uerba
669 3750 678 3804 l
697 3748 875 3818 trisyllabum
896 3747 959 3803 FP
973 3747 1154 3820 trisyllabum
1173 3767 1190 3810 ς
1269 3757 1286 3806 3
1311 3752 1344 3807 at
1362 3749 1422 3806 aui-

90 3834 128 3890 oie
141 3863 176 3876 ···
192 3832 315 3889 reddant
329 3849 381 3890 aaa.
397 3833 433 3900 P,
452 3833 551 3904 odd.p
620 3829 809 3899 tetrasyllaba
823 3828 850 3884 L
868 3829 1083 3900 tetrasyllabum
1099 3830 1151 3902 Fp
1171 3831 1422 3904 tetrasyllabum

141 3921 158 3972 d
178 3913 322 3986 praetium
340 3931 459 3986 praecor
478 3913 510 3970 F
592 3917 657 3968 det
675 3929 726 3968 ona.
747 3909 785 3978 F,
804 3911 870 3968 add.
889 3911 951 3967 LP
1031 3914 1195 3984 quaerelam
1216 3912 1247 3968 F
1323 3919 1422 3983 θρισ-

91 3993 176 4068 letas]
197 3993 339 4066 protestat
359 3995 508 4052 Patrobios
580 3998 613 4048 tt
635 3992 681 4048 vel
699 3991 729 4048 iu
747 3989 825 4047 orani
844 3991 1000 4062 praeterito
1019 3993 1298 4066 plusquamperfecto
1317 4011 1368 4050 ont.
1385 3993 1423 4061 F,

91 4078 187 4145 adds
249 4082 282 4132 ta
297 4075 504 4134 coniunctatiai
521 4075 556 4144 P,
570 4091 641 4131 corr.
657 4072 832 4129 coniunctim
846 4072 879 4127 F
942 4081 974 4130 itt
990 4079 1086 4132 autem
1101 4093 1152 4133 one.
1169 4075 1198 4131 P
1264 4072 1298 4130 it
1311 4073 1420 4146 favero]

91 4175 180 4229 prauae
200 4157 268 4230 paui
287 4175 351 4214 cam
370 4174 477 4230 paaero
497 4158 534 4216 ol.
549 4171 624 4212 mon.
639 4155 706 4210 odd.
724 4153 752 4208 P
806 4161 840 4209 tt
860 4171 923 4210 cum
940 4155 1039 4212 sedero
1058 4157 1141 4214 leaeo
1160 4155 1222 4213 ioui
1241 4173 1304 4211 cum
1323 4153 1421 4210 ioaero
1457 4195 1460 4202 .

91 4239 172 4296 uideo
192 4237 253 4295 uidi
272 4257 337 4295 cam
356 4237 456 4296 uidero
476 4255 566 4296 aenea
586 4237 655 4294 aoai
674 4254 738 4294 cam
757 4252 863 4292 uouere
881 4235 959 4293 fodio
979 4236 1121 4296 lodicum
1140 4236 1238 4293 fodero
1257 4236 1324 4291 iuao
1343 4234 1372 4288 P

91 4321 179 4394 iodio]
200 4318 283 4377 iodea
303 4319 335 4376 F
412 4325 445 4376 16
464 4336 556 4376 uoueo
576 4319 644 4374 uoui
663 4336 727 4374 eam
747 4318 845 4376 ioaero
865 4316 933 4372 iaao
953 4317 984 4373 F
1059 4319 1142 4374 loveo
1162 4316 1223 4375 iovi
1241 4335 1306 4373 cam
1324 4315 1422 4372 iovero

91 4421 140 4459 orn.
160 4401 201 4469 L,
219 4401 285 4458 add.
306 4403 316 4458 l
399 4407 432 4458 18
451 4401 517 4456 labo
537 4397 596 4455 lsai
615 4416 680 4454 cnm
698 4399 797 4456 labero
816 4399 882 4457 odio
901 4398 949 4455 odi
969 4416 1032 4455 cum
1052 4399 1137 4456 odero
1158 4397 1271 4456 Fadio
1290 4397 1422 4455 edicam

91 4485 176 4542 odera
195 4483 262 4539 lsuo
281 4482 341 4538 luui
361 4499 424 4538 cam
443 4481 587 4538 laueroL
660 4481 736 4555 sera]
756 4496 824 4537 seao
845 4479 876 4534 F
950 4486 983 4536 19
1002 4479 1068 4552 sivi]
1088 4479 1145 4535 sini
1164 4479 1196 4534 F
1269 4495 1339 4536 cauo
1359 4480 1424 4536 caui

91 4569 238 4667 camuaero
252 4625 341 4666 maea
355 4606 421 4664 osai
435 4625 498 4664 cam
514 4625 616 4666 coaaro
637 4607 668 4663 F
683 4623 772 4664 cauea
792 4607 854 4664 aeui
873 4625 937 4664 oum
958 4623 1058 4664 seuero
1077 4605 1201 4677 (decipio
1219 4605 1286 4662 inde
1306 4604 1423 4661 canilla-

91 4695 136 4748 tor
148 4690 319 4762 cupersani)
339 4704 429 4746 osaea
447 4689 512 4746 caui
531 4706 595 4746 cum
615 4705 717 4746 carram
737 4689 762 4743 L
782 4705 869 4746 causo
889 4687 954 4744 eaai
973 4705 1037 4744 oum
1058 4703 1160 4744 cancro
1179 4688 1208 4744 P
1259 4693 1293 4743 at
1314 4686 1423 4743 breuis·

91 4775 187 4910 paphen:
195 4770 348 4909 8ιέτοῑιιιοιιι
368 4770 400 4827 F
460 4777 495 4826 23
516 4771 627 4842 peudm
646 4769 770 4842 pependi
788 4768 876 4826 tando
897 4769 928 4826 F
990 4775 1023 4824 ‘it
1043 4785 1152 4840 speram
1174 4768 1234 4824 FL
1305 4769 1422 4842 longam
