3564 5482
360 305 427 396 3298
932 301 1110 362 unstruot

359 407 517 466 ,mmm

360 505 408 562 est
430 495 466 560 ad
491 493 611 576 aliquid.
659 503 731 558 sunt
755 503 786 558 ot
808 491 916 556 similis
939 490 1011 558 τῶν
1032 486 1119 578 πρός
1140 493 1177 559 τί
1195 515 1267 572 πως
1290 490 1427 596 ἔχωᾶ,
1455 509 1485 574 ιη
1510 520 1557 574 est
1580 509 1617 572 ,η
1641 509 1690 571 ap.

362 605 434 690 quid
459 601 589 686 quodam
613 601 702 666 modo
725 603 910 668 attendentis
916 655 926 690 ,
949 614 985 667 nt
1007 606 1161 672 dexterior
1185 613 1366 682 sinisterior.
1407 627 1414 633 '

452 713 530 778 Sunt
554 730 674 794 quoquc
700 713 847 794 quaedam
870 713 1063 800 homonyma,
1087 735 1163 798 quae
1187 740 1248 785 nno
1271 727 1471 810 appellatione
1494 727 1583 811 plura
1603 729 1691 816 siqni-

362 825 465 907 doant,
489 831 523 885 ut
547 841 641 905 nepos
664 825 753 887 acles.
791 825 940 906 significat
958 826 1038 888 euim
1058 845 1153 910 nepos
1172 839 1203 895 et
1222 843 1340 898 certum
1360 839 1547 920 cognationis
1567 836 1693 922 madum

362 942 394 998 ot
416 935 462 996 rol
484 933 581 996 aritae
605 938 861 1014 consumptorem.
907 932 1046 997 similitor
1070 938 1150 1000 acies
1173 949 1204 1004 et
1232 941 1391 1008 oculorum
1420 947 1532 1010 dicitur
1560 954 1593 1010 et
1622 943 1716 1010 [ιιιί5

362 1052 394 1107 et
417 1043 576 1106 exercitus.
623 1040 770 1123 quaedam
794 1049 867 1105 sunt
888 1059 1072 1124 synonymo,
1097 1063 1174 1128 quae
1197 1048 1337 1131 pluribus
1355 1052 1484 1136 loquelis
1503 1055 1584 1119 idom
1603 1057 1692 1136 siqni-

312 1164 315 1172 ’
363 1153 468 1235 deant,
491 1158 526 1214 nt
549 1158 631 1214 terro
655 1148 781 1234 humus,
801 1145 806 1232 Ι
827 1153 909 1213 ensis
932 1149 1057 1233 gladius.
1105 1155 1252 1236 quaedam
1277 1159 1392 1223 mediae
1416 1165 1591 1248 potestatis,
1618 1182 1692 1246 quae

363 1259 613 1343 significationem
636 1279 652 1323 a
677 1261 847 1323 coniunctis
871 1268 1009 1344 sumunt,
1038 1269 1221 1345 utmagnus
1246 1265 1346 1330 tortis:
1375 1265 1448 1331 hoec
1477 1273 1557 1332 enim
1583 1289 1638 1352 per
1661 1289 1693 1332 se

364 1369 480 1435 nullum
509 1368 619 1432 habent
649 1368 833 1432 intellectum
859 1377 889 1430 et
916 1368 985 1432 ideo
1008 1387 1025 1432 a
1049 1369 1229 1452 quibusdam
1259 1373 1444 1439 adiectiones
1473 1387 1633 1460 vocantur,
1661 1387 1694 1440 ut

365 1497 490 1564 magnus
514 1481 572 1556 vir,
597 1479 684 1543 fortis
709 1481 869 1541 exercitus.
1328 1539 1337 1555 ,
1706 1487 1727 1526 ¹⁰

454 1588 633 1652 Nominibus
657 1587 797 1651 accidunt
821 1588 910 1650 etiam
935 1587 1118 1653 collationes.
1165 1591 1276 1673 gradus
1306 1595 1407 1675 itaque
1432 1595 1601 1658 collationis
1625 1605 1695 1658 sunt

365 1706 442 1782 tres,
474 1695 643 1781 absolutus,
682 1704 716 1760 ut
748 1695 869 1780 doctus,
906 1699 1141 1780 comparativus,
1178 1708 1212 1762 nt
1244 1699 1377 1786 doctior,
1414 1703 1630 1786 superlativus,
1663 1715 1695 1766 ut

366 1809 569 1874 doctissimus.
616 1807 736 1868 nomina
760 1803 928 1869 collationis
952 1807 1091 1888 imposito
1114 1827 1221 1890 parum
1250 1813 1383 1894 proprie.
1430 1831 1499 1894 nam
1528 1822 1559 1875 ct
1589 1811 1725 1898 doctus,

457 2018 550 2077 Codro
568 2018 769 2091 Sostpollessss's.
817 2015 982 2091 1πιις]το
1060 2020 1265 2079 tottenosnts
1342 2023 1552 2098 thomonyma
1570 2042 1622 2081 οιιι.

367 2102 510 2176 novitas]
538 2100 654 2158 habitos
728 2106 919 2171 omonyma
942 2115 993 2155 ονι.
1068 2104 1085 2154 3
1108 2097 1197 2157 habet
1272 2108 1303 2158 11
1329 2103 1502 2181 collationis]
1527 2105 1695 2162 collationes

366 2183 475 2243 com-is
550 2189 583 2239 13
602 2197 697 2238 rorum
715 2180 846 2252 proprias

457 2353 474 2404 tt
498 2345 677 2404 attendentis
704 2362 760 2402 ται.
792 2344 899 2402 uteru.
925 2363 957 2416 p.
985 2351 1103 2414 536‚10,
1130 2345 1268 2404 habantm
1290 2350 1374 2406 codex
1398 2349 1524 2408 ίίιιιιίιίι·
1548 2371 1577 2423 p.
1602 2359 1695 2420 156‚9,

367 2427 547 2486 attendentis
572 2427 618 2484 rol
643 2427 743 2484 taliter
761 2426 885 2498 qualiter
903 2443 934 2482 so
952 2426 1090 2483 trebenno
1108 2426 1255 2485 Diomedes
1271 2447 1300 2500 μ.
1320 2435 1437 2502 32231,
1456 2451 1486 2490 so
1504 2434 1643 2492 habentia
1661 2434 1697 2489 Μ

403 2518 420 2568 3
441 2529 516 2568 εστιν
536 2528 566 2565 τι
586 2529 651 2564 τινα
664 2511 731 2565 eunt
744 2523 857 2578 quoque
871 2507 1013 2578 quosdam
1028 2507 1033 2580 Ι
1049 2527 1181 2580 ομιινιμα
1194 2510 1340 2568 omonimo
1353 2514 1476 2572 nniuooo
1490 2515 1529 2570 M
1601 2521 1618 2569 6
1634 2534 1695 2569 τινα

367 2611 445 2651 εστιν
472 2610 619 2662 τονωνιμα
647 2590 789 2663 quaedam
814 2591 880 2646 snut
907 2589 1066 2660 neqniooen
1085 2589 1124 2645 Μ
1196 2597 1211 2648 'l
1236 2589 1362 2666 gladios]
1391 2611 1489 2651 mucro
1510 2595 1555 2663 Μ,
1583 2597 1616 2652 ιἰι
1644 2613 1696 2668 quo

367 2679 400 2732 ut
418 2675 648 2731 tem-mucro
672 2673 704 2728 t‘n
728 2672 854 2744 ιιιοιμίιιτ
871 2671 971 2728 addito
993 2676 1060 2728 sunt
1132 2677 1149 2729 8
1169 2691 1206 2737 ως
1225 2693 1257 2729 το
1276 2693 1365 2745 μεγας
1383 2693 1506 2746 υσκηρος
1524 2679 1557 2734 ut
1576 2693 1695 2750 magnus

282 2755 286 2765 ¹
366 2754 450 2813 fortis
470 2753 508 2810 M
580 2758 654 2819 3ος
672 2773 705 2810 ιο
724 2771 813 2824 μεγας
831 2772 904 2824 oropo
932 2755 965 2809 ut
990 2770 1109 2825 magnus
1136 2752 1181 2810 uir
1201 2759 1206 2824 Ι
1226 2773 1349 2826 υτιιηρος
1377 2773 1494 2826 στρατος
1518 2759 1601 2815 fortia
1620 2777 1694 2817 exer·

368 2838 440 2895 citos
461 2836 499 2892 Μ
571 2841 603 2890 11
624 2835 735 2907 βαθμοι
752 2853 887 2905 τοιγαρου
907 2833 1011 2906 modus
1029 2833 1149 2906 itaquel
1166 2840 1346 2894 ιωτινθισιιῖ
1367 2839 1572 2911 conpositionis
1593 2841 1632 2897 Μ

406 2924 440 2974 13
459 2914 573 2989 parurn]
593 2933 651 2973 non
671 2917 709 2972 Μ

369 3225 587 3318 γορεύουται,
610 3228 762 3297 τουτέστι
785 3225 870 3313 πρός
893 3255 934 3298 τι.
982 3233 1072 3299 ἔστιν
1096 3227 1153 3297 καὶ
1182 3225 1283 3318 ὅμοια
1374 3229 1525 3301 τουτέστι
1553 3228 1640 3320 πρός
1665 3258 1696 3300 τι

369 3333 452 3406 καιιί
476 3362 553 3404 τινα
576 3332 707 3421 τρόπον
731 3335 957 3424 προσέχοντα,
981 3333 1026 3420 ὡς
1049 3335 1087 3408 τὸ
1112 3336 1222 3421 δεξιός
1245 3333 1430 3427 ἆριστερός.

450 3440 570 3514 Ἔστιν
585 3447 623 3515 τέ
634 3472 712 3514 τινα
732 3441 913 3534 ὁμώνυμα,
936 3441 957 3514 ἃ
981 3449 1042 3538 μιᾷ
1066 3451 1278 3538 προσηγορίᾳ
1296 3451 1437 3516 πλείονα
1456 3453 1631 3537 σημαίνει,
1655 3446 1696 3529 ὡς

369 3552 407 3625 τὸ
433 3557 573 3642 ἔγγονος
595 3553 695 3636 τάξις.
733 3559 889 3642 σημαίνει
909 3552 973 3642 γάρ
1035 3557 1098 3624 ’καὶ
1123 3551 1315 3645 ὡρισμένον
1338 3563 1544 3644 συγγενείας.
1558 3557 1696 3648 βαθμὸν

369 3663 425 3734 καὶ
449 3660 655 3751 πραγμάτων
674 3661 848 3756 μαμμιβων
872 3665 1081 3752 καταφαγᾶυ.
1128 3660 1253 3752 ὁμοίως
1272 3663 1310 3734 τὸ
1331 3673 1411 3734 ocios
1430 3665 1486 3735 καὶ
1505 3663 1696 3756 ὀφθαλμῶν
1719 3684 1729 3723 ⁵

371 3776 501 3861 λέγεται
520 3772 576 3842 καί
596 3771 742 3861 σιδήρου
760 3772 816 3841 καί
836 3773 1075 3864 στρατοπέδου.
1109 3771 1186 3843 τινά
1201 3774 1271 3843 ἐστι
1286 3772 1486 3865 συνώνυμα,
1510 3771 1697 3846 ἃπλείοσιν

371 3890 503 3964 καλιαῖς
526 3878 564 3952 τὸ
589 3877 672 3950 αὐτὸ
696 3887 853 3971 σημαίνει
923 3878 1035 3951 ,τινίι
1057 3879 1093 3951 δὲ
1117 3885 1222 3971 μέσης
1245 3880 1438 3972 δυνάμεως,
1463 3879 1484 3952 ἃ
1507 3881 1570 3973 τὴν
1594 3906 1696 3974 σημα-

371 3999 449 4063 σίαν
483 3987 548 4060 ἀπὸ
581 3992 650 4059 τῶν
680 3994 955 4079 συνεζευγμένων
988 3988 1234 4080 λαμβάνουσιν,
1267 3989 1313 4074 ὡς
1345 3991 1383 4062 τό
1416 3995 1519 4081 μέγας
1553 3993 1697 4083 ἰσχυρός.

371 4105 476 4172 ταῦτα
504 4097 568 4189 γὰρ
597 4096 679 4169 καθ’
712 4096 813 4169 ἑαυτὰ
847 4096 974 4169 οὐδένα
1008 4104 1145 4188 ἔχουσιν
1178 4103 1265 4168 νοῦν
1297 4101 1353 4170 καὶ
1387 4098 1444 4170 διὰ
1475 4103 1577 4170 τοῦτο
1610 4098 1696 4188 παρά

372 4238 478 4283 τινων
502 4213 697 4309 προσθῆκαι
721 4209 890 4298 λέγονται,
914 4203 960 4288 ὡς
982 4204 1020 4277 τὸ
1041 4209 1143 4296 μέγας
1166 4205 1273 4298 ἀνήρ,
1298 4205 1435 4298 ἰσχυρὸς
1459 4207 1610 4296 στρατός.
1709 4226 1730 4265 ¹⁰

467 4325 545 4400 Τοῖς
563 4317 730 4408 ὀνόμασιν
754 4321 1005 4406 συμβαίνουσιν
1029 4317 1084 4386 καὶ
1109 4323 1309 4404 συγκρίσεις.
1355 4317 1486 4406 βαθμοὶ
1513 4319 1694 4405 τοιγαροῦν

372 4433 440 4500 τῶν
457 4427 667 4518 συγκρίσεων
682 4431 770 4497 είσιν
783 4438 886 4514 τρεῖς,
906 4419 1073 4507 ἀπόλυτος
1143 4423 1356 4516 συγκριτικός
1425 4421 1647 4513 ὑπερθετικός
1689 4477 1696 4491 .

372 4535 413 4608 τὰ
437 4535 589 4627 ὀνόματα
612 4541 672 4626 τῆς
690 4539 897 4624 συγκρίσεως
921 4534 1123 4606 ἐπιτέθειται
1143 4531 1186 4603 οὐ
1205 4542 1337 4624 κυρίως.
1375 4534 1431 4603 καὶ
1450 4530 1515 4622 γὰρ
1534 4530 1571 4602 τὸ
1592 4541 1695 4604 ductus

464 4724 632 4789 4ευγενιας
687 4715 812 4790 Θμίγας
831 4710 944 4788 ίσγυρός
957 4735 1008 4774 ont.
1064 4721 1098 4772 10
1113 4711 1152 4780 ὥς
1167 4747 1199 4758 -
1216 4712 1334 4786 στρατός
1347 4732 1398 4771 ont.
1462 4719 1493 4769 tt
1510 4715 1694 4787 συμβαινοσιι

373 4821 423 4858 και
442 4819 578 4870 τινιρισις
668 4805 699 4855 12
719 4799 775 4855 τῶν
795 4799 982 4872 συγκρίσεων]
1003 4799 1183 4855 τωτινθεσεῶ
1273 4793 1426 4872 ἆπόίυτος]
1446 4815 1591 4865 αποιντος

377 4888 409 4940 13
429 4902 478 4954 της
497 4900 668 4952 σινιιρυσεως
