3590 5486
352 331 421 400 ete
962 313 1085 394 sinan

351 447 374 486 p.
388 436 450 478 aree
464 434 492 478 eo
506 435 532 477 n.

443 519 570 585 Emeuat
594 522 662 586 loos
686 523 749 586 sire
774 532 855 588 terre
879 543 1004 608 equiem,
1027 525 1057 588 id
1082 535 1129 589 est
1152 527 1248 608 gignit
1272 544 1306 588 ac
1334 525 1488 611 producit,
1517 537 1547 591 et
1572 537 1689 590 emanat

351 648 428 712 aque
447 628 486 692 de
506 638 587 693 terra
607 633 670 694 aire
689 631 788 716 fonte,
808 631 905 698 idest
925 633 1061 715 profluit:
1085 631 1250 715 Gregorius
1270 629 1349 718 ‘qul
1372 635 1475 700 locus
1495 655 1511 700 a
1531 635 1690 698 Romana

352 737 444 802 urbe
476 737 719 822 quadraginta
749 740 829 826 fere
861 741 1010 806 milibus
1040 740 1183 806 distans
1217 742 1371 826 frigidos
1402 753 1514 828 atque
1543 745 1689 828 perspl-

351 865 439 912 cuaa
462 859 605 913 emanat
629 843 766 933 nquaa’,
790 851 955 914 etiterum
979 849 1017 912 de
1041 847 1148 914 eodem
1173 850 1315 933 sepulcro
1339 847 1460 916 ‘lilius
1484 853 1690 937 fraglantia

351 958 555 1020 suavitatis
579 952 787 1022 emanarlt’.
1700 975 1711 1014 ⁶

442 1063 613 1148 Exprobrat
633 1069 685 1150 qul
705 1077 924 1132 commemorat
942 1087 1020 1150 queo
1039 1071 1206 1153 praestitit,
1229 1067 1395 1152 obprobrat
1415 1072 1468 1154 qul
1487 1069 1686 1154 obprobrium

351 1174 498 1259 obiectat,
521 1175 578 1240 boc
602 1185 649 1240 eat
672 1179 787 1240 riflum.
1548 1193 1551 1198 ·

442 1282 628 1368 Expectatur
651 1293 813 1366 rentnms,
837 1292 993 1366 spectatur
1016 1287 1069 1369 qod
1093 1284 1212 1350 ridetur
1237 1285 1282 1348 rel
1306 1285 1461 1369 probatur.

441 1392 603 1458 Exercitus
627 1391 795 1477 laboribus,
818 1395 1003 1457 exercitatus
1026 1393 1144 1458 studiis.

442 1501 610 1566 Exstruere
639 1509 687 1564 eat
714 1503 746 1565 in
775 1500 868 1565 altrum
897 1511 1031 1586 struere,
1060 1503 1215 1566 iustruere
1243 1505 1339 1566 aciem
1368 1503 1413 1566 rel
1442 1506 1608 1586 actionem,
1638 1503 1684 1564 ad·
1700 1519 1724 1558 ιο

352 1620 472 1674 struere
492 1609 661 1692 adfirmare,
680 1617 860 1672 construere
879 1611 910 1672 in
930 1610 1078 1674 struendo
1097 1613 1292 1694 coniungere,
1311 1607 1510 1696 substruere}
1534 1631 1568 1675 re
1588 1611 1684 1693 aitqua

351 1737 445 1801 supra
468 1720 566 1801 posita
590 1715 697 1780 subter
719 1726 849 1781 struere.
1281 1699 1287 1713 ⁶

442 1825 595 1890 Exerrbiae
618 1844 674 1908 per
698 1823 731 1908 b,
756 1827 881 1890 exurite
904 1845 960 1909 per
983 1845 1001 1888 r
1025 1825 1212 1890 scribendae.

442 1932 616 1998 Eorundem
641 1945 671 1996 et
695 1935 859 1998 earundem
884 1954 939 2016 per
961 1954 981 1999 u
1007 1937 1215 2019 exprimenda,
1238 1955 1298 2000 neu
1323 1955 1379 2020 per
1403 1957 1443 2000 m.

443 2077 575 2143 Fimbria
598 2096 709 2160 genere
734 2079 878 2142 iemlnitro
903 2087 934 2142 et
957 2077 1111 2142 fimbrium
1134 2078 1247 2144 dicitur
1271 2093 1389 2146 neutro.
1699 2095 1724 2136 ¹⁵

442 2185 532 2250 Fides
555 2185 624 2248 fidel
648 2185 686 2249 de
710 2184 904 2270 credulitate,
928 2185 1002 2249 fides
1026 2184 1093 2248 ildls
1107 2186 1154 2250 ‚de
1179 2187 1304 2272 chorda3
1329 2198 1457 2271 utraque
1481 2209 1514 2252 es
1538 2187 1635 2273 longa.

442 2293 576 2357 Flemina
600 2302 686 2377 sunt,
710 2293 761 2358 nbi
785 2293 940 2359 abundant
963 2313 1054 2358 crura
1078 2297 1238 2381 sangnine;
1266 2296 1412 2383 piamina,
1442 2317 1511 2361 cnm
1536 2300 1567 2361 in
1594 2299 1685 2361 mani·

354 2403 411 2466 bus
435 2401 481 2464 vel
505 2404 536 2464 iu
559 2400 688 2484 pedibus
712 2401 831 2465 callosis
855 2402 932 2497 sulci
956 2411 1037 2466 sunt.

443 2509 550 2574 Festus
578 2508 616 2572 de
644 2507 787 2591 superbla
817 2509 889 2572 facit
925 2508 1059 2573 fastuum
1088 2511 1226 2592 genetivo
1254 2511 1376 2594 plurali,
1409 2513 1506 2576 fastus
1535 2513 1572 2576 de
1601 2511 1686 2576 libris

354 2620 426 2683 iacit
450 2619 605 2682 fastorum.
647 2677 650 2684 ,
1553 2693 1558 2702 ,
1698 2635 1724 2675 ao

443 2727 542 2810 Fungi
565 2744 653 2809 agere
678 2734 743 2812 est,
767 2725 890 2809 defungi
912 2743 1067 2810 peragere.

443 2835 570 2909 Fremor
593 2843 641 2898 est
663 2853 803 2899 murmur
826 2835 997 2919 bominum,
1022 2835 1161 2898 fremitus
1186 2835 1328 2898 ferarum.

341 2949 342 2952 ’
444 2944 566 3008 Flavum
594 2943 724 3008 dicimus
752 2941 894 3020 rubeum,
923 2945 1003 3006 sieut
1031 2936 1144 3027 (Vera.
1169 2961 1277 3020 oeerg.
1308 2943 1329 3006 I
1353 2937 1414 3030 96)
1444 2943 1536 3008 flare
1567 2944 1688 3028 Ceres,

353 3055 474 3118 forrum
498 3055 634 3135 nigrum,
658 3052 772 3116 fulvum
799 3054 886 3135 nigro
913 3051 1057 3136 rubeum,
1080 3052 1159 3114 sicut
1183 3049 1297 3114 fuirum
1321 3050 1439 3115 leonem
1463 3053 1608 3138 dicimus,
1632 3053 1687 3118 iul·

353 3179 418 3224 vam
442 3160 572 3244 aquilam
596 3171 627 3224 et
652 3161 766 3225 fulvum
790 3180 898 3225 eurum
922 3168 953 3223 et
977 3152 1089 3244 (Vero.
1110 3163 1184 3223 Aen.
1205 3159 1278 3222 XII
1301 3154 1382 3244 792)
1407 3155 1523 3224 ‘fulva
1547 3175 1724 3246 pugnasti

353 3269 395 3333 de
423 3268 517 3333 nube
546 3264 736 3355 tuentem',
765 3287 841 3352 quae
870 3267 995 3330 baberet
1023 3270 1146 3350 igneum
1175 3266 1287 3350 aliquid
1319 3267 1356 3332 de
1386 3269 1509 3333 caelesti
1533 3280 1565 3334 et
1588 3271 1686 3335 sordi·

354 3377 426 3442 dnm
445 3377 483 3441 de
502 3377 633 3460 lugubri.
662 3377 777 3442 fulvum
796 3385 880 3443 certe
899 3394 1017 3461 aurum,
1036 3374 1142 3439 culed
1162 3376 1303 3440 decorem
1325 3375 1496 3460 splendoris
1515 3380 1563 3442 sol
1586 3379 1688 3462 nigelli

354 3486 466 3568 aliquid
490 3486 619 3551 additur.

444 3595 557 3659 Forum
585 3605 696 3659 neutro
724 3613 835 3679 genere
864 3593 994 3658 dicimus
1022 3593 1123 3657 locum
1146 3593 1239 3658 rebus
1263 3596 1387 3678 agendis
1416 3595 1613 3681 destinatum,
1641 3595 1688 3658 rel

354 3723 424 3768 eum
439 3707 656 3768 commercium
672 3705 890 3786 significamus3
905 3703 988 3766 foros
1002 3701 1167 3766 masculine
1187 3701 1319 3768 tabulate
1334 3707 1469 3790 navium,
1485 3703 1536 3768 urbi
1556 3707 1688 3786 remiges
1701 3719 1725 3759 ³⁰

355 3813 476 3898 sedent,
499 3821 530 3876 et
553 3830 675 3895 semper
697 3811 864 3895 pluraliter.

448 4069 460 4116 i
482 4059 599 4133 aquam]
618 4075 695 4130 aqna
714 4057 743 4114 P
812 4063 829 4114 9
849 4056 884 4114 de
903 4056 982 4116 fonte
1003 4057 1064 4130 sine
1083 4059 1118 4116 de
1138 4061 1215 4117 terra
1232 4061 1260 4116 L
1331 4067 1348 4117 9
1368 4059 1438 4135 fere]
1458 4061 1547 4119 ferme
1566 4060 1617 4122 eL

354 4149 371 4199 t
391 4141 546 4214 fraglantia
564 4140 591 4196 L
609 4139 764 4211 flagramia
780 4138 849 4195 MP
865 4137 1023 4210 fragrantia
1041 4156 1059 4200 ς
1080 4189 1082 4194 .
1132 4147 1149 4198 o
1168 4143 1308 4214 exprobat
1327 4142 1357 4198 P
1427 4141 1570 4214 opprcbai
1589 4142 1618 4198 P

296 4247 303 4262 ⁴
356 4219 389 4279 19
409 4221 545 4280 excubiae
565 4239 615 4294 per
634 4221 653 4278 b
673 4220 827 4278 eorundem
846 4221 876 4275 ei
894 4220 1048 4278 mandem
1071 4238 1123 4293 per
1140 4242 1160 4280 n
1179 4240 1236 4281 non
1254 4240 1306 4294 per
1324 4241 1353 4279 nn
1372 4223 1493 4280 exoniae
1513 4237 1565 4294 per
1582 4240 1602 4278 n
1622 4222 1689 4280 acri·

353 4304 464 4362 bendse
484 4303 669 4376 exprimenda
686 4320 743 4359 non
761 4317 814 4372 por
831 4317 860 4356 m
878 4299 906 4354 L
961 4303 1127 4362 scribendus
1145 4321 1197 4361 om.
1214 4304 1253 4360 M
1307 4312 1341 4362 14
1360 4303 1526 4362 eorumdem
1544 4305 1575 4359 ei
1589 4319 1689 4360 earnm

355 4385 420 4442 dem
436 4403 520 4458 pern
535 4401 592 4442 non
606 4401 658 4456 per
671 4402 690 4440 n
707 4383 735 4438 P
789 4389 824 4439 io
843 4399 873 4438 es
889 4383 975 4456 longa
990 4385 1059 4440 ML
1077 4387 1121 4441 eei
1138 4385 1226 4458 longa
1239 4387 1293 4446 cP
1347 4392 1380 4443 li
1399 4384 1526 4458 plemina
1538 4384 1689 4455 portatore

355 4467 413 4524 loco
432 4466 523 4538 caper
539 4483 569 4548 p.
588 4471 636 4533 99,
653 4469 681 4536 9,
701 4465 817 4522 demina
837 4464 895 4520 PL
912 4464 1047 4521 flammina
1065 4465 1103 4520 M
1174 4474 1207 4526 18
1227 4467 1340 4526 callonia
1359 4467 1387 4524 1.
1406 4467 1519 4524 cellesis
1539 4467 1578 4522 M
1600 4467 1687 4524 catio

356 4548 394 4604 ria
414 4548 444 4604 P
461 4547 560 4604 callosi
580 4546 671 4620 Caper
736 4553 769 4604 19
789 4547 879 4606 issico
898 4547 934 4604 de
952 4545 1033 4602 libris
1051 4545 1100 4606 Le
1172 4555 1208 4606 90
1225 4548 1308 4621 fecii]
1328 4547 1448 4606 etfacit
1468 4547 1497 4602 P
1558 4553 1594 4604 99
1612 4565 1688 4604 mnr-

356 4645 419 4684 mor
438 4628 467 4684 P
549 4635 585 4684 ei
604 4628 697 4701 nigro]
717 4629 802 4701 nigro
822 4629 852 4685 P
936 4633 971 4684 99
991 4629 1021 4684 ei
1038 4626 1120 4686 fulua
1137 4646 1280 4704 pugnasse
1298 4628 1333 4687 de
1354 4627 1427 4684 MP
1442 4630 1476 4684 ni
1493 4627 1574 4684 fatua
1592 4645 1690 4701 pugna

356 4725 387 4766 ae
405 4707 441 4764 da
460 4709 486 4764 t.
505 4711 538 4766 ni
556 4709 650 4766 fuluas
669 4709 834 4781 pugnanda
853 4725 871 4770 ς
944 4712 979 4762 il
998 4707 1094 4780 nigilii
1114 4709 1144 4765 P
1214 4716 1249 4768 98
1273 4709 1389 4766 additur
1404 4709 1443 4764 M
1459 4706 1549 4765 addai
1567 4708 1598 4764 P
1613 4715 1640 4766 ei
1657 4716 1689 4766 ret

356 4789 466 4846 eidem
483 4789 510 4846 L
529 4791 688 4850 addaiurr
762 4798 797 4850 eo
816 4787 1028 4860 commercium]
1048 4791 1185 4848 mercium
1206 4791 1235 4846 P
1306 4795 1339 4844 iii
1360 4791 1391 4846 ei
1409 4805 1521 4860 semper
1538 4789 1689 4861 pluraliter

355 4889 408 4930 oua
429 4871 465 4944 P,
480 4878 545 4944 posi
564 4880 626 4944 999,
648 4883 660 4930 1
682 4873 754 4931 faciit
771 4873 873 4930 bodoni
892 4871 975 4930 ML:
992 4872 1028 4941 es.
1049 4871 1159 4931 (ultoria
1174 4890 1205 4944 ρ.
1225 4877 1270 4946 71,
1288 4876 1329 4929 29
