3604 5486
367 335 434 402 502
870 335 1048 394 ntvsmttt
1067 335 1189 394 ttttaatt

365 448 390 486 P·
404 439 451 482 tit.
466 438 505 482 368
520 437 547 483 Ia.

367 542 503 608 poenas
522 525 662 608 docuit,
686 523 746 588 Cio.
761 527 791 588 in
806 523 946 589 Pisonem
961 525 1087 608 (21,5o)
1106 533 1143 589 et
1162 527 1398 607 gravissimae
1419 525 1538 610 legum
1557 545 1701 610 poenae

367 643 570 698 vetarent:
594 635 638 696 sio
662 632 812 697 Salustius
835 634 904 697 hist
929 635 949 695 l
969 650 1049 696 nam
1072 635 1232 698 iniuriae
1257 634 1477 699 validiorum
1502 684 1508 699 .

457 741 587 824 Propter
610 751 655 824 te,
678 741 708 804 id
732 749 779 806 est
802 743 846 805 tnl
869 759 974 822 musa,
996 739 1083 822 Verg.
1108 741 1181 804 Aen.
1205 740 1260 804 llll
1284 743 1381 818 (320)

530 859 563 913 te
589 861 743 933 propter
766 849 900 932 Libyae
924 858 1056 931 gentes
1080 848 1349 933 Nomadumque
1375 855 1522 934 tyranni

529 958 671 1022 odere.
1236 953 1240 960 ’
1715 979 1729 1020 s

367 1075 494 1149 propter
518 1075 562 1150 te,
586 1069 668 1131 iuxta
693 1077 737 1151 to,
761 1068 822 1132 Cio.
840 1048 876 1132 ¹in
900 1067 1041 1131 Pisonem
1065 1067 1150 1143 (3‚⁶)
1175 1067 1261 1130 milti
1290 1067 1349 1131 hio
1373 1071 1427 1132 vir
1450 1067 1701 1153 clarissimus,

366 1176 428 1258 quai
452 1181 604 1258 proptor
628 1184 662 1239 te
686 1175 802 1259 sedet,
827 1175 962 1239 Lnolus
986 1174 1140 1258 Gellius,
1166 1175 1251 1258 Verg.
1276 1195 1357 1259 geor.
1382 1176 1422 1239 lll
1446 1178 1516 1252 (13)

529 1293 564 1345 et
588 1282 697 1346 viridi
720 1286 756 1346 ln
780 1302 904 1366 campo
929 1281 1102 1366 templum
1126 1283 1168 1346 de
1194 1301 1372 1347 marmore
1395 1303 1523 1368 ponam

528 1401 683 1474 propter
706 1411 831 1475 aquam
856 1441 863 1456 .

456 1500 604 1584 Properat
621 1500 701 1565 illam
721 1519 799 1585 rem,
822 1500 909 1584 Verg.
930 1503 1002 1565 Aen.
1022 1499 1102 1564 vlttt
1122 1502 1219 1577 (401)
1244 1511 1280 1564 et
1303 1499 1493 1584 puleltratn
1516 1515 1699 1585 properet
1715 1523 1740 1562 ro

365 1629 432 1693 per
456 1609 605 1673 vulnera
630 1617 794 1685 mortem,
819 1607 877 1672 Sal.
901 1608 960 1692 lug.
984 1609 1093 1686 (37,4)
1117 1609 1261 1691 aliaque
1285 1627 1494 1691 properare.

457 1717 624 1802 Praesagus
646 1718 728 1782 illins
751 1720 810 1800 rel,
834 1716 920 1800 Verg.
944 1719 1016 1780 Aen.
1040 1715 1067 1778 X
1091 1717 1186 1794 (843)
1211 1735 1386 1800 praesaga
1410 1718 1494 1781 mali
1518 1737 1628 1782 mens.

456 1826 577 1890 Primus
600 1845 707 1910 regno,
731 1824 816 1909 Vere.
842 1827 914 1890 Aen.
938 1823 979 1886 lll
1003 1825 1096 1902 (238)

558 1944 594 1999 et
616 1937 756 2018 primns
779 1935 939 2015 sceptris
962 1933 1056 1997 hand
1082 1932 1175 1996 laeta
1199 1933 1322 1997 lronte
1346 1933 1507 1999 Latinus.

456 2044 603 2108 Praesens
631 2043 712 2107 illins
739 2046 800 2118 rei,
842 2041 930 2120 Verp.
958 2043 1031 2105 Aen.
1061 2040 1100 2104 xt
1129 2042 1224 2116 (483)
1257 2044 1483 2125 armipotens
1516 2061 1738 2124 praesensit

366 2154 485 2216 letti.
999 2209 1004 2219 ,
1139 2209 1140 2212 ,

458 2260 530 2324 Post
554 2259 650 2324 habeo
674 2277 771 2324 meam
795 2278 860 2323 rem
884 2269 935 2323 tua
959 2278 1007 2343 re,
1031 2259 1116 2341 Verg.
1141 2260 1209 2325 bne.
1234 2263 1341 2337 (7,·17)

582 2379 667 2452 post
689 2368 800 2432 habui
823 2379 943 2432 tannen
966 2368 1117 2432 illorum
1141 2387 1217 2432 ntea
1241 2372 1337 2433 seria
1360 2369 1445 2433 ludo
1469 2391 1477 2433 :

366 2481 410 2541 sie
444 2487 475 2540 et
507 2487 576 2560 post
607 2478 700 2562 duno,
739 2475 796 2540 Sal.
830 2477 892 2559 lug.
926 2477 1035 2554 (736)
1068 2487 1103 2540 et
1135 2496 1198 2541 sna
1232 2480 1442 2541 trecessaria
1475 2486 1559 2560 post
1592 2477 1698 2540 illins

366 2589 551 2669 negotium
574 2586 709 2651 ducere
730 2635 737 2650 .
757 2596 826 2670 post
848 2585 944 2649 habeo
964 2586 1044 2650 illam
1065 2605 1129 2649 rem
1148 2605 1220 2670 prae
1240 2587 1289 2651 illa
1308 2607 1357 2670 re,
1379 2587 1449 2650 Ter.
1464 2587 1546 2650 Adel
1561 2587 1696 2664 (1139)
1713 2609 1741 2648 so

425 2698 485 2778 qui
508 2693 533 2777 †
555 2698 591 2758 in
615 2699 733 2760 omnia
758 2695 828 2759 sibl
853 2707 936 2779 post
959 2697 1101 2778 putarit
1124 2715 1204 2760 esse
1228 2715 1314 2778 prae
1339 2714 1415 2758 meo
1440 2695 1635 2759 commodo.

455 2804 552 2886 Pergo
574 2807 648 2902 lter,
671 2805 742 2870 Ter.
766 2804 855 2886 lleoy.
880 2806 916 2878 (I
935 2805 1042 2882 2,119)
1066 2822 1211 2887 pergam
1240 2823 1309 2886 quo
1339 2807 1466 2887 oeeepi
1489 2807 1557 2869 hoe
1582 2809 1662 2870 iter.
1691 2801 1694 2835 '

458 2912 638 2995 Progredior
668 2913 718 2977 illo
748 2913 828 2996 loeo,
856 2911 942 2993 Verg.
968 2915 1040 2976 Aen.
1063 2910 1105 2973 lll
1133 2912 1234 2987 (300)
1263 2912 1522 2995 progredimur
1554 2926 1661 2998 portu
1688 2964 1696 2978 .

365 3021 544 3104 progredior
562 3024 641 3084 intra
665 3022 753 3108 illud,
775 3021 862 3103 Verg.
886 3023 958 3084 Aen.
983 3018 1024 3082 Xl
1047 3019 1147 3095 (608)

546 3133 687 3212 lamque
711 3132 809 3194 intra
834 3133 967 3193 laetum
992 3129 1057 3192 teli
1081 3148 1305 3210 progressus
1328 3142 1485 3214 uterque
1510 3179 1517 3194 .
1712 3151 1739 3192 es

455 3238 514 3301 Per
547 3249 651 3302 mutua
683 3259 739 3322 pro
772 3241 915 3321 invicem,
948 3237 1034 3318 Verg.
1068 3238 1140 3300 den.
1174 3237 1226 3300 vtt
1259 3239 1336 3314 (66)
1373 3250 1409 3303 et
1441 3239 1599 3322 pedibus
1631 3260 1697 3323 per

367 3356 491 3410 mutua
514 3349 628 3410 nexis.

457 3503 549 3560 Oodeu
568 3501 717 3560 Parrhasii
754 3503 819 3559 lin
838 3501 939 3561 Pisone
1022 3503 1144 3561 elom.
1229 3505 1334 3578 tillll]
1358 3503 1412 3560 vlt
1493 3506 1567 3563 tin
1591 3505 1697 3564 Pisone

368 3582 438 3640 milti
512 3582 600 3656 aiii]
619 3585 673 3641 llll
749 3591 783 3641 ιο
797 3585 945 3657 Properat]
960 3583 1080 3656 Propter
1152 3591 1287 3659 properet
1303 3584 1367 3659 per]
1385 3589 1503 3658 propter
1577 3594 1611 3643 11
1631 3604 1697 3659 pro-

365 3666 476 3739 perare]
496 3683 568 3739 prop
656 3673 689 3724 tt
709 3667 849 3740 Preaagns
935 3683 1056 3739 presaga
1144 3672 1177 3722 13
1197 3665 1249 3741 XI]
1269 3666 1336 3722 vltt
1423 3672 1457 3723 15
1475 3667 1595 3725 Presenr
1619 3668 1697 3725 illins

366 3749 435 3803 Aen.
455 3745 494 3803 XI
513 3747 687 3820 armipotens
710 3766 827 3822 presens
845 3747 912 3806 Post
936 3746 1028 3804 habeo
1117 3754 1150 3805 18
1174 3748 1257 3804 ludos
1343 3753 1379 3804 tl
1401 3747 1476 3806 inter
1498 3749 1572 3806 illnd

456 3901 760 3976 annumeranti]
785 3901 904 3974 noym.
929 3903 962 3957 de
985 3903 1035 3957 otu.
1055 3903 1101 3957 dei
1119 3901 1163 3956 II
1184 3908 1222 3958 18
1245 3902 1321 3958 idem
1345 3901 1519 3973 (Sallustius)
1543 3907 1642 3960 manen
1665 3903 1697 3960 in

365 3983 457 4055 primo
490 3984 626 4042 historiae
661 4001 728 4042 anne
763 3983 836 4041 libro
862 3986 948 4055 etque
972 3982 1035 4055 ipso
1059 3984 1120 4040 eins
1144 3984 1260 4040 exordio
1283 3984 1390 4041 latetur
1414 4015 1446 4025 -
1471 4001 1538 4040 nam
1564 3983 1696 4056 iniuriae,

365 4065 472 4136 inquit,
492 4066 662 4124 validiorum
682 4069 711 4124 et
730 4066 768 4122 ob
786 4083 834 4122 eea
853 4063 988 4122 discessio
1007 4064 1099 4136 plebis
1118 4081 1136 4120 a
1155 4063 1283 4137 patribus
1301 4071 1350 4121 ete.
1365 4064 1441 4121 Sero.
1457 4067 1489 4121 iu
1508 4064 1589 4137 Vero.
1602 4083 1694 4138 peorp.

367 4145 418 4200 IV
435 4152 495 4204 238
513 4147 582 4204 item
603 4147 755 4222 Sallustius
775 4146 892 4202 ‘iniuria
908 4146 1104 4216 validiornm’,
1129 4145 1239 4203 sedicet
1257 4163 1343 4218 qnam
1362 4145 1523 4204 inferebam
1540 4149 1695 4205 velidiores

420 4235 436 4283 3
456 4228 587 4302 Propter]
607 4229 683 4285 Nora
698 4246 729 4299 p.
749 4233 805 4285 367
887 4227 1048 4301 ttibyeae
1066 4232 1166 4301 gentes
1191 4227 1329 4299 Perellius
1413 4234 1447 4283 10
1467 4227 1590 4300 Propero
1613 4228 1696 4286 ittam

258 4379 262 4385 ι
365 4327 424 4367 rem
443 4316 469 4365 et
488 4312 586 4368 deiude
604 4313 742 4383 properet.
756 4327 806 4382 per
820 4309 1038 4368 Lindemouuus
1108 4319 1139 4368 11
1161 4309 1275 4380 elinque
1294 4325 1367 4380 quae
1386 4307 1501 4380 inoepto
1519 4308 1583 4366 neni
1602 4310 1697 4367 forent

364 4409 518 4465 properare
537 4393 690 4449 Sallustius
781 4397 815 4448 ld
834 4393 1024 4464 armipotens,
1047 4411 1162 4466 praeses
1184 4392 1268 4460 belli,
1292 4391 1423 4448 Tritonia
1440 4393 1521 4463 virgo
1546 4391 1696 4463 Verpa'la'ua,

363 4473 414 4530 ulu'
432 4491 568 4545 praesens
587 4475 689 4546 lepitur
707 4475 739 4530 iu
757 4475 899 4531 codicibus
915 4479 940 4530 et
959 4477 1037 4547 opud
1056 4476 1184 4532 Seruium
1272 4481 1305 4530 te
1325 4479 1355 4530 et
1374 4489 1425 4528 sna
1444 4472 1605 4529 necessaria
1628 4479 1696 4547 post

365 4555 443 4612 illins
462 4555 599 4612 honorem
619 4555 754 4612 donarent
773 4557 927 4613 Sallustius
1013 4564 1045 4613 at
1072 4559 1141 4631 quin
1165 4556 1262 4614 omnia
1284 4555 1339 4612 sibi
1367 4555 1433 4626 post
1455 4553 1564 4625 putarit
1584 4553 1620 4621 P,
1644 4555 1696 4627 qni

365 4636 462 4693 omnis
480 4637 536 4693 sibi
553 4638 735 4710 postputarit
752 4638 966 4696 Ltndemortuua
984 4683 991 4697 .
1011 4639 1080 4712 quin
1103 4639 1212 4706 omnia,
1235 4639 1309 4694 ainau
1331 4638 1364 4692 e'u
1387 4651 1444 4690 uota
1462 4636 1549 4692 uullia
1570 4636 1696 4694 Termetie'

365 4720 506 4776 oodiortus
525 4725 550 4774 et
569 4721 646 4790 opud
665 4719 809 4777 Donatum
828 4721 942 4792 lepitur,
961 4723 1126 4777 Arsuiouus
1144 4721 1239 4792 lepr'ase
1256 4721 1378 4787 uidetur,
1398 4717 1447 4790 qni
1462 4717 1559 4774 omnia
1572 4720 1696 4790 plurimi

365 4799 470 4856 codices
487 4800 624 4869 Terentii,
644 4801 693 4872 qni
711 4801 868 4873 ignominie
886 4803 971 4859 codex
989 4803 1142 4858 Boedinus
1216 4807 1249 4856 it
1270 4817 1327 4872 qno
1346 4799 1426 4870 coepi
1446 4800 1550 4856 oodioes
1571 4800 1696 4860 Terentii

365 4887 390 4937 et
409 4881 500 4937 Nouii
516 4899 546 4953 p.
566 4887 622 4939 313
695 4889 729 4939 23
749 4883 914 4957 progredior
933 4887 1017 4956 portu
1042 4883 1181 4954 Verptlr'us
