3602 5482
368 333 435 403 346
946 337 1108 398 nvnnme

366 447 389 488 p.
404 436 437 480 it.
452 438 479 480 st
493 437 523 479 Η.

367 533 506 606 correpta
534 521 581 586 rel
609 524 756 606 producta
786 521 848 589 sitl’
890 527 927 590 In
956 528 1133 610 imperativo
1157 528 1261 592 modo:
1292 547 1360 594 nam
1389 534 1530 613 quotiens
1559 541 1693 613 correpte

366 643 427 717 est,
450 631 585 696 detracta
603 653 618 696 s
638 632 739 698 littera
758 637 917 699 transitio
937 655 967 719 e,
991 645 1026 700 ut
1044 635 1111 719 lego
1131 635 1206 720 legls
1229 637 1309 722 lege,
1332 640 1434 704 scribo
1453 639 1564 704 scribis
1584 639 1695 720 scribm

366 743 487 824 quando
510 753 613 807 autern
633 743 781 826 producta
800 753 861 829 est,
884 754 1059 827 perseverat
1078 749 1110 808 in
1128 749 1320 832 imperativo,
1343 759 1378 812 ut
1397 749 1486 813 audio
1506 750 1593 814 audis
1613 753 1695 826 cudi,

366 854 464 915 sencio
488 853 587 925 servis
608 857 693 917 serni
715 903 722 918 .
746 858 845 918 omnis
868 873 941 937 argo
965 857 1185 939 coniugationie
1209 859 1335 922 elicetus
1355 877 1392 922 ex
1411 859 1590 942 Mperativn·
1610 859 1696 922 modo

365 963 567 1044 cognoscitur.
1718 981 1731 1025 s

284 1117 345 1170 nse
455 1096 573 1162 Genera
603 1098 765 1162 verborum
789 1109 864 1181 quot
887 1097 981 1164 sunt?
1028 1101 1182 1186 Quinque,
1216 1103 1245 1164 ld
1280 1112 1328 1166 est
1360 1105 1504 1188 antinum,
1532 1077 1695 1188 passivum,

365 1213 522 1292 neutrum,
555 1226 730 1292 commune,
762 1207 926 1290 deponens.
969 1210 1107 1274 Antinum
1141 1209 1267 1274 verbum
1300 1209 1387 1292 quale
1421 1207 1490 1274 est?
1518 1231 1537 1270 a
1566 1213 1653 1287 Quod
1681 1233 1696 1276 r

363 1313 463 1378 littera
483 1320 676 1400 terminatur,
700 1334 759 1400 qiua
782 1315 918 1398 deposita
943 1318 1022 1382 redit
1045 1321 1076 1383 in
1101 1323 1244 1404 activum,
1268 1329 1303 1383 ut
1325 1319 1393 1402 lego
1416 1320 1509 1402 legor.
1547 1320 1694 1385 Neutrum

364 1423 445 1505 quod
470 1423 538 1489 est?
575 1425 662 1500 Quod
687 1445 704 1488 o
728 1425 829 1489 littera
853 1429 1034 1490 terminatur
1058 1437 1088 1491 et
1112 1447 1128 1492 r
1150 1428 1282 1492 litteram
1307 1447 1367 1490 non
1392 1431 1513 1510 recipit,
1542 1438 1577 1492 ut
1605 1450 1693 1494 curro

363 1533 452 1616 vigilo
482 1581 489 1598 .
518 1537 585 1598 eius
618 1535 853 1618 significationes
887 1544 959 1599 sunt
990 1535 1079 1601 durae:
1115 1546 1168 1601 aut
1195 1539 1277 1600 enim
1305 1533 1413 1620 agendi
1441 1539 1500 1599 rim
1530 1537 1636 1621 habet,
1664 1549 1730 1602 uto

363 1642 454 1706 sedeo
479 1662 583 1728 curro,
607 1653 659 1708 eut
681 1642 830 1728 patiendi,
853 1653 886 1706 ut
910 1642 994 1727 algeo
1020 1646 1135 1730 vapulo.
1173 1643 1339 1710 Commune
1364 1645 1490 1709 verbum
1515 1645 1602 1730 quale
1627 1643 1694 1710 est?

364 1750 451 1827 Quod
473 1772 489 1814 r
512 1751 612 1816 littera
636 1755 817 1816 terminatur
841 1759 872 1815 et
895 1755 1011 1836 agentis
1036 1763 1066 1818 et
1089 1757 1232 1837 patientis
1250 1757 1361 1838 recipit
1379 1756 1639 1842 significationem,
1662 1765 1695 1818 nt

364 1861 505 1925 consolor
533 1861 656 1926 osculor
679 1884 687 1925 ι
711 1861 840 1926 dicimus
864 1865 944 1926 enim
969 1862 1109 1927 consolor
1134 1873 1162 1928 te
1187 1873 1218 1928 et
1242 1865 1383 1928 consolor
1411 1883 1428 1926 a
1457 1875 1496 1929 te.
1533 1864 1693 1948 Deponens

362 1969 443 2051 quod
472 1968 540 2035 est?
582 1971 670 2044 Quod
698 1990 715 2033 r
742 1969 843 2034 littera
871 1973 1053 2036 terminetur
1081 1982 1112 2037 et
1139 1972 1292 2057 deponere
1321 1993 1386 2037 eam
1419 1993 1481 2038 non
1513 1984 1630 2058 potest,
1663 1984 1694 2037 ut

361 2076 462 2142 luctor
480 2082 564 2144 iocor
583 2098 677 2143 conor
697 2097 813 2143 nascor.
851 2081 955 2144 Actius
971 2101 1065 2164 quere
1080 2079 1246 2146 dicuntur?
1283 2082 1359 2156 Quis
1379 2094 1486 2167 agunt,
1505 2093 1539 2148 ut
1556 2083 1693 2146 verbero.
1706 2099 1729 2139 1⁵

361 2188 482 2253 Passira
506 2194 627 2270 quare?
664 2189 742 2263 Quia
764 2191 936 2276 patiuntur,
960 2201 994 2254 ut
1017 2192 1171 2256 verberor.
1208 2192 1362 2256 Neutralia
1386 2189 1502 2275 quare?
1539 2192 1617 2266 Quia
1639 2211 1693 2256 nec

361 2309 455 2381 agunt
483 2319 539 2364 nec
571 2302 742 2382 patiuntur,
771 2309 805 2362 ut
833 2309 879 2363 sto
909 2303 993 2365 iaceo
1022 2303 1113 2365 sedeo
1138 2351 1145 2365 .
1169 2310 1242 2366 sunt
1268 2310 1369 2366 nutem
1398 2311 1430 2364 et
1459 2290 1693 2384 semineutralia,

361 2425 438 2490 quoae
458 2415 551 2490 agunt
569 2407 683 2490 aliquid
702 2417 734 2471 et
753 2425 813 2470 non
832 2411 1004 2494 patiuntur,
1024 2421 1058 2474 ut
1077 2419 1147 2473 nato
1167 2429 1272 2494 curr03
1291 2415 1364 2474 item
1384 2410 1440 2474 alia
1459 2411 1694 2495 semineutralia,

361 2533 438 2597 quae
462 2519 620 2598 patiuntur
644 2525 675 2580 et
697 2534 759 2579 non
782 2527 889 2602 agunt,
919 2529 952 2582 ut
981 2517 1088 2601 vapulo
1113 2519 1189 2581 sudo
1213 2512 1316 2582 lerion
1343 2507 1481 2602 langueo‘.
1517 2518 1693 2582 Communia

360 2643 455 2707 quare
479 2619 645 2689 dicuntur?
683 2623 759 2699 Quia
783 2625 840 2689 suh
865 2646 925 2690 uno
952 2625 1043 2690 verbo
1068 2637 1174 2691 tenent
1203 2631 1333 2692 activum
1363 2639 1394 2692 et
1421 2629 1574 2711 passivum
1604 2637 1635 2690 et
1663 2631 1729 2690 ino

360 2743 491 2816 utroque
515 2753 627 2818 genere
647 2754 663 2798 r
682 2753 848 2816 numquam
872 2735 1042 2820 deponunt,
1065 2755 1155 2819 quam
1180 2739 1207 2799 si
1230 2737 1399 2822 deponunt,
1423 2736 1513 2800 latina
1532 2755 1594 2800 non
1615 2746 1694 2820 sunt,

359 2853 396 2906 ut
423 2862 534 2927 precor
561 2843 750 2927 contemplor
779 2845 960 2908 reminiscor
992 2844 1147 2908 recordor.
1190 2845 1376 2927 Deponentia
1405 2865 1498 2928 quare
1526 2841 1693 2910 dicuntur?

362 2950 439 3026 Quia
459 2948 464 3034 Ι
485 2952 642 3036 deponunt
665 2953 762 3016 futuri
784 2955 931 3035 temporis
955 2955 1147 3036 participium
1172 2973 1188 3016 a
1212 2955 1431 3036 significatione
1455 2957 1588 3038 passiva,
1613 2955 1691 3037 quod

361 3063 477 3132 exitio
502 3059 574 3145 dus,
599 3071 633 3124 ut
656 3060 832 3125 moriendus
854 3060 1029 3144 gloriandus
1053 3061 1261 3126 blandiendus.

266 3215 341 3268 rnen
453 3196 579 3261 Numeri
601 3195 765 3259 verborum
788 3203 863 3278 quot
887 3193 982 3260 sunt?
1020 3196 1100 3281 lino,
1124 3198 1301 3282 singularis,
1330 3207 1365 3262 ut
1387 3198 1469 3282 lego,
1495 3198 1635 3284 pluralis,
1659 3208 1727 3262 ntes

359 3303 487 3388 legimus
507 3354 514 3370 .
538 3309 651 3389 ligurae
676 3323 797 3389 quoque
826 3304 966 3390 totidem,
995 3304 1136 3390 simplex,
1159 3316 1194 3370 ut
1217 3307 1298 3391 lego,
1322 3310 1501 3392 composita,
1524 3318 1559 3371 ut
1581 3307 1691 3390 relego.

279 3415 282 3422 '
360 3413 487 3497 Figurae
506 3414 670 3478 verborum
689 3423 765 3496 quot
783 3413 880 3477 modis
900 3411 1146 3497 componuntur?
1179 3416 1343 3494 Quattuor,
1363 3436 1399 3479 ex
1419 3414 1538 3479 dnobus
1556 3418 1691 3498 integris,

359 3532 395 3587 ut
413 3523 552 3587 describo
572 3524 704 3608 depon03
724 3542 760 3586 ex
780 3525 899 3604 integro
920 3531 951 3584 et
969 3532 1129 3608 corrupto,
1151 3533 1187 3620 ut
1206 3523 1312 3607 expleo
1332 3523 1472 3608 consulo,
1491 3544 1528 3588 ex
1548 3535 1690 3608 corrupto

285 3635 290 3644 '
359 3642 391 3694 et
413 3635 547 3716 integro,
571 3640 606 3696 ut
628 3634 742 3696 suliero
766 3630 911 3714 suceed03
935 3649 972 3693 ex
996 3629 1116 3694 duobus
1140 3635 1307 3718 corruptis,
1330 3643 1365 3697 ut
1388 3635 1532 3698 sustineo.

453 3915 588 3974 linceo.
604 3916 642 3985 Β,
660 3915 726 3972 add.
747 3915 779 3984 V,
798 3916 895 3971 item
969 3913 1317 3988 scammoniam,
1333 3917 1446 3974 adm
1516 3919 1690 3985 vicennam,

358 4017 415 4072 guo
441 3999 567 4068 definitio
593 3999 680 4054 antici
702 3997 779 4053 uerbi
801 3997 914 4066 cncidit,
938 3998 1074 4054 indicaui.
1115 3997 1220 4054 Actius
1243 4017 1318 4070 qnae
1343 4003 1426 4057 sont?
1460 3999 1538 4068 Quae
1557 4016 1575 4056 ο
1595 4000 1691 4056 littera

358 4081 548 4138 terminantur
566 4083 596 4136 et
615 4080 734 4150 accepta
752 4094 767 4133 r
783 4076 894 4133 faciunt
916 4095 951 4134 ex
975 4095 1005 4134 se
1028 4078 1187 4151 passivum,
1211 4085 1244 4139 nt
1267 4084 1333 4157 lego
1356 4084 1444 4156 legor.
1481 4082 1601 4139 Pession
1619 4099 1689 4154 quae

359 4167 443 4220 sunta
477 4163 555 4230 Quae
573 4179 589 4217 r
607 4160 705 4217 littera
723 4157 914 4214 terminantur
932 4162 962 4216 et
980 4159 1113 4232 deposito
1132 4179 1167 4218 ea
1189 4165 1311 4221 redeunt
1333 4165 1367 4222 in
1390 4165 1532 4232 activum,
1554 4167 1589 4220 nt
1611 4163 1691 4236 legor

231 4235 237 4242 ⁶
358 4247 423 4318 lego
457 4245 485 4300 V
564 4251 580 4300 9
608 4241 779 4300 terminetur
807 4240 834 4295 Β
914 4248 949 4298 10
973 4241 1078 4314 agendi
1104 4244 1161 4300 vim
1192 4244 1219 4299 V
1242 4246 1377 4318 gendinm
1400 4246 1428 4301 Β
1508 4251 1541 4301 le
1561 4245 1691 4300 consulor

358 4327 490 4384 obsculor
507 4327 536 4382 Β
614 4326 746 4383 consulor
763 4327 793 4381 te
812 4324 843 4380 et
861 4323 993 4381 consulor
1011 4341 1028 4380 a
1046 4325 1076 4379 te
1095 4323 1123 4379 B
1207 4333 1241 4383 15
1260 4327 1373 4400 nascor]
1394 4341 1494 4382 nascor
1511 4325 1540 4380 Β
1623 4325 1691 4396 qnia

358 4413 448 4481 agunt
465 4413 499 4465 ut
517 4409 635 4466 uerbere
654 4405 770 4480 passima
788 4406 857 4476 qnia
870 4407 984 4478 patiant
998 4409 1031 4462 ut
1044 4410 1179 4465 verberor
1194 4410 1233 4465 M
1246 4409 1319 4477 Quia
1332 4411 1422 4480 agunt
1436 4410 1468 4463 ut
1482 4424 1533 4464 ner
1548 4451 1553 4462 .
1569 4407 1690 4464 nerorB

396 4497 429 4547 lt
449 4493 479 4548 et
501 4489 609 4547 semine
629 4531 636 4545 .
656 4487 762 4545 utralia
784 4487 813 4542 Β
841 4489 873 4542 et
900 4487 1042 4544 neamalis
1066 4489 1105 4544 M
1175 4494 1208 4545 te
1227 4489 1285 4546 elia
1312 4489 1419 4546 semine
1438 4531 1444 4542 .
1464 4487 1571 4545 utralie
1589 4488 1618 4543 Β

358 4578 394 4629 20
412 4574 492 4630 tenet
510 4571 582 4628 ΒΜ
651 4573 689 4628 ets
699 4571 728 4626 in
752 4571 874 4639 utroque
898 4583 1001 4639 genere
1025 4568 1232 4642 enumquam
1256 4569 1400 4642 deponent
1422 4569 1500 4641 qnod
1524 4569 1549 4626 ai
1572 4568 1689 4642 deponit

357 4653 449 4710 latina
467 4671 523 4710 non
542 4655 609 4711 sunt
626 4654 664 4722 Β,
683 4667 734 4708 cm.
754 4649 793 4706 M
862 4655 897 4705 23
918 4647 992 4716 Quia
1014 4649 1195 4721 deponuntur
1220 4653 1247 4706 Β
1320 4653 1349 4726 a]
1375 4655 1408 4708 ut
1429 4652 1458 4707 Β
1531 4652 1608 4724 quod
1633 4653 1691 4710 exit

357 4733 386 4788 Β
404 4752 460 4807 qne
479 4735 550 4792 exiit
564 4734 604 4792 M
674 4741 710 4790 24
728 4730 905 4806 gloriandus]
926 4730 1090 4802 gloriendus
1111 4733 1149 4788 M
1222 4731 1410 4789 blandiendus
1429 4733 1519 4806 ligure
1538 4736 1689 4792 uerborum

359 4815 741 4889 1111m0uisconponunmr
764 4833 798 4872 ex
822 4815 878 4870 duo
902 4813 1021 4885 integris
1046 4817 1079 4870 ut
1102 4812 1224 4870 discribo
1244 4815 1283 4869 M
1354 4819 1389 4870 26
1408 4814 1516 4888 relego]
1540 4816 1644 4890 religio
1662 4817 1689 4872 Β

394 4901 429 4952 te
449 4897 582 4955 consuleo
601 4898 676 4953 ΒΜ
747 4915 782 4954 ex
800 4898 933 4967 corrupto
952 4912 1003 4952 oen.
1025 4895 1074 4965 M,
1094 4897 1158 4954 odd.
1177 4897 1206 4951 B
