<?xml version="1.0" encoding="UTF-8"?>
<!DOCTYPE html PUBLIC "-//W3C//DTD XHTML 1.0 Transitional//EN"
    "http://www.w3.org/TR/xhtml1/DTD/xhtml1-transitional.dtd">
<html xmlns="http://www.w3.org/1999/xhtml" xml:lang="en" lang="en">
 <head>
  <title>
</title>
<meta http-equiv="Content-Type" content="text/html;charset=utf-8" />
  <meta name='ocr-system' content='tesseract 3.04.00' />
  <meta name='ocr-capabilities' content='ocr_page ocr_carea ocr_par ocr_line ocrx_word'/>
</head>
<body>
  <div class='ocr_page' id='page_1' title='image "./grammaticilatin00unkngoog/grammaticilatin00unkngoog_0249.png"; bbox 0 0 3590 5486; ppageno 0'>
   <div class='ocr_carea' id='block_1_1' title="bbox 348 341 1079 496">
    <p class='ocr_par' dir='ltr' id='par_1_1' title="bbox 348 341 1079 496">
     <span class='ocr_line' id='line_1_1' title="bbox 348 341 1079 409; baseline -0.005 -3"><span class='ocrx_word' id='word_1_1' title='bbox 348 341 416 409; x_wconf 77' lang='lat'><strong>234</strong></span> <span class='ocrx_word' id='word_1_2' title='bbox 955 343 1079 403; x_wconf 73' lang='lat' dir='ltr'><strong>Bubus</strong></span> 
     </span>
     <span class='ocr_line' id='line_1_2' title="bbox 348 443 526 496; baseline 0 -10"><span class='ocrx_word' id='word_1_3' title='bbox 348 443 526 496; x_wconf 53' lang='lat' dir='ltr'><strong>emme</strong></span> 
     </span>
    </p>
   </div>
   <div class='ocr_carea' id='block_1_2' title="bbox 348 529 1707 1157">
    <p class='ocr_par' dir='ltr' id='par_1_2' title="bbox 348 529 1707 1157">
     <span class='ocr_line' id='line_1_3' title="bbox 349 529 1679 618; baseline 0.002 -23"><span class='ocrx_word' id='word_1_4' title='bbox 349 549 507 595; x_wconf 87' lang='lat' dir='ltr'><strong>remanere</strong></span> <span class='ocrx_word' id='word_1_5' title='bbox 540 531 690 614; x_wconf 88' lang='lat' dir='ltr'><strong>permittit</strong></span> <span class='ocrx_word' id='word_1_6' title='bbox 723 549 821 614; x_wconf 88' lang='lat' dir='ltr'><strong>oeque</strong></span> <span class='ocrx_word' id='word_1_7' title='bbox 851 529 941 596; x_wconf 87' lang='lat' dir='ltr'><strong>uilem</strong></span> <span class='ocrx_word' id='word_1_8' title='bbox 970 531 1158 615; x_wconf 87' lang='lat' dir='ltr'><strong>producendi</strong></span> <span class='ocrx_word' id='word_1_9' title='bbox 1190 533 1280 597; x_wconf 87' lang='lat' dir='ltr'><strong>babet</strong></span> <span class='ocrx_word' id='word_1_10' title='bbox 1314 542 1495 616; x_wconf 84' lang='lat' dir='ltr'><strong>potestatem</strong></span> <span class='ocrx_word' id='word_1_11' title='bbox 1526 533 1679 618; x_wconf 82' lang='lat' dir='ltr'><strong>Prospero</strong></span> 
     </span>
     <span class='ocr_line' id='line_1_4' title="bbox 348 641 601 724; baseline 0.008 -22"><span class='ocrx_word' id='word_1_12' title='bbox 348 649 440 724; x_wconf 89' lang='lat' dir='ltr'><strong>teste,</strong></span> <span class='ocrx_word' id='word_1_13' title='bbox 464 642 516 723; x_wconf 92' lang='lat' dir='ltr'><strong>qui</strong></span> <span class='ocrx_word' id='word_1_14' title='bbox 539 641 601 712; x_wconf 84' lang='lat' dir='ltr'><strong>eit.</strong></span> 
     </span>
     <span class='ocr_line' id='line_1_5' title="bbox 514 749 1564 836; baseline 0.004 -25"><span class='ocrx_word' id='word_1_15' title='bbox 514 767 580 812; x_wconf 91' lang='lat' dir='ltr'><strong>uec</strong></span> <span class='ocrx_word' id='word_1_16' title='bbox 602 756 724 812; x_wconf 83' lang='lat' dir='ltr'><strong>temen</strong></span> <span class='ocrx_word' id='word_1_17' title='bbox 746 749 812 812; x_wconf 90' lang='lat' dir='ltr'><strong>hos</strong></span> <span class='ocrx_word' id='word_1_18' title='bbox 836 757 912 813; x_wconf 88' lang='lat' dir='ltr'><strong>tcto</strong></span> <span class='ocrx_word' id='word_1_19' title='bbox 935 749 1090 834; x_wconf 79' lang='lat' dir='ltr'>depellit</span> <span class='ocrx_word' id='word_1_20' title='bbox 1114 751 1264 816; x_wconf 88' lang='lat' dir='ltr'><strong>loedere</strong></span> <span class='ocrx_word' id='word_1_21' title='bbox 1287 769 1436 836; x_wconf 83' lang='lat' dir='ltr'><strong>guaros,</strong></span> <span class='ocrx_word' id='word_1_22' title='bbox 1560 783 1564 790; x_wconf 92' lang='lat'><strong>·</strong></span> 
     </span>
     <span class='ocr_line' id='line_1_6' title="bbox 514 854 1235 924; baseline 0.006 -4"><span class='ocrx_word' id='word_1_23' title='bbox 514 866 681 920; x_wconf 88' lang='lat' dir='ltr'><strong>naturam</strong></span> <span class='ocrx_word' id='word_1_24' title='bbox 705 865 892 920; x_wconf 78' lang='lat' dir='ltr'><strong>errantum</strong></span> <span class='ocrx_word' id='word_1_25' title='bbox 915 854 1082 920; x_wconf 86' lang='lat' dir='ltr'><strong>dlrldere</strong></span> <span class='ocrx_word' id='word_1_26' title='bbox 1107 861 1235 924; x_wconf 82' lang='lat' dir='ltr'><strong>avitus.</strong></span> 
     </span>
     <span class='ocr_line' id='line_1_7' title="bbox 350 965 1707 1055; baseline 0.001 -25"><span class='ocrx_word' id='word_1_27' title='bbox 350 965 429 1030; x_wconf 89' lang='lat' dir='ltr'><strong>uode</strong></span> <span class='ocrx_word' id='word_1_28' title='bbox 449 975 481 1030; x_wconf 88' lang='lat' dir='ltr'><strong>et</strong></span> <span class='ocrx_word' id='word_1_29' title='bbox 504 967 584 1030; x_wconf 89' lang='lat' dir='ltr'><strong>luter</strong></span> <span class='ocrx_word' id='word_1_30' title='bbox 607 965 737 1049; x_wconf 89' lang='lat' dir='ltr'><strong>liquidus</strong></span> <span class='ocrx_word' id='word_1_31' title='bbox 756 965 986 1050; x_wconf 76' lang='lat' dir='ltr'><strong>adnumeratur,</strong></span> <span class='ocrx_word' id='word_1_32' title='bbox 1010 969 1130 1032; x_wconf 85' lang='lat' dir='ltr'><strong>temetsi</strong></span> <span class='ocrx_word' id='word_1_33' title='bbox 1149 987 1209 1032; x_wconf 90' lang='lat' dir='ltr'><strong>ocu</strong></span> <span class='ocrx_word' id='word_1_34' title='bbox 1232 970 1274 1033; x_wconf 87' lang='lat' dir='ltr'><strong>ita</strong></span> <span class='ocrx_word' id='word_1_35' title='bbox 1298 979 1332 1034; x_wconf 93' lang='lat' dir='ltr'><strong>ut</strong></span> <span class='ocrx_word' id='word_1_36' title='bbox 1355 970 1365 1033; x_wconf 93' lang='lat' dir='ltr'><strong>l</strong></span> <span class='ocrx_word' id='word_1_37' title='bbox 1389 979 1420 1034; x_wconf 90' lang='lat' dir='ltr'><strong>et</strong></span> <span class='ocrx_word' id='word_1_38' title='bbox 1443 989 1473 1055; x_wconf 93' lang='lat' dir='ltr'><strong>r,</strong></span> <span class='ocrx_word' id='word_1_39' title='bbox 1496 990 1574 1053; x_wconf 89' lang='lat' dir='ltr'><strong>quae</strong></span> <span class='ocrx_word' id='word_1_40' title='bbox 1599 989 1707 1034; x_wconf 84' lang='lat' dir='ltr'><strong>com-s</strong></span> 
     </span>
     <span class='ocr_line' id='line_1_8' title="bbox 351 1059 1180 1157; baseline 0.004 -19"><span class='ocrx_word' id='word_1_41' title='bbox 351 1093 459 1140; x_wconf 89' lang='lat' dir='ltr'><strong>munes</strong></span> <span class='ocrx_word' id='word_1_42' title='bbox 482 1073 609 1157; x_wconf 77' lang='lat' dir='ltr'>syllabas</span> <span class='ocrx_word' id='word_1_43' title='bbox 634 1076 733 1140; x_wconf 87' lang='lat' dir='ltr'><strong>iacere</strong></span> <span class='ocrx_word' id='word_1_44' title='bbox 759 1074 864 1140; x_wconf 86' lang='lat' dir='ltr'><strong>solent</strong></span> <span class='ocrx_word' id='word_1_45' title='bbox 918 1059 921 1064; x_wconf 41' lang='lat'>¹</span> <span class='ocrx_word' id='word_1_46' title='bbox 1177 1063 1180 1070; x_wconf 68' lang='grc'><strong>’</strong></span> 
     </span>
    </p>
   </div>
   <div class='ocr_carea' id='block_1_3' title="bbox 502 1195 1254 1318">
    <p class='ocr_par' dir='ltr' id='par_1_3' title="bbox 502 1195 1254 1318">
     <span class='ocr_line' id='line_1_9' title="bbox 502 1195 1254 1318; baseline 0.007 -19"><span class='ocrx_word' id='word_1_47' title='bbox 502 1195 535 1244; x_wconf 61' lang='lat'><strong>“</strong></span> <span class='ocrx_word' id='word_1_48' title='bbox 780 1233 841 1302; x_wconf 85' lang='lat' dir='ltr'><strong>ou</strong></span> <span class='ocrx_word' id='word_1_49' title='bbox 865 1233 1016 1318; x_wconf 79' lang='lat' dir='ltr'><strong>renus</strong></span> <span class='ocrx_word' id='word_1_50' title='bbox 1041 1234 1254 1304; x_wconf 77' lang='lat' dir='ltr'><strong>smoanrs</strong></span> 
     </span>
    </p>
   </div>
   <div class='ocr_carea' id='block_1_4' title="bbox 307 1343 1762 3624">
    <p class='ocr_par' dir='ltr' id='par_1_4' title="bbox 307 1343 1725 2646">
     <span class='ocr_line' id='line_1_10' title="bbox 443 1343 1685 1452; baseline 0.005 -26"><span class='ocrx_word' id='word_1_51' title='bbox 443 1364 522 1428; x_wconf 88' lang='lat' dir='ltr'><strong>llaec</strong></span> <span class='ocrx_word' id='word_1_52' title='bbox 546 1365 583 1428; x_wconf 88' lang='lat' dir='ltr'><strong>de</strong></span> <span class='ocrx_word' id='word_1_53' title='bbox 607 1364 777 1428; x_wconf 86' lang='lat' dir='ltr'><strong>dillereotia</strong></span> <span class='ocrx_word' id='word_1_54' title='bbox 796 1364 976 1448; x_wconf 75' lang='lat' dir='ltr'><strong>syllabarum</strong></span> <span class='ocrx_word' id='word_1_55' title='bbox 1001 1369 1105 1450; x_wconf 87' lang='lat' dir='ltr'><strong>paucis</strong></span> <span class='ocrx_word' id='word_1_56' title='bbox 1124 1367 1203 1430; x_wconf 86' lang='lat' dir='ltr'><strong>dicte</strong></span> <span class='ocrx_word' id='word_1_57' title='bbox 1223 1378 1308 1451; x_wconf 89' lang='lat' dir='ltr'><strong>sunt,</strong></span> <span class='ocrx_word' id='word_1_58' title='bbox 1332 1388 1407 1451; x_wconf 89' lang='lat' dir='ltr'><strong>quas</strong></span> <span class='ocrx_word' id='word_1_59' title='bbox 1428 1371 1519 1433; x_wconf 89' lang='lat' dir='ltr'><strong>etiarn</strong></span> <span class='ocrx_word' id='word_1_60' title='bbox 1539 1343 1685 1452; x_wconf 63' lang='lat' dir='ltr'><strong>exemplis</strong></span> 
     </span>
     <span class='ocr_line' id='line_1_11' title="bbox 351 1471 1684 1559; baseline 0.004 -24"><span class='ocrx_word' id='word_1_61' title='bbox 351 1477 415 1555; x_wconf 88' lang='lat' dir='ltr'><strong>ipse</strong></span> <span class='ocrx_word' id='word_1_62' title='bbox 444 1471 609 1555; x_wconf 90' lang='lat' dir='ltr'><strong>plurimum</strong></span> <span class='ocrx_word' id='word_1_63' title='bbox 638 1472 813 1537; x_wconf 90' lang='lat' dir='ltr'><strong>discernere</strong></span> <span class='ocrx_word' id='word_1_64' title='bbox 841 1485 955 1559; x_wconf 88' lang='lat' dir='ltr'><strong>potest,</strong></span> <span class='ocrx_word' id='word_1_65' title='bbox 983 1479 1034 1558; x_wconf 90' lang='lat' dir='ltr'><strong>qui</strong></span> <span class='ocrx_word' id='word_1_66' title='bbox 1064 1480 1255 1540; x_wconf 82' lang='lat' dir='ltr'><strong>scansionem</strong></span> <span class='ocrx_word' id='word_1_67' title='bbox 1284 1497 1389 1542; x_wconf 82' lang='lat' dir='ltr'><strong>uersus</strong></span> <span class='ocrx_word' id='word_1_68' title='bbox 1417 1478 1531 1542; x_wconf 81' lang='lat' dir='ltr'><strong>heroici</strong></span> <span class='ocrx_word' id='word_1_69' title='bbox 1565 1478 1684 1543; x_wconf 85' lang='lat' dir='ltr'><strong>discere</strong></span> 
     </span>
     <span class='ocr_line' id='line_1_12' title="bbox 352 1583 1722 1670; baseline 0.006 -25"><span class='ocrx_word' id='word_1_70' title='bbox 352 1584 477 1646; x_wconf 82' lang='lat' dir='ltr'><strong>currerit.</strong></span> <span class='ocrx_word' id='word_1_71' title='bbox 514 1583 566 1645; x_wconf 88' lang='lat' dir='ltr'><strong>sed</strong></span> <span class='ocrx_word' id='word_1_72' title='bbox 590 1585 643 1664; x_wconf 92' lang='lat' dir='ltr'><strong>qui</strong></span> <span class='ocrx_word' id='word_1_73' title='bbox 668 1583 796 1646; x_wconf 89' lang='lat' dir='ltr'><strong>necdum</strong></span> <span class='ocrx_word' id='word_1_74' title='bbox 817 1584 853 1648; x_wconf 92' lang='lat' dir='ltr'><strong>ad</strong></span> <span class='ocrx_word' id='word_1_75' title='bbox 877 1585 935 1648; x_wconf 92' lang='lat' dir='ltr'><strong>hoc</strong></span> <span class='ocrx_word' id='word_1_76' title='bbox 959 1589 1111 1670; x_wconf 78' lang='lat' dir='ltr'><strong>peruenit,</strong></span> <span class='ocrx_word' id='word_1_77' title='bbox 1135 1586 1216 1650; x_wconf 89' lang='lat' dir='ltr'><strong>bunc</strong></span> <span class='ocrx_word' id='word_1_78' title='bbox 1236 1589 1359 1650; x_wconf 88' lang='lat' dir='ltr'><strong>interim</strong></span> <span class='ocrx_word' id='word_1_79' title='bbox 1380 1587 1537 1650; x_wconf 80' lang='lat' dir='ltr'><strong>hortamur</strong></span> <span class='ocrx_word' id='word_1_80' title='bbox 1557 1585 1685 1670; x_wconf 73' lang='lat' dir='ltr'><strong>syllabas</strong></span> <span class='ocrx_word' id='word_1_81' title='bbox 1700 1616 1722 1653; x_wconf 85' lang='lat' dir='ltr'><strong>o</strong></span> 
     </span>
     <span class='ocr_line' id='line_1_13' title="bbox 352 1693 1686 1782; baseline 0.004 -30"><span class='ocrx_word' id='word_1_82' title='bbox 352 1693 487 1754; x_wconf 89' lang='lat' dir='ltr'><strong>omnium</strong></span> <span class='ocrx_word' id='word_1_83' title='bbox 520 1693 650 1774; x_wconf 87' lang='lat' dir='ltr'><strong>partium</strong></span> <span class='ocrx_word' id='word_1_84' title='bbox 678 1693 824 1755; x_wconf 86' lang='lat' dir='ltr'><strong>orationis</strong></span> <span class='ocrx_word' id='word_1_85' title='bbox 852 1711 888 1755; x_wconf 86' lang='lat' dir='ltr'><strong>ex</strong></span> <span class='ocrx_word' id='word_1_86' title='bbox 922 1695 1070 1776; x_wconf 89' lang='lat' dir='ltr'><strong>principio</strong></span> <span class='ocrx_word' id='word_1_87' title='bbox 1103 1713 1246 1760; x_wconf 82' lang='lat' dir='ltr'><strong>uersuum</strong></span> <span class='ocrx_word' id='word_1_88' title='bbox 1280 1695 1474 1759; x_wconf 90' lang='lat' dir='ltr'><strong>heroicorum</strong></span> <span class='ocrx_word' id='word_1_89' title='bbox 1510 1695 1686 1782; x_wconf 65' lang='lat' dir='ltr'><strong>dil&#39;gcntlus</strong></span> 
     </span>
     <span class='ocr_line' id='line_1_14' title="bbox 352 1801 1686 1888; baseline 0.004 -27"><span class='ocrx_word' id='word_1_90' title='bbox 352 1809 516 1862; x_wconf 80' lang='lat' dir='ltr'><strong>scrutetur.</strong></span> <span class='ocrx_word' id='word_1_91' title='bbox 553 1801 651 1862; x_wconf 88' lang='lat' dir='ltr'><strong>omnis</strong></span> <span class='ocrx_word' id='word_1_92' title='bbox 674 1801 754 1862; x_wconf 92' lang='lat' dir='ltr'><strong>enim</strong></span> <span class='ocrx_word' id='word_1_93' title='bbox 774 1819 881 1864; x_wconf 83' lang='lat' dir='ltr'><strong>uersus</strong></span> <span class='ocrx_word' id='word_1_94' title='bbox 905 1801 1093 1884; x_wconf 79' lang='lat' dir='ltr'><strong>hexameter,</strong></span> <span class='ocrx_word' id='word_1_95' title='bbox 1117 1805 1169 1885; x_wconf 91' lang='lat' dir='ltr'><strong>qui</strong></span> <span class='ocrx_word' id='word_1_96' title='bbox 1189 1823 1241 1866; x_wconf 86' lang='lat' dir='ltr'><strong>sex</strong></span> <span class='ocrx_word' id='word_1_97' title='bbox 1265 1802 1408 1888; x_wconf 90' lang='lat' dir='ltr'><strong>pedibus,</strong></span> <span class='ocrx_word' id='word_1_98' title='bbox 1431 1814 1463 1868; x_wconf 92' lang='lat' dir='ltr'><strong>et</strong></span> <span class='ocrx_word' id='word_1_99' title='bbox 1486 1813 1686 1886; x_wconf 83' lang='lat' dir='ltr'><strong>pentameter,</strong></span> 
     </span>
     <span class='ocr_line' id='line_1_15' title="bbox 353 1907 1686 1994; baseline 0.004 -25"><span class='ocrx_word' id='word_1_100' title='bbox 353 1909 405 1989; x_wconf 93' lang='lat' dir='ltr'><strong>qui</strong></span> <span class='ocrx_word' id='word_1_101' title='bbox 433 1909 567 1989; x_wconf 90' lang='lat' dir='ltr'><strong>quinque</strong></span> <span class='ocrx_word' id='word_1_102' title='bbox 596 1907 725 1990; x_wconf 84' lang='lat' dir='ltr'><strong>podibus</strong></span> <span class='ocrx_word' id='word_1_103' title='bbox 749 1918 880 1993; x_wconf 88' lang='lat' dir='ltr'><strong>constat,</strong></span> <span class='ocrx_word' id='word_1_104' title='bbox 905 1913 1032 1991; x_wconf 83' lang='lat' dir='ltr'><strong>primam</strong></span> <span class='ocrx_word' id='word_1_105' title='bbox 1059 1909 1150 1974; x_wconf 91' lang='lat' dir='ltr'><strong>habet</strong></span> <span class='ocrx_word' id='word_1_106' title='bbox 1173 1910 1314 1993; x_wconf 85' lang='lat' dir='ltr'><strong>syllabam</strong></span> <span class='ocrx_word' id='word_1_107' title='bbox 1343 1911 1476 1994; x_wconf 87' lang='lat' dir='ltr'><strong>longam,</strong></span> <span class='ocrx_word' id='word_1_108' title='bbox 1505 1911 1686 1994; x_wconf 77' lang='lat' dir='ltr'><strong>quiante</strong></span> 
     </span>
     <span class='ocr_line' id='line_1_16' title="bbox 352 2015 1686 2104; baseline 0.003 -26"><span class='ocrx_word' id='word_1_109' title='bbox 352 2015 486 2100; x_wconf 83' lang='lat' dir='ltr'><strong>spondeo</strong></span> <span class='ocrx_word' id='word_1_110' title='bbox 515 2016 562 2080; x_wconf 84' lang='lat' dir='ltr'><strong>rel</strong></span> <span class='ocrx_word' id='word_1_111' title='bbox 589 2037 606 2080; x_wconf 90' lang='lat' dir='ltr'><strong>a</strong></span> <span class='ocrx_word' id='word_1_112' title='bbox 634 2018 751 2100; x_wconf 85' lang='lat' dir='ltr'><strong>dactylo</strong></span> <span class='ocrx_word' id='word_1_113' title='bbox 785 2021 905 2103; x_wconf 87' lang='lat' dir='ltr'><strong>incipit,</strong></span> <span class='ocrx_word' id='word_1_114' title='bbox 938 2037 1068 2101; x_wconf 87' lang='lat' dir='ltr'><strong>quorum</strong></span> <span class='ocrx_word' id='word_1_115' title='bbox 1096 2021 1181 2102; x_wconf 90' lang='lat' dir='ltr'><strong>prior</strong></span> <span class='ocrx_word' id='word_1_116' title='bbox 1208 2039 1262 2102; x_wconf 88' lang='lat' dir='ltr'><strong>pes</strong></span> <span class='ocrx_word' id='word_1_117' title='bbox 1291 2019 1408 2084; x_wconf 87' lang='lat' dir='ltr'><strong>duabus</strong></span> <span class='ocrx_word' id='word_1_118' title='bbox 1437 2021 1534 2104; x_wconf 91' lang='lat' dir='ltr'><strong>longis</strong></span> <span class='ocrx_word' id='word_1_119' title='bbox 1563 2019 1686 2102; x_wconf 78' lang='lat' dir='ltr'><strong>syllabis</strong></span> 
     </span>
     <span class='ocr_line' id='line_1_17' title="bbox 353 2125 1725 2213; baseline 0.005 -25"><span class='ocrx_word' id='word_1_120' title='bbox 353 2127 505 2208; x_wconf 88' lang='lat' dir='ltr'><strong>consistit,</strong></span> <span class='ocrx_word' id='word_1_121' title='bbox 534 2135 567 2189; x_wconf 92' lang='lat' dir='ltr'><strong>ut</strong></span> <span class='ocrx_word' id='word_1_122' title='bbox 590 2125 708 2212; x_wconf 91' lang='lat' dir='ltr'><strong>dicens,</strong></span> <span class='ocrx_word' id='word_1_123' title='bbox 736 2128 889 2192; x_wconf 87' lang='lat' dir='ltr'><strong>secundus</strong></span> <span class='ocrx_word' id='word_1_124' title='bbox 916 2127 1005 2211; x_wconf 92' lang='lat' dir='ltr'><strong>longa</strong></span> <span class='ocrx_word' id='word_1_125' title='bbox 1028 2137 1059 2191; x_wconf 88' lang='lat' dir='ltr'><strong>et</strong></span> <span class='ocrx_word' id='word_1_126' title='bbox 1087 2127 1204 2190; x_wconf 88' lang='lat' dir='ltr'><strong>duabus</strong></span> <span class='ocrx_word' id='word_1_127' title='bbox 1232 2126 1390 2213; x_wconf 85' lang='lat' dir='ltr'><strong>breuibus,</strong></span> <span class='ocrx_word' id='word_1_128' title='bbox 1415 2139 1449 2192; x_wconf 93' lang='lat' dir='ltr'><strong>ut</strong></span> <span class='ocrx_word' id='word_1_129' title='bbox 1479 2128 1617 2192; x_wconf 81' lang='lat' dir='ltr'><strong>dicimus</strong></span> <span class='ocrx_word' id='word_1_130' title='bbox 1656 2137 1685 2190; x_wconf 86' lang='lat' dir='ltr'><strong>et</strong></span> <span class='ocrx_word' id='word_1_131' title='bbox 1701 2153 1725 2194; x_wconf 80' lang='lat' dir='ltr'><strong>rs</strong></span> 
     </span>
     <span class='ocr_line' id='line_1_18' title="bbox 353 2234 1685 2323; baseline 0.004 -27"><span class='ocrx_word' id='word_1_132' title='bbox 353 2235 420 2296; x_wconf 92' lang='lat' dir='ltr'><strong>ideo</strong></span> <span class='ocrx_word' id='word_1_133' title='bbox 440 2253 510 2297; x_wconf 91' lang='lat' dir='ltr'><strong>cum</strong></span> <span class='ocrx_word' id='word_1_134' title='bbox 530 2234 665 2298; x_wconf 87' lang='lat' dir='ltr'><strong>codicem</strong></span> <span class='ocrx_word' id='word_1_135' title='bbox 685 2235 852 2299; x_wconf 82' lang='lat' dir='ltr'><strong>hexametri</strong></span> <span class='ocrx_word' id='word_1_136' title='bbox 871 2234 917 2299; x_wconf 85' lang='lat' dir='ltr'><strong>rel</strong></span> <span class='ocrx_word' id='word_1_137' title='bbox 936 2235 1060 2319; x_wconf 80' lang='lat' dir='ltr'><strong>elegiaci</strong></span> <span class='ocrx_word' id='word_1_138' title='bbox 1080 2237 1222 2300; x_wconf 86' lang='lat' dir='ltr'><strong>carminis</strong></span> <span class='ocrx_word' id='word_1_139' title='bbox 1237 2234 1370 2301; x_wconf 89' lang='lat' dir='ltr'><strong>adsumis</strong></span> <span class='ocrx_word' id='word_1_140' title='bbox 1389 2239 1421 2300; x_wconf 93' lang='lat' dir='ltr'><strong>iu</strong></span> <span class='ocrx_word' id='word_1_141' title='bbox 1442 2255 1561 2323; x_wconf 88' lang='lat' dir='ltr'><strong>manus,</strong></span> <span class='ocrx_word' id='word_1_142' title='bbox 1581 2257 1685 2320; x_wconf 85' lang='lat' dir='ltr'><strong>quam·</strong></span> 
     </span>
     <span class='ocr_line' id='line_1_19' title="bbox 353 2345 1686 2430; baseline 0.003 -26"><span class='ocrx_word' id='word_1_143' title='bbox 353 2360 482 2423; x_wconf 87' lang='lat' dir='ltr'><strong>cumque</strong></span> <span class='ocrx_word' id='word_1_144' title='bbox 507 2345 644 2424; x_wconf 89' lang='lat' dir='ltr'><strong>pagiuam</strong></span> <span class='ocrx_word' id='word_1_145' title='bbox 663 2346 803 2427; x_wconf 88' lang='lat' dir='ltr'><strong>aperiens</strong></span> <span class='ocrx_word' id='word_1_146' title='bbox 822 2347 1005 2428; x_wconf 83' lang='lat' dir='ltr'><strong>inspexeris,</strong></span> <span class='ocrx_word' id='word_1_147' title='bbox 1025 2362 1247 2426; x_wconf 86' lang='lat' dir='ltr'><strong>quemcumque</strong></span> <span class='ocrx_word' id='word_1_148' title='bbox 1268 2363 1387 2408; x_wconf 80' lang='lat' dir='ltr'><strong>uersum</strong></span> <span class='ocrx_word' id='word_1_149' title='bbox 1407 2347 1546 2428; x_wconf 89' lang='lat' dir='ltr'><strong>aperiens</strong></span> <span class='ocrx_word' id='word_1_150' title='bbox 1566 2346 1686 2430; x_wconf 86' lang='lat' dir='ltr'><strong>legeris,</strong></span> 
     </span>
     <span class='ocr_line' id='line_1_20' title="bbox 353 2450 1685 2538; baseline 0.005 -25"><span class='ocrx_word' id='word_1_151' title='bbox 353 2450 467 2532; x_wconf 89' lang='lat' dir='ltr'><strong>absque</strong></span> <span class='ocrx_word' id='word_1_152' title='bbox 495 2451 555 2515; x_wconf 87' lang='lat' dir='ltr'><strong>ulla</strong></span> <span class='ocrx_word' id='word_1_153' title='bbox 584 2451 736 2516; x_wconf 86' lang='lat' dir='ltr'><strong>dubietate</strong></span> <span class='ocrx_word' id='word_1_154' title='bbox 765 2455 892 2535; x_wconf 87' lang='lat' dir='ltr'><strong>primam</strong></span> <span class='ocrx_word' id='word_1_155' title='bbox 921 2451 1064 2536; x_wconf 90' lang='lat' dir='ltr'><strong>syllabam</strong></span> <span class='ocrx_word' id='word_1_156' title='bbox 1092 2460 1144 2515; x_wconf 90' lang='lat' dir='ltr'><strong>aut</strong></span> <span class='ocrx_word' id='word_1_157' title='bbox 1173 2461 1278 2516; x_wconf 83' lang='lat' dir='ltr'><strong>nature</strong></span> <span class='ocrx_word' id='word_1_158' title='bbox 1308 2463 1360 2516; x_wconf 88' lang='lat' dir='ltr'><strong>eut</strong></span> <span class='ocrx_word' id='word_1_159' title='bbox 1386 2455 1536 2537; x_wconf 90' lang='lat' dir='ltr'><strong>positione</strong></span> <span class='ocrx_word' id='word_1_160' title='bbox 1566 2455 1685 2538; x_wconf 91' lang='lat' dir='ltr'><strong>longam</strong></span> 
     </span>
     <span class='ocr_line' id='line_1_21' title="bbox 307 2560 1660 2646; baseline 0.001 -22"><span class='ocrx_word' id='word_1_161' title='bbox 307 2636 311 2642; x_wconf 37' lang='lat'><strong><em>‚</em></strong></span> <span class='ocrx_word' id='word_1_162' title='bbox 353 2561 504 2646; x_wconf 72' lang='lat' dir='ltr'><strong>inuenies,</strong></span> <span class='ocrx_word' id='word_1_163' title='bbox 527 2563 596 2644; x_wconf 90' lang='lat' dir='ltr'><strong>quia</strong></span> <span class='ocrx_word' id='word_1_164' title='bbox 621 2563 765 2625; x_wconf 90' lang='lat' dir='ltr'><strong>nimirum</strong></span> <span class='ocrx_word' id='word_1_165' title='bbox 789 2564 851 2624; x_wconf 87' lang='lat' dir='ltr'><strong>sire</strong></span> <span class='ocrx_word' id='word_1_166' title='bbox 876 2560 1003 2645; x_wconf 90' lang='lat' dir='ltr'><strong>spondei</strong></span> <span class='ocrx_word' id='word_1_167' title='bbox 1027 2580 1080 2624; x_wconf 91' lang='lat' dir='ltr'><strong>seu</strong></span> <span class='ocrx_word' id='word_1_168' title='bbox 1105 2561 1214 2643; x_wconf 90' lang='lat' dir='ltr'><strong>dactyli</strong></span> <span class='ocrx_word' id='word_1_169' title='bbox 1238 2571 1357 2626; x_wconf 86' lang='lat' dir='ltr'><strong>constat</strong></span> <span class='ocrx_word' id='word_1_170' title='bbox 1375 2581 1442 2626; x_wconf 90' lang='lat' dir='ltr'><strong>esse</strong></span> <span class='ocrx_word' id='word_1_171' title='bbox 1466 2565 1660 2645; x_wconf 88' lang='lat' dir='ltr'><strong>principium.</strong></span> 
     </span>
    </p>

    <p class='ocr_par' dir='ltr' id='par_1_5' title="bbox 352 2669 1762 3624">
     <span class='ocr_line' id='line_1_22' title="bbox 445 2669 1728 2756; baseline 0.003 -24"><span class='ocrx_word' id='word_1_172' title='bbox 445 2669 519 2733; x_wconf 86' lang='lat' dir='ltr'><strong>ltem</strong></span> <span class='ocrx_word' id='word_1_173' title='bbox 547 2672 643 2752; x_wconf 88' lang='lat' dir='ltr'><strong>prima</strong></span> <span class='ocrx_word' id='word_1_174' title='bbox 673 2690 761 2754; x_wconf 87' lang='lat' dir='ltr'><strong>saepe</strong></span> <span class='ocrx_word' id='word_1_175' title='bbox 791 2669 902 2753; x_wconf 89' lang='lat' dir='ltr'><strong>syllaba</strong></span> <span class='ocrx_word' id='word_1_176' title='bbox 925 2689 962 2732; x_wconf 84' lang='lat' dir='ltr'><strong>ex</strong></span> <span class='ocrx_word' id='word_1_177' title='bbox 986 2673 1204 2752; x_wconf 89' lang='lat' dir='ltr'><strong>compositione</strong></span> <span class='ocrx_word' id='word_1_178' title='bbox 1234 2671 1347 2752; x_wconf 83' lang='lat' dir='ltr'><strong>figurae</strong></span> <span class='ocrx_word' id='word_1_179' title='bbox 1371 2670 1624 2756; x_wconf 89' lang='lat' dir='ltr'><strong>deprehenditur,</strong></span> <span class='ocrx_word' id='word_1_180' title='bbox 1655 2682 1728 2736; x_wconf 80' lang='lat' dir='ltr'><strong>utro</strong></span> 
     </span>
     <span class='ocr_line' id='line_1_23' title="bbox 354 2779 1688 2866; baseline 0.001 -24"><span class='ocrx_word' id='word_1_181' title='bbox 354 2782 379 2842; x_wconf 91' lang='lat' dir='ltr'><strong>si</strong></span> <span class='ocrx_word' id='word_1_182' title='bbox 409 2782 527 2842; x_wconf 89' lang='lat' dir='ltr'><strong>nescies</strong></span> <span class='ocrx_word' id='word_1_183' title='bbox 556 2779 652 2862; x_wconf 90' lang='lat' dir='ltr'><strong>qualis</strong></span> <span class='ocrx_word' id='word_1_184' title='bbox 681 2781 720 2842; x_wconf 92' lang='lat' dir='ltr'><strong>sit</strong></span> <span class='ocrx_word' id='word_1_185' title='bbox 747 2781 830 2864; x_wconf 91' lang='lat' dir='ltr'><strong>pius,</strong></span> <span class='ocrx_word' id='word_1_186' title='bbox 860 2798 896 2842; x_wconf 84' lang='lat' dir='ltr'><strong>ex</strong></span> <span class='ocrx_word' id='word_1_187' title='bbox 926 2781 1157 2862; x_wconf 87' lang='lat' dir='ltr'><strong>compositione,</strong></span> <span class='ocrx_word' id='word_1_188' title='bbox 1186 2797 1262 2861; x_wconf 88' lang='lat' dir='ltr'><strong>quac</strong></span> <span class='ocrx_word' id='word_1_189' title='bbox 1292 2789 1340 2843; x_wconf 89' lang='lat' dir='ltr'><strong>est</strong></span> <span class='ocrx_word' id='word_1_190' title='bbox 1366 2783 1494 2866; x_wconf 90' lang='lat' dir='ltr'><strong>impius,</strong></span> <span class='ocrx_word' id='word_1_191' title='bbox 1523 2779 1618 2862; x_wconf 85' lang='lat' dir='ltr'><strong>qualis</strong></span> <span class='ocrx_word' id='word_1_192' title='bbox 1648 2785 1688 2844; x_wconf 89' lang='lat' dir='ltr'><strong>sit</strong></span> 
     </span>
     <span class='ocr_line' id='line_1_24' title="bbox 352 2887 1688 2972; baseline 0.001 -22"><span class='ocrx_word' id='word_1_193' title='bbox 352 2891 421 2971; x_wconf 92' lang='lat' dir='ltr'><strong>pius</strong></span> <span class='ocrx_word' id='word_1_194' title='bbox 445 2891 653 2972; x_wconf 77' lang='lat' dir='ltr'><strong>cognoscitur,</strong></span> <span class='ocrx_word' id='word_1_195' title='bbox 676 2888 747 2950; x_wconf 90' lang='lat' dir='ltr'><strong>licet</strong></span> <span class='ocrx_word' id='word_1_196' title='bbox 771 2891 801 2952; x_wconf 94' lang='lat' dir='ltr'><strong>io</strong></span> <span class='ocrx_word' id='word_1_197' title='bbox 827 2888 986 2970; x_wconf 88' lang='lat' dir='ltr'><strong>aliquantis</strong></span> <span class='ocrx_word' id='word_1_198' title='bbox 1010 2887 1067 2951; x_wconf 91' lang='lat' dir='ltr'><strong>hoc</strong></span> <span class='ocrx_word' id='word_1_199' title='bbox 1093 2887 1181 2950; x_wconf 89' lang='lat' dir='ltr'><strong>lallat.</strong></span> <span class='ocrx_word' id='word_1_200' title='bbox 1221 2907 1288 2951; x_wconf 82' lang='lat' dir='ltr'><strong>raam</strong></span> <span class='ocrx_word' id='word_1_201' title='bbox 1314 2907 1383 2951; x_wconf 90' lang='lat' dir='ltr'><strong>cum</strong></span> <span class='ocrx_word' id='word_1_202' title='bbox 1408 2888 1536 2952; x_wconf 91' lang='lat' dir='ltr'><strong>dicimus</strong></span> <span class='ocrx_word' id='word_1_203' title='bbox 1562 2887 1688 2972; x_wconf 82' lang='lat' dir='ltr'><strong>nubere,</strong></span> 
     </span>
     <span class='ocr_line' id='line_1_25' title="bbox 355 2995 1688 3082; baseline 0.001 -23"><span class='ocrx_word' id='word_1_204' title='bbox 355 3016 396 3059; x_wconf 92' lang='lat' dir='ltr'><strong>nu</strong></span> <span class='ocrx_word' id='word_1_205' title='bbox 425 2995 513 3080; x_wconf 88' lang='lat' dir='ltr'><strong>longa</strong></span> <span class='ocrx_word' id='word_1_206' title='bbox 543 3006 608 3082; x_wconf 70' lang='lat' dir='ltr'><strong>rsty</strong></span> <span class='ocrx_word' id='word_1_207' title='bbox 638 2999 710 3060; x_wconf 90' lang='lat' dir='ltr'><strong>item</strong></span> <span class='ocrx_word' id='word_1_208' title='bbox 739 3015 809 3060; x_wconf 90' lang='lat' dir='ltr'><strong>cum</strong></span> <span class='ocrx_word' id='word_1_209' title='bbox 838 2996 967 3060; x_wconf 88' lang='lat' dir='ltr'><strong>dicimus</strong></span> <span class='ocrx_word' id='word_1_210' title='bbox 999 2996 1112 3060; x_wconf 88' lang='lat' dir='ltr'><strong>inuuba</strong></span> <span class='ocrx_word' id='word_1_211' title='bbox 1140 3007 1192 3061; x_wconf 90' lang='lat' dir='ltr'><strong>aut</strong></span> <span class='ocrx_word' id='word_1_212' title='bbox 1219 2996 1370 3081; x_wconf 88' lang='lat' dir='ltr'><strong>pronuba,</strong></span> <span class='ocrx_word' id='word_1_213' title='bbox 1399 2999 1432 3060; x_wconf 87' lang='lat' dir='ltr'><strong>ut</strong></span> <span class='ocrx_word' id='word_1_214' title='bbox 1459 2996 1560 3060; x_wconf 84' lang='lat' dir='ltr'><strong>brevis</strong></span> <span class='ocrx_word' id='word_1_215' title='bbox 1586 3016 1627 3061; x_wconf 91' lang='lat' dir='ltr'><strong>uu</strong></span> <span class='ocrx_word' id='word_1_216' title='bbox 1658 2999 1688 3060; x_wconf 92' lang='lat' dir='ltr'><strong>iu</strong></span> 
     </span>
     <span class='ocr_line' id='line_1_26' title="bbox 355 3103 1689 3188; baseline -0.001 -20"><span class='ocrx_word' id='word_1_217' title='bbox 355 3108 589 3188; x_wconf 89' lang='lat' dir='ltr'><strong>compositione:</strong></span> <span class='ocrx_word' id='word_1_218' title='bbox 613 3109 684 3170; x_wconf 86' lang='lat' dir='ltr'><strong>item</strong></span> <span class='ocrx_word' id='word_1_219' title='bbox 709 3106 760 3169; x_wconf 83' lang='lat' dir='ltr'><strong>lux</strong></span> <span class='ocrx_word' id='word_1_220' title='bbox 784 3105 861 3168; x_wconf 88' lang='lat' dir='ltr'><strong>lucis</strong></span> <span class='ocrx_word' id='word_1_221' title='bbox 885 3105 916 3168; x_wconf 94' lang='lat' dir='ltr'><strong>lu</strong></span> <span class='ocrx_word' id='word_1_222' title='bbox 940 3106 1027 3186; x_wconf 91' lang='lat' dir='ltr'><strong>longa</strong></span> <span class='ocrx_word' id='word_1_223' title='bbox 1055 3114 1115 3187; x_wconf 89' lang='lat' dir='ltr'><strong>est,</strong></span> <span class='ocrx_word' id='word_1_224' title='bbox 1140 3103 1263 3168; x_wconf 89' lang='lat' dir='ltr'><strong>lucerna</strong></span> <span class='ocrx_word' id='word_1_225' title='bbox 1287 3103 1387 3167; x_wconf 80' lang='lat' dir='ltr'><strong>brevis</strong></span> <span class='ocrx_word' id='word_1_226' title='bbox 1414 3114 1476 3167; x_wconf 88' lang='lat' dir='ltr'><strong>cst:</strong></span> <span class='ocrx_word' id='word_1_227' title='bbox 1500 3107 1573 3168; x_wconf 91' lang='lat' dir='ltr'><strong>item</strong></span> <span class='ocrx_word' id='word_1_228' title='bbox 1597 3105 1689 3167; x_wconf 92' lang='lat' dir='ltr'><strong>bomo</strong></span> 
     </span>
     <span class='ocr_line' id='line_1_27' title="bbox 355 3208 1727 3299; baseline -0.001 -21"><span class='ocrx_word' id='word_1_229' title='bbox 355 3214 456 3278; x_wconf 84' lang='lat' dir='ltr'><strong>brevis</strong></span> <span class='ocrx_word' id='word_1_230' title='bbox 475 3222 522 3277; x_wconf 90' lang='lat' dir='ltr'><strong>cst</strong></span> <span class='ocrx_word' id='word_1_231' title='bbox 548 3213 674 3299; x_wconf 86' lang='lat' dir='ltr'><strong>ubique,</strong></span> <span class='ocrx_word' id='word_1_232' title='bbox 698 3214 848 3277; x_wconf 90' lang='lat' dir='ltr'><strong>humanus</strong></span> <span class='ocrx_word' id='word_1_233' title='bbox 867 3213 971 3295; x_wconf 84' lang='lat' dir='ltr'><strong>leuga:</strong></span> <span class='ocrx_word' id='word_1_234' title='bbox 995 3209 1089 3277; x_wconf 75' lang='lat' dir='ltr'><strong>‘itur</strong></span> <span class='ocrx_word' id='word_1_235' title='bbox 1113 3215 1149 3278; x_wconf 93' lang='lat' dir='ltr'><strong>in</strong></span> <span class='ocrx_word' id='word_1_236' title='bbox 1171 3216 1355 3295; x_wconf 85' lang='lat' dir='ltr'><strong>antiquam</strong></span> <span class='ocrx_word' id='word_1_237' title='bbox 1375 3208 1529 3296; x_wconf 89' lang='lat' dir='ltr'><strong>silram’,</strong></span> <span class='ocrx_word' id='word_1_238' title='bbox 1552 3215 1562 3275; x_wconf 92' lang='lat' dir='ltr'><strong>i</strong></span> <span class='ocrx_word' id='word_1_239' title='bbox 1585 3212 1727 3298; x_wconf 73' lang='lat' dir='ltr'><strong>louga3e</strong></span> 
     </span>
     <span class='ocr_line' id='line_1_28' title="bbox 356 3317 1689 3413; baseline -0.002 -25"><span class='ocrx_word' id='word_1_240' title='bbox 356 3320 621 3408; x_wconf 79' lang='lat' dir='ltr'><strong>‘superumque</strong></span> <span class='ocrx_word' id='word_1_241' title='bbox 646 3323 687 3386; x_wconf 90' lang='lat' dir='ltr'><strong>ad</strong></span> <span class='ocrx_word' id='word_1_242' title='bbox 711 3317 1000 3413; x_wconf 24' lang='lat' dir='ltr'><strong>lumen-ituras’,</strong></span> <span class='ocrx_word' id='word_1_243' title='bbox 1028 3323 1039 3384; x_wconf 93' lang='lat' dir='ltr'><strong>i</strong></span> <span class='ocrx_word' id='word_1_244' title='bbox 1064 3322 1172 3386; x_wconf 84' lang='lat' dir='ltr'><strong>brevis.</strong></span> <span class='ocrx_word' id='word_1_245' title='bbox 1212 3321 1265 3384; x_wconf 89' lang='lat' dir='ltr'><strong>sed</strong></span> <span class='ocrx_word' id='word_1_246' title='bbox 1289 3320 1347 3384; x_wconf 92' lang='lat' dir='ltr'><strong>hoc</strong></span> <span class='ocrx_word' id='word_1_247' title='bbox 1370 3323 1499 3384; x_wconf 87' lang='lat' dir='ltr'><strong>inveniri</strong></span> <span class='ocrx_word' id='word_1_248' title='bbox 1524 3339 1592 3384; x_wconf 87' lang='lat' dir='ltr'><strong>raro</strong></span> <span class='ocrx_word' id='word_1_249' title='bbox 1617 3342 1689 3386; x_wconf 92' lang='lat' dir='ltr'><strong>con·</strong></span> 
     </span>
     <span class='ocr_line' id='line_1_29' title="bbox 357 3429 1689 3516; baseline -0.004 -18"><span class='ocrx_word' id='word_1_250' title='bbox 357 3435 452 3516; x_wconf 87' lang='lat' dir='ltr'><strong>tingit</strong></span> <span class='ocrx_word' id='word_1_251' title='bbox 477 3451 582 3495; x_wconf 84' lang='lat' dir='ltr'><strong>verum</strong></span> <span class='ocrx_word' id='word_1_252' title='bbox 607 3435 632 3496; x_wconf 91' lang='lat' dir='ltr'><strong>si</strong></span> <span class='ocrx_word' id='word_1_253' title='bbox 657 3431 809 3514; x_wconf 81' lang='lat' dir='ltr'><strong>ryuaelibet</strong></span> <span class='ocrx_word' id='word_1_254' title='bbox 833 3451 906 3514; x_wconf 85' lang='lat' dir='ltr'><strong>pars</strong></span> <span class='ocrx_word' id='word_1_255' title='bbox 927 3433 1072 3494; x_wconf 87' lang='lat' dir='ltr'><strong>orationis</strong></span> <span class='ocrx_word' id='word_1_256' title='bbox 1096 3429 1371 3512; x_wconf 81' lang='lat' dir='ltr'><strong>yuuopositionibus</strong></span> <span class='ocrx_word' id='word_1_257' title='bbox 1395 3437 1604 3512; x_wconf 85' lang='lat' dir='ltr'><strong>componatur,</strong></span> <span class='ocrx_word' id='word_1_258' title='bbox 1628 3433 1689 3511; x_wconf 90' lang='lat' dir='ltr'><strong>pri·</strong></span> 
     </span>
     <span class='ocr_line' id='line_1_30' title="bbox 357 3534 1762 3624; baseline -0.001 -20"><span class='ocrx_word' id='word_1_259' title='bbox 357 3561 419 3605; x_wconf 90' lang='lat' dir='ltr'><strong>mas</strong></span> <span class='ocrx_word' id='word_1_260' title='bbox 439 3541 565 3624; x_wconf 90' lang='lat' dir='ltr'><strong>syllabas</strong></span> <span class='ocrx_word' id='word_1_261' title='bbox 585 3561 621 3604; x_wconf 85' lang='lat' dir='ltr'><strong>ex</strong></span> <span class='ocrx_word' id='word_1_262' title='bbox 644 3542 692 3605; x_wconf 90' lang='lat' dir='ltr'><strong>his</strong></span> <span class='ocrx_word' id='word_1_263' title='bbox 714 3544 940 3624; x_wconf 84' lang='lat' dir='ltr'><strong>cognoscimus:</strong></span> <span class='ocrx_word' id='word_1_264' title='bbox 964 3559 1032 3602; x_wconf 87' lang='lat' dir='ltr'><strong>nam</strong></span> <span class='ocrx_word' id='word_1_265' title='bbox 1060 3540 1126 3602; x_wconf 88' lang='lat' dir='ltr'><strong>talis</strong></span> <span class='ocrx_word' id='word_1_266' title='bbox 1143 3534 1146 3624; x_wconf 71' lang='lat' dir='ltr'><strong>l</strong></span> <span class='ocrx_word' id='word_1_267' title='bbox 1166 3538 1298 3602; x_wconf 88' lang='lat' dir='ltr'><strong>mauebit</strong></span> <span class='ocrx_word' id='word_1_268' title='bbox 1322 3539 1385 3601; x_wconf 87' lang='lat' dir='ltr'><strong>iere</strong></span> <span class='ocrx_word' id='word_1_269' title='bbox 1406 3541 1504 3601; x_wconf 90' lang='lat' dir='ltr'><strong>omnis</strong></span> <span class='ocrx_word' id='word_1_270' title='bbox 1524 3541 1689 3620; x_wconf 81' lang='lat' dir='ltr'><strong>composita</strong></span> <span class='ocrx_word' id='word_1_271' title='bbox 1760 3609 1762 3614; x_wconf 85' lang='lat'><em>.</em></span> 
     </span>
    </p>
   </div>
   <div class='ocr_carea' id='block_1_5' title="bbox 357 3645 1730 3841">
    <p class='ocr_par' dir='ltr' id='par_1_6' title="bbox 357 3645 1730 3841">
     <span class='ocr_line' id='line_1_31' title="bbox 357 3645 1690 3743; baseline -0.001 -31"><span class='ocrx_word' id='word_1_272' title='bbox 357 3649 482 3735; x_wconf 89' lang='lat' dir='ltr'><strong>syllaba,</strong></span> <span class='ocrx_word' id='word_1_273' title='bbox 505 3651 602 3733; x_wconf 91' lang='lat' dir='ltr'><strong>qualis</strong></span> <span class='ocrx_word' id='word_1_274' title='bbox 626 3663 656 3716; x_wconf 91' lang='lat' dir='ltr'><strong>et</strong></span> <span class='ocrx_word' id='word_1_275' title='bbox 684 3653 748 3734; x_wconf 88' lang='lat' dir='ltr'><strong>ipsa</strong></span> <span class='ocrx_word' id='word_1_276' title='bbox 771 3650 955 3743; x_wconf 86' lang='lat' dir='ltr'><strong>praepositio</strong></span> <span class='ocrx_word' id='word_1_277' title='bbox 984 3649 1089 3730; x_wconf 86' lang='lat' dir='ltr'><strong>luerit,</strong></span> <span class='ocrx_word' id='word_1_278' title='bbox 1117 3656 1151 3710; x_wconf 94' lang='lat' dir='ltr'><strong>ut</strong></span> <span class='ocrx_word' id='word_1_279' title='bbox 1180 3646 1326 3729; x_wconf 90' lang='lat' dir='ltr'><strong>deceptus</strong></span> <span class='ocrx_word' id='word_1_280' title='bbox 1349 3645 1519 3729; x_wconf 85' lang='lat' dir='ltr'><strong>abundans,</strong></span> <span class='ocrx_word' id='word_1_281' title='bbox 1548 3647 1584 3711; x_wconf 90' lang='lat' dir='ltr'><strong>de</strong></span> <span class='ocrx_word' id='word_1_282' title='bbox 1610 3649 1690 3711; x_wconf 87' lang='lat' dir='ltr'><strong>ride·</strong></span> 
     </span>
     <span class='ocr_line' id='line_1_32' title="bbox 358 3753 1730 3841; baseline -0.004 -19"><span class='ocrx_word' id='word_1_283' title='bbox 358 3759 429 3823; x_wconf 91' lang='lat' dir='ltr'><strong>licet</strong></span> <span class='ocrx_word' id='word_1_284' title='bbox 453 3759 540 3841; x_wconf 87' lang='lat' dir='ltr'><strong>lorrga</strong></span> <span class='ocrx_word' id='word_1_285' title='bbox 565 3768 595 3823; x_wconf 93' lang='lat' dir='ltr'><strong>et</strong></span> <span class='ocrx_word' id='word_1_286' title='bbox 618 3760 654 3823; x_wconf 88' lang='lat' dir='ltr'><strong>ab</strong></span> <span class='ocrx_word' id='word_1_287' title='bbox 679 3760 787 3823; x_wconf 78' lang='lat' dir='ltr'><strong>breuis.</strong></span> <span class='ocrx_word' id='word_1_288' title='bbox 826 3759 898 3820; x_wconf 88' lang='lat' dir='ltr'><strong>item</strong></span> <span class='ocrx_word' id='word_1_289' title='bbox 922 3777 959 3819; x_wconf 83' lang='lat' dir='ltr'><strong>ex</strong></span> <span class='ocrx_word' id='word_1_290' title='bbox 982 3757 1058 3838; x_wconf 89' lang='lat' dir='ltr'><strong>ipsis</strong></span> <span class='ocrx_word' id='word_1_291' title='bbox 1080 3754 1354 3838; x_wconf 86' lang='lat' dir='ltr'><strong>praepositionibus</strong></span> <span class='ocrx_word' id='word_1_292' title='bbox 1373 3755 1409 3822; x_wconf 89' lang='lat' dir='ltr'><strong>atl</strong></span> <span class='ocrx_word' id='word_1_293' title='bbox 1434 3767 1464 3818; x_wconf 89' lang='lat' dir='ltr'><strong>et</strong></span> <span class='ocrx_word' id='word_1_294' title='bbox 1487 3753 1527 3817; x_wconf 93' lang='lat' dir='ltr'><strong>ob</strong></span> <span class='ocrx_word' id='word_1_295' title='bbox 1551 3765 1581 3819; x_wconf 85' lang='lat' dir='ltr'><strong>et</strong></span> <span class='ocrx_word' id='word_1_296' title='bbox 1604 3759 1635 3819; x_wconf 91' lang='lat' dir='ltr'><strong>iu</strong></span> <span class='ocrx_word' id='word_1_297' title='bbox 1660 3767 1691 3820; x_wconf 82' lang='lat' dir='ltr'><strong>et</strong></span> <span class='ocrx_word' id='word_1_298' title='bbox 1705 3778 1730 3817; x_wconf 85' lang='lat' dir='ltr'><strong>ao</strong></span> 
     </span>
    </p>
   </div>
   <div class='ocr_carea' id='block_1_6' title="bbox 450 3893 1694 3966">
    <p class='ocr_par' dir='ltr' id='par_1_7' title="bbox 450 3893 1694 3966">
     <span class='ocr_line' id='line_1_33' title="bbox 450 3893 1694 3966; baseline -0.002 -12"><span class='ocrx_word' id='word_1_299' title='bbox 450 3904 466 3954; x_wconf 81' lang='grc'>3</span> <span class='ocrx_word' id='word_1_300' title='bbox 486 3917 539 3957; x_wconf 88' lang='lat' dir='ltr'><strong>uec</strong></span> <span class='ocrx_word' id='word_1_301' title='bbox 557 3903 653 3955; x_wconf 86' lang='lat' dir='ltr'><strong>temen</strong></span> <span class='ocrx_word' id='word_1_302' title='bbox 674 3900 724 3954; x_wconf 83' lang='lat' dir='ltr'><strong>hor</strong></span> <span class='ocrx_word' id='word_1_303' title='bbox 739 3900 802 3955; x_wconf 84' lang='lat' dir='ltr'><strong>toto</strong></span> <span class='ocrx_word' id='word_1_304' title='bbox 817 3893 938 3966; x_wconf 79' lang='lat' dir='ltr'><strong>depellit</strong></span> <span class='ocrx_word' id='word_1_305' title='bbox 955 3893 1070 3952; x_wconf 83' lang='lat' dir='ltr'><strong>foedere</strong></span> <span class='ocrx_word' id='word_1_306' title='bbox 1090 3910 1192 3966; x_wconf 87' lang='lat' dir='ltr'><strong>gnuros</strong></span> <span class='ocrx_word' id='word_1_307' title='bbox 1206 3895 1259 3954; x_wconf 77' lang='lat' dir='ltr'><strong>aP</strong></span> <span class='ocrx_word' id='word_1_308' title='bbox 1275 3911 1328 3950; x_wconf 89' lang='lat' dir='ltr'><strong>uec</strong></span> <span class='ocrx_word' id='word_1_309' title='bbox 1343 3893 1402 3948; x_wconf 84' lang='lat' dir='ltr'><strong>t&#39;m&#39;</strong></span> <span class='ocrx_word' id='word_1_310' title='bbox 1417 3894 1470 3949; x_wconf 88' lang='lat' dir='ltr'><strong>bor</strong></span> <span class='ocrx_word' id='word_1_311' title='bbox 1489 3895 1552 3950; x_wconf 85' lang='lat' dir='ltr'><strong>tcto</strong></span> <span class='ocrx_word' id='word_1_312' title='bbox 1571 3893 1694 3966; x_wconf 89' lang='lat' dir='ltr'><strong>depellit</strong></span> 
     </span>
    </p>
   </div>
   <div class='ocr_carea' id='block_1_7' title="bbox 358 3959 1696 4950">
    <p class='ocr_par' dir='ltr' id='par_1_8' title="bbox 358 3959 1696 4950">
     <span class='ocr_line' id='line_1_34' title="bbox 367 3959 381 3988; baseline 0 0"><span class='ocrx_word' id='word_1_313' title='bbox 367 3959 381 3988; x_wconf 89' lang='grc'><strong>0</strong></span> 
     </span>
     <span class='ocr_line' id='line_1_35' title="bbox 358 3992 1691 4071; baseline -0.005 -16"><span class='ocrx_word' id='word_1_314' title='bbox 358 4000 454 4056; x_wconf 81' lang='lat' dir='ltr'><strong>ledere</strong></span> <span class='ocrx_word' id='word_1_315' title='bbox 473 4015 578 4071; x_wconf 83' lang='lat' dir='ltr'><strong>guerus</strong></span> <span class='ocrx_word' id='word_1_316' title='bbox 598 3997 629 4054; x_wconf 99' lang='lat' dir='ltr'><em>F</em></span> <span class='ocrx_word' id='word_1_317' title='bbox 646 3997 785 4055; x_wconf 84' lang='lat' dir='ltr'><strong>nectimus</strong></span> <span class='ocrx_word' id='word_1_318' title='bbox 804 3997 857 4052; x_wconf 90' lang='lat' dir='ltr'><strong>hos</strong></span> <span class='ocrx_word' id='word_1_319' title='bbox 875 3995 939 4050; x_wconf 88' lang='lat' dir='ltr'><strong>toto</strong></span> <span class='ocrx_word' id='word_1_320' title='bbox 958 3992 1077 4065; x_wconf 86' lang='lat' dir='ltr'><strong>depellit</strong></span> <span class='ocrx_word' id='word_1_321' title='bbox 1096 4009 1212 4065; x_wconf 87' lang='lat' dir='ltr'><strong>corpore</strong></span> <span class='ocrx_word' id='word_1_322' title='bbox 1232 4009 1337 4066; x_wconf 79' lang='lat' dir='ltr'><strong>guerus</strong></span> <span class='ocrx_word' id='word_1_323' title='bbox 1357 3992 1383 4047; x_wconf 99' lang='lat' dir='ltr'><strong><em>L</em></strong></span> <span class='ocrx_word' id='word_1_324' title='bbox 1439 3998 1457 4047; x_wconf 78' lang='lat'>4</span> <span class='ocrx_word' id='word_1_325' title='bbox 1476 3995 1620 4049; x_wconf 79' lang='lat' dir='ltr'><strong>amentum</strong></span> <span class='ocrx_word' id='word_1_326' title='bbox 1640 3993 1666 4048; x_wconf 92' lang='lat' dir='ltr'><strong><em>L</em></strong></span> <span class='ocrx_word' id='word_1_327' title='bbox 1668 4013 1691 4065; x_wconf 90' lang='lat' dir='ltr'><strong>p</strong></span> 
     </span>
     <span class='ocr_line' id='line_1_36' title="bbox 359 4074 1692 4138; baseline -0.007 0"><span class='ocrx_word' id='word_1_328' title='bbox 359 4080 514 4138; x_wconf 80' lang='lat' dir='ltr'><strong>ementium</strong></span> <span class='ocrx_word' id='word_1_329' title='bbox 534 4080 563 4134; x_wconf 93' lang='lat' dir='ltr'><strong><em>P</em></strong></span> <span class='ocrx_word' id='word_1_330' title='bbox 582 4078 735 4136; x_wconf 81' lang='lat' dir='ltr'><strong>errantium</strong></span> <span class='ocrx_word' id='word_1_331' title='bbox 759 4094 828 4133; x_wconf 82' lang='lat' dir='ltr'><strong>corr.</strong></span> <span class='ocrx_word' id='word_1_332' title='bbox 849 4078 924 4131; x_wconf 89' lang='lat' dir='ltr'><strong>-tum</strong></span> <span class='ocrx_word' id='word_1_333' title='bbox 949 4075 979 4130; x_wconf 92' lang='lat' dir='ltr'><em>F</em></span> <span class='ocrx_word' id='word_1_334' title='bbox 1014 4115 1019 4124; x_wconf 79' lang='lat'>.</span> <span class='ocrx_word' id='word_1_335' title='bbox 1069 4075 1167 4131; x_wconf 87' lang='lat' dir='ltr'><strong>euicue</strong></span> <span class='ocrx_word' id='word_1_336' title='bbox 1190 4075 1217 4130; x_wconf 90' lang='lat' dir='ltr'><strong><em>L</em></strong></span> <span class='ocrx_word' id='word_1_337' title='bbox 1309 4075 1556 4130; x_wconf 75' lang='lat' dir='ltr'><strong>denumeratur</strong></span> <span class='ocrx_word' id='word_1_338' title='bbox 1574 4074 1692 4131; x_wconf 83' lang='lat' dir='ltr'><strong>temetsi</strong></span> 
     </span>
     <span class='ocr_line' id='line_1_37' title="bbox 360 4155 1691 4233; baseline -0.008 -14"><span class='ocrx_word' id='word_1_339' title='bbox 360 4163 558 4233; x_wconf 61' lang='lat' dir='ltr'><strong>(musciptc</strong></span> <span class='ocrx_word' id='word_1_340' title='bbox 581 4158 713 4232; x_wconf 79' lang='lat' dir='ltr'><strong>quemuis</strong></span> <span class='ocrx_word' id='word_1_341' title='bbox 737 4160 757 4226; x_wconf 86' lang='lat' dir='ltr'><strong>l)</strong></span> <span class='ocrx_word' id='word_1_342' title='bbox 782 4158 810 4213; x_wconf 94' lang='lat' dir='ltr'><strong><em>L</em></strong></span> <span class='ocrx_word' id='word_1_343' title='bbox 838 4159 1021 4214; x_wconf 80' lang='lat' dir='ltr'><strong>enumeretur</strong></span> <span class='ocrx_word' id='word_1_344' title='bbox 1044 4157 1129 4212; x_wconf 83' lang='lat' dir='ltr'><strong>temri</strong></span> <span class='ocrx_word' id='word_1_345' title='bbox 1149 4155 1179 4210; x_wconf 92' lang='lat' dir='ltr'><em>F</em></span> <span class='ocrx_word' id='word_1_346' title='bbox 1206 4155 1430 4211; x_wconf 77' lang='lat' dir='ltr'><strong>adnumerentur</strong></span> <span class='ocrx_word' id='word_1_347' title='bbox 1453 4157 1534 4224; x_wconf 65' lang='lat' dir='ltr'><strong>(coru</strong></span> <span class='ocrx_word' id='word_1_348' title='bbox 1560 4157 1638 4210; x_wconf 71' lang='lat' dir='ltr'><strong>catur</strong></span> <span class='ocrx_word' id='word_1_349' title='bbox 1659 4159 1691 4226; x_wconf 85' lang='lat' dir='ltr'><strong>p)</strong></span> 
     </span>
     <span class='ocr_line' id='line_1_38' title="bbox 359 4233 1692 4308; baseline -0.005 -10"><span class='ocrx_word' id='word_1_350' title='bbox 359 4247 456 4300; x_wconf 80' lang='lat' dir='ltr'><strong>tomen</strong></span> <span class='ocrx_word' id='word_1_351' title='bbox 475 4241 529 4300; x_wconf 87' lang='lat' dir='ltr'><strong>clei</strong></span> <span class='ocrx_word' id='word_1_352' title='bbox 550 4241 578 4297; x_wconf 82' lang='grc' dir='ltr'>Ρ</span> <span class='ocrx_word' id='word_1_353' title='bbox 650 4241 753 4295; x_wconf 87' lang='lat' dir='ltr'><strong>8suut</strong></span> <span class='ocrx_word' id='word_1_354' title='bbox 771 4237 838 4305; x_wconf 87' lang='lat' dir='ltr'><strong>LP,</strong></span> <span class='ocrx_word' id='word_1_355' title='bbox 858 4253 908 4294; x_wconf 88' lang='lat' dir='ltr'><strong>cm.</strong></span> <span class='ocrx_word' id='word_1_356' title='bbox 930 4237 967 4304; x_wconf 86' lang='lat' dir='ltr'><strong>F,</strong></span> <span class='ocrx_word' id='word_1_357' title='bbox 986 4237 1080 4305; x_wconf 78' lang='lat' dir='ltr'><strong>siuts</strong></span> <span class='ocrx_word' id='word_1_358' title='bbox 1148 4253 1219 4308; x_wconf 83' lang='lat' dir='ltr'><strong>quas</strong></span> <span class='ocrx_word' id='word_1_359' title='bbox 1238 4236 1295 4291; x_wconf 87' lang='lat' dir='ltr'><strong>suis</strong></span> <span class='ocrx_word' id='word_1_360' title='bbox 1315 4233 1450 4292; x_wconf 85' lang='lat' dir='ltr'><strong>etiemL</strong></span> <span class='ocrx_word' id='word_1_361' title='bbox 1525 4241 1560 4291; x_wconf 89' lang='grc'><strong>10</strong></span> <span class='ocrx_word' id='word_1_362' title='bbox 1579 4239 1692 4293; x_wconf 80' lang='lat' dir='ltr'><strong>cersuit</strong></span> 
     </span>
     <span class='ocr_line' id='line_1_39' title="bbox 360 4314 1692 4388; baseline -0.006 -8"><span class='ocrx_word' id='word_1_363' title='bbox 360 4325 421 4380; x_wconf 90' lang='lat' dir='ltr'><strong>FL</strong></span> <span class='ocrx_word' id='word_1_364' title='bbox 441 4322 554 4382; x_wconf 79' lang='lat' dir='ltr'><strong>carebit</strong></span> <span class='ocrx_word' id='word_1_365' title='bbox 571 4339 641 4380; x_wconf 85' lang='lat' dir='ltr'><strong>cerr.</strong></span> <span class='ocrx_word' id='word_1_366' title='bbox 662 4319 805 4376; x_wconf 80' lang='lat' dir='ltr'><strong>tumuerit</strong></span> <span class='ocrx_word' id='word_1_367' title='bbox 823 4318 853 4373; x_wconf 88' lang='lat' dir='ltr'><strong><em>P</em></strong></span> <span class='ocrx_word' id='word_1_368' title='bbox 868 4317 980 4375; x_wconf 85' lang='lat' dir='ltr'><strong>carebit</strong></span> <span class='ocrx_word' id='word_1_369' title='bbox 998 4335 1015 4378; x_wconf 84' lang='grc' dir='ltr'><strong>ς</strong></span> <span class='ocrx_word' id='word_1_370' title='bbox 1071 4317 1121 4374; x_wconf 88' lang='lat' dir='ltr'><strong>sed</strong></span> <span class='ocrx_word' id='word_1_371' title='bbox 1140 4317 1236 4388; x_wconf 85' lang='lat' dir='ltr'><strong>etqui</strong></span> <span class='ocrx_word' id='word_1_372' title='bbox 1255 4317 1307 4377; x_wconf 74' lang='lat' dir='ltr'><strong>sP</strong></span> <span class='ocrx_word' id='word_1_373' title='bbox 1362 4323 1395 4372; x_wconf 82' lang='grc'><strong>13</strong></span> <span class='ocrx_word' id='word_1_374' title='bbox 1415 4314 1556 4387; x_wconf 81' lang='lat' dir='ltr'><strong>syllabam</strong></span> <span class='ocrx_word' id='word_1_375' title='bbox 1575 4315 1692 4388; x_wconf 78' lang='lat' dir='ltr'><strong>longum</strong></span> 
     </span>
     <span class='ocr_line' id='line_1_40' title="bbox 360 4395 1692 4475; baseline -0.008 -12"><span class='ocrx_word' id='word_1_376' title='bbox 360 4407 448 4464; x_wconf 81' lang='lat' dir='ltr'><strong>babet</strong></span> <span class='ocrx_word' id='word_1_377' title='bbox 467 4405 493 4461; x_wconf 95' lang='lat' dir='ltr'><strong><em>L</em></strong></span> <span class='ocrx_word' id='word_1_378' title='bbox 567 4403 636 4475; x_wconf 84' lang='lat' dir='ltr'><strong>quia</strong></span> <span class='ocrx_word' id='word_1_379' title='bbox 652 4402 700 4458; x_wconf 85' lang='lat' dir='ltr'><strong>uel</strong></span> <span class='ocrx_word' id='word_1_380' title='bbox 719 4401 771 4470; x_wconf 77' lang='lat' dir='ltr'><strong>Lf</strong></span> <span class='ocrx_word' id='word_1_381' title='bbox 784 4399 833 4471; x_wconf 87' lang='lat' dir='ltr'><strong>qui</strong></span> <span class='ocrx_word' id='word_1_382' title='bbox 851 4400 898 4456; x_wconf 92' lang='lat' dir='ltr'><strong>uel</strong></span> <span class='ocrx_word' id='word_1_383' title='bbox 919 4399 950 4455; x_wconf 90' lang='lat' dir='ltr'><em>F</em></span> <span class='ocrx_word' id='word_1_384' title='bbox 967 4401 1106 4470; x_wconf 75' lang='lat' dir='ltr'><strong>quesnel</strong></span> <span class='ocrx_word' id='word_1_385' title='bbox 1125 4401 1178 4460; x_wconf 87' lang='grc' dir='ltr'><strong>ςΡ</strong></span> <span class='ocrx_word' id='word_1_386' title='bbox 1251 4404 1284 4454; x_wconf 85' lang='lat' dir='ltr'><strong>lb</strong></span> <span class='ocrx_word' id='word_1_387' title='bbox 1304 4396 1435 4455; x_wconf 88' lang='lat' dir='ltr'><strong>consistit</strong></span> <span class='ocrx_word' id='word_1_388' title='bbox 1454 4395 1517 4452; x_wconf 92' lang='lat' dir='ltr'><strong>FP</strong></span> <span class='ocrx_word' id='word_1_389' title='bbox 1532 4399 1647 4454; x_wconf 85' lang='lat' dir='ltr'><strong>constet</strong></span> <span class='ocrx_word' id='word_1_390' title='bbox 1665 4397 1692 4452; x_wconf 85' lang='lat' dir='ltr'><strong><em>L</em></strong></span> 
     </span>
     <span class='ocr_line' id='line_1_41' title="bbox 416 4477 1692 4558; baseline -0.008 -15"><span class='ocrx_word' id='word_1_391' title='bbox 416 4494 450 4543; x_wconf 80' lang='grc'><strong>16</strong></span> <span class='ocrx_word' id='word_1_392' title='bbox 469 4501 678 4558; x_wconf 86' lang='lat' dir='ltr'><strong>quamcumque</strong></span> <span class='ocrx_word' id='word_1_393' title='bbox 698 4483 832 4554; x_wconf 75' lang='lat' dir='ltr'><strong>peginam</strong></span> <span class='ocrx_word' id='word_1_394' title='bbox 846 4480 978 4552; x_wconf 77' lang='lat' dir='ltr'><strong>aperiens</strong></span> <span class='ocrx_word' id='word_1_395' title='bbox 996 4481 1117 4553; x_wconf 82' lang='lat' dir='ltr'><strong>imperis</strong></span> <span class='ocrx_word' id='word_1_396' title='bbox 1131 4498 1204 4554; x_wconf 83' lang='lat' dir='ltr'><strong>quse</strong></span> <span class='ocrx_word' id='word_1_397' title='bbox 1224 4481 1305 4549; x_wconf 86' lang='lat' dir='ltr'><strong>(corr.</strong></span> <span class='ocrx_word' id='word_1_398' title='bbox 1321 4477 1477 4550; x_wconf 81' lang='lat' dir='ltr'><strong>inspexeris</strong></span> <span class='ocrx_word' id='word_1_399' title='bbox 1491 4483 1546 4550; x_wconf 73' lang='lat' dir='ltr'><strong>que</strong></span> <span class='ocrx_word' id='word_1_400' title='bbox 1565 4479 1593 4547; x_wconf 72' lang='lat' dir='ltr'><strong>l)</strong></span> <span class='ocrx_word' id='word_1_401' title='bbox 1614 4494 1692 4533; x_wconf 91' lang='lat' dir='ltr'><strong>cum-</strong></span> 
     </span>
     <span class='ocr_line' id='line_1_42' title="bbox 361 4557 1696 4641; baseline -0.01 -15"><span class='ocrx_word' id='word_1_402' title='bbox 361 4587 416 4641; x_wconf 89' lang='lat' dir='ltr'><strong>que</strong></span> <span class='ocrx_word' id='word_1_403' title='bbox 435 4585 534 4625; x_wconf 87' lang='lat' dir='ltr'><strong>uersus</strong></span> <span class='ocrx_word' id='word_1_404' title='bbox 554 4566 685 4638; x_wconf 84' lang='lat' dir='ltr'><strong>aperiens</strong></span> <span class='ocrx_word' id='word_1_405' title='bbox 705 4564 808 4636; x_wconf 84' lang='lat' dir='ltr'><strong>legeris</strong></span> <span class='ocrx_word' id='word_1_406' title='bbox 829 4562 860 4619; x_wconf 91' lang='lat' dir='ltr'><em>F</em></span> <span class='ocrx_word' id='word_1_407' title='bbox 914 4569 946 4619; x_wconf 81' lang='lat' dir='ltr'><strong>tt</strong></span> <span class='ocrx_word' id='word_1_408' title='bbox 967 4571 1080 4620; x_wconf 87' lang='lat' dir='ltr'><strong>uersum</strong></span> <span class='ocrx_word' id='word_1_409' title='bbox 1099 4563 1237 4634; x_wconf 80' lang='lat' dir='ltr'><strong>arripiens</strong></span> <span class='ocrx_word' id='word_1_410' title='bbox 1257 4561 1308 4621; x_wconf 81' lang='lat' dir='ltr'><strong>sP</strong></span> <span class='ocrx_word' id='word_1_411' title='bbox 1361 4567 1393 4616; x_wconf 83' lang='lat'><strong>19</strong></span> <span class='ocrx_word' id='word_1_412' title='bbox 1413 4559 1481 4631; x_wconf 83' lang='lat' dir='ltr'><strong>quie</strong></span> <span class='ocrx_word' id='word_1_413' title='bbox 1500 4557 1584 4628; x_wconf 77' lang='lat' dir='ltr'><strong>LPf</strong></span> <span class='ocrx_word' id='word_1_414' title='bbox 1599 4558 1649 4630; x_wconf 93' lang='lat' dir='ltr'><strong>qui</strong></span> <span class='ocrx_word' id='word_1_415' title='bbox 1666 4557 1696 4613; x_wconf 95' lang='lat' dir='ltr'><em>F</em></span> 
     </span>
     <span class='ocr_line' id='line_1_43' title="bbox 415 4640 1692 4720; baseline -0.008 -14"><span class='ocrx_word' id='word_1_416' title='bbox 415 4649 476 4706; x_wconf 87' lang='lat' dir='ltr'><strong>siue</strong></span> <span class='ocrx_word' id='word_1_417' title='bbox 495 4648 595 4706; x_wconf 73' lang='lat' dir='ltr'><strong>ductili</strong></span> <span class='ocrx_word' id='word_1_418' title='bbox 614 4665 663 4704; x_wconf 85' lang='lat' dir='ltr'><strong>reu</strong></span> <span class='ocrx_word' id='word_1_419' title='bbox 682 4645 848 4720; x_wconf 89' lang='lat' dir='ltr'><strong>spondeiL</strong></span> <span class='ocrx_word' id='word_1_420' title='bbox 904 4649 937 4700; x_wconf 80' lang='grc'><strong>11</strong></span> <span class='ocrx_word' id='word_1_421' title='bbox 959 4643 1051 4715; x_wconf 86' lang='lat' dir='ltr'><strong>quelis</strong></span> <span class='ocrx_word' id='word_1_422' title='bbox 1070 4645 1109 4702; x_wconf 85' lang='lat' dir='ltr'><strong>sit</strong></span> <span class='ocrx_word' id='word_1_423' title='bbox 1127 4645 1190 4717; x_wconf 80' lang='lat' dir='ltr'><strong>pius</strong></span> <span class='ocrx_word' id='word_1_424' title='bbox 1207 4644 1358 4715; x_wconf 83' lang='lat' dir='ltr'><strong>posteriore</strong></span> <span class='ocrx_word' id='word_1_425' title='bbox 1376 4643 1433 4698; x_wconf 88' lang='lat' dir='ltr'><strong>loco</strong></span> <span class='ocrx_word' id='word_1_426' title='bbox 1453 4657 1504 4698; x_wconf 81' lang='lat' dir='ltr'><strong>cru.</strong></span> <span class='ocrx_word' id='word_1_427' title='bbox 1524 4640 1551 4695; x_wconf 91' lang='lat' dir='ltr'><strong><em>L</em></strong></span> <span class='ocrx_word' id='word_1_428' title='bbox 1608 4645 1643 4695; x_wconf 77' lang='lat' dir='ltr'><strong>st</strong></span> <span class='ocrx_word' id='word_1_429' title='bbox 1663 4641 1692 4696; x_wconf 90' lang='lat' dir='ltr'><strong>lu</strong></span> 
     </span>
     <span class='ocr_line' id='line_1_44' title="bbox 361 4723 1692 4803; baseline -0.008 -16"><span class='ocrx_word' id='word_1_430' title='bbox 361 4731 508 4803; x_wconf 76' lang='lat' dir='ltr'><strong>longeest</strong></span> <span class='ocrx_word' id='word_1_431' title='bbox 524 4730 652 4802; x_wconf 84' lang='lat' dir='ltr'><strong>Plcnge</strong></span> <span class='ocrx_word' id='word_1_432' title='bbox 667 4734 711 4785; x_wconf 88' lang='lat' dir='ltr'><strong>est</strong></span> <span class='ocrx_word' id='word_1_433' title='bbox 725 4729 755 4784; x_wconf 91' lang='lat' dir='ltr'><strong>lu</strong></span> <span class='ocrx_word' id='word_1_434' title='bbox 770 4727 811 4783; x_wconf 90' lang='lat' dir='ltr'><strong>L:</strong></span> <span class='ocrx_word' id='word_1_435' title='bbox 831 4727 926 4782; x_wconf 78' lang='lat' dir='ltr'><strong>lucos.</strong></span> <span class='ocrx_word' id='word_1_436' title='bbox 943 4723 974 4779; x_wconf 95' lang='lat' dir='ltr'><em>F</em></span> <span class='ocrx_word' id='word_1_437' title='bbox 1040 4731 1074 4781; x_wconf 76' lang='lat'><strong>25</strong></span> <span class='ocrx_word' id='word_1_438' title='bbox 1093 4725 1163 4800; x_wconf 88' lang='lat' dir='ltr'><strong>itur]</strong></span> <span class='ocrx_word' id='word_1_439' title='bbox 1190 4725 1268 4795; x_wconf 79' lang='lat' dir='ltr'><strong>Verp.</strong></span> <span class='ocrx_word' id='word_1_440' title='bbox 1288 4725 1358 4780; x_wconf 80' lang='lat' dir='ltr'><strong>Aen.</strong></span> <span class='ocrx_word' id='word_1_441' title='bbox 1380 4723 1427 4778; x_wconf 86' lang='lat' dir='ltr'><strong>VI</strong></span> <span class='ocrx_word' id='word_1_442' title='bbox 1444 4727 1499 4778; x_wconf 84' lang='lat'><strong>179</strong></span> <span class='ocrx_word' id='word_1_443' title='bbox 1555 4727 1589 4777; x_wconf 74' lang='lat' dir='ltr'><strong>tt</strong></span> <span class='ocrx_word' id='word_1_444' title='bbox 1609 4738 1692 4794; x_wconf 85' lang='lat' dir='ltr'><strong>aupe-</strong></span> 
     </span>
     <span class='ocr_line' id='line_1_45' title="bbox 361 4799 1657 4883; baseline -0.008 -15"><span class='ocrx_word' id='word_1_445' title='bbox 361 4810 493 4883; x_wconf 85' lang='lat' dir='ltr'><strong>rnmque]</strong></span> <span class='ocrx_word' id='word_1_446' title='bbox 520 4809 838 4882; x_wconf 78' lang='lat' dir='ltr'><strong>Ver·g.Aro.V1680</strong></span> <span class='ocrx_word' id='word_1_447' title='bbox 923 4807 1013 4862; x_wconf 87' lang='lat' dir='ltr'><strong>iturus</strong></span> <span class='ocrx_word' id='word_1_448' title='bbox 1032 4807 1058 4861; x_wconf 89' lang='lat' dir='ltr'><strong><em>L</em></strong></span> <span class='ocrx_word' id='word_1_449' title='bbox 1139 4803 1268 4862; x_wconf 84' lang='lat' dir='ltr'><strong>inuenire</strong></span> <span class='ocrx_word' id='word_1_450' title='bbox 1288 4801 1319 4858; x_wconf 88' lang='lat' dir='ltr'><em>F</em></span> <span class='ocrx_word' id='word_1_451' title='bbox 1389 4809 1424 4859; x_wconf 76' lang='lat' dir='ltr'><strong>‘li</strong></span> <span class='ocrx_word' id='word_1_452' title='bbox 1445 4801 1576 4874; x_wconf 83' lang='lat' dir='ltr'><strong>quelibet</strong></span> <span class='ocrx_word' id='word_1_453' title='bbox 1596 4799 1657 4876; x_wconf 44' lang='lat' dir='ltr'><strong>F,</strong></span> 
     </span>
     <span class='ocr_line' id='line_1_46' title="bbox 362 4890 1596 4950; baseline -0.009 0"><span class='ocrx_word' id='word_1_454' title='bbox 362 4899 397 4950; x_wconf 82' lang='lat'><strong>³0</strong></span> <span class='ocrx_word' id='word_1_455' title='bbox 415 4893 453 4950; x_wconf 90' lang='lat' dir='ltr'><strong>ob</strong></span> <span class='ocrx_word' id='word_1_456' title='bbox 472 4893 501 4948; x_wconf 89' lang='lat' dir='ltr'><strong>iu</strong></span> <span class='ocrx_word' id='word_1_457' title='bbox 522 4890 615 4947; x_wconf 92' lang='lat' dir='ltr'><strong>FLP</strong></span> <span class='ocrx_word' id='word_1_458' title='bbox 1592 4919 1596 4928; x_wconf 88' lang='lat'>·</span> 
     </span>
    </p>
   </div>
   <div class='ocr_carea' id='block_1_8' title="bbox 0 0 1817 5486">
    <p class='ocr_par' dir='ltr' id='par_1_9' title="bbox 0 0 1817 5486">
     <span class='ocr_line' id='line_1_47' title="bbox 0 0 1817 5486; baseline 0 0"><span class='ocrx_word' id='word_1_459' title='bbox 0 0 1817 5486; x_wconf 95' lang='lat' dir='ltr'><strong> </strong></span> 
     </span>
    </p>
   </div>
  </div>
 </body>
</html>
