3602 5482
332 305 400 374 280
939 302 1062 362 nanta

330 419 354 458 p.
368 409 429 452 srsr.
444 408 470 450 sa
487 409 512 450 ι’.

422 491 571 557 Maracam
600 495 755 576 parionem
784 491 927 576 dicimus,
955 507 1033 572 quae
1061 507 1180 555 merum
1210 489 1330 554 aliunde
1359 491 1489 574 recepit,
1512 505 1666 552 merosum

334 610 435 665 autem
459 602 563 665 riuum
587 601 781 684 appellamus.

424 708 571 773 Muliebre
590 707 704 774 dicitur
722 728 738 772 a
753 707 932 774 mulieribus
947 707 1059 790 ailquid
1080 709 1203 795 lactum,
1222 707 1430 774 mulierarium
1448 728 1505 794 per
1525 707 1667 772 mulieres

333 817 507 882 ordinatum
531 829 562 882 et
585 837 641 902 per
663 819 745 882 vlros
768 826 896 901 gestum.

424 925 555 1011 Merula,
579 945 639 991 nun
664 926 800 990 merulus
824 925 994 990 dlc'endum.
1681 937 1694 980 ⁶

426 1034 595 1098 Matthaeus
606 1043 636 1098 et
645 1034 785 1098 Matthias
798 1053 855 1118 per
870 1034 954 1099 dunt
970 1033 1139 1115 scribenda,
1150 1039 1219 1120 qula
1230 1036 1338 1100 Graeci
1351 1033 1670 1118 persetdsuribunt

427 1142 576 1206 Maestum
600 1145 713 1227 animo,
738 1145 858 1207 tristem
882 1151 1006 1227 aspectu
1031 1143 1170 1209 dicimus.

427 1252 524 1316 Malus
547 1253 630 1316 naris
653 1252 870 1336 masculinum,
894 1251 990 1316 malua
1014 1251 1105 1316 arbor
1129 1253 1275 1336 tragilera
1299 1253 1477 1316 femininum
1502 1260 1558 1315 est.

428 1360 571 1424 Mendum
590 1358 769 1425 neutraliter
788 1361 882 1425 Varro
902 1365 932 1425 in
953 1361 1144 1425 bdmirmdis
1163 1361 1251 1446 dixit,
1270 1355 1452 1445 ‘magnum
1471 1355 1672 1442 mendum’;

338 1470 391 1534 sed
416 1469 541 1534 Oridlus
570 1464 646 1554 (nrt.
671 1489 729 1534 um.
755 1465 877 1557 1249)
905 1472 1048 1534 feminine
1073 1467 1197 1534 ‘noete
1227 1470 1344 1534 latent
1373 1463 1574 1554 urendae',l
1599 1470 1711 1532 ltemn

340 1573 415 1664 (art.
440 1597 499 1642 um.
525 1569 565 1642 ΙΙ
585 1573 665 1664 653)

503 1688 639 1751 eximet
662 1689 743 1771 ipae
767 1688 845 1751 dies
869 1690 987 1751 omnis
1011 1705 1027 1751 e
1053 1706 1210 1770 corpure
1234 1685 1390 1751 mendas.

339 1815 412 1879 crgo
431 1795 575 1860 mendum
594 1799 625 1860 ln
646 1795 793 1859 mendacii
813 1796 1030 1879 significatione
1055 1795 1181 1880 dicitur,
1204 1795 1313 1858 menda
1337 1795 1477 1880 inculpa
1501 1797 1603 1879 operis
1627 1795 1672 1858 uel

339 1907 486 1988 corporis.

430 2012 591 2076 Munillcus
620 2019 666 2075 est
694 2022 847 2096 tamquam
874 2011 1029 2076 beneficus
1059 2022 1089 2076 et
1117 2011 1284 2096 malellcus,
1316 2001 1714 2077 munilexautem'tam·1s

342 2139 432 2203 quana
456 2121 556 2203 npilex
581 2129 612 2184 et
635 2120 752 2184 artilex.
790 2123 892 2202 itaque
910 2098 1078 2184 munlllcus
1102 2139 1229 2185 munera
1252 2119 1387 2205 largitur,
1414 2121 1547 2185 munifex
1573 2130 1674 2186 autem

341 2247 468 2292 munere
492 2229 637 2311 iungitur.
682 2281 694 2299 ,

431 2336 589 2401 Murticina
609 2355 669 2400 non
688 2336 833 2401 dicuntur
852 2339 912 2400 nisi
931 2345 1132 2422 mortuarum,
1151 2338 1288 2401 mnrtalia
1307 2355 1379 2400 rero
1399 2339 1489 2401 etiam
1507 2340 1673 2402 virentium

341 2463 505 2528 corporum
530 2463 641 2509 nomen
665 2453 720 2509 est

431 2553 528 2616 Nimis
547 2553 659 2618 dicitur
679 2553 822 2636 quicquid
842 2554 911 2637 plus
931 2555 1025 2618 inerit
1044 2571 1134 2635 quam
1152 2563 1282 2636 opertet.
1315 2573 1383 2618 nanr
1402 2573 1510 2638 parum
1526 2566 1573 2620 eat
1592 2556 1672 2638 quod
1689 2575 1715 2617 ac

343 2665 443 2727 minus
468 2671 514 2726 est
538 2681 628 2744 quam
647 2672 769 2746 oportet
793 2661 934 2743 [nimium
957 2661 1026 2744 plus
1050 2679 1139 2744 quam
1159 2660 1309 2745 oportet],
1333 2661 1495 2727 ethorum
1519 2665 1551 2727 in
1575 2665 1673 2728 medin

344 2771 451 2834 modus
471 2780 532 2854 est,
555 2769 636 2853 quod
661 2771 773 2834 dicitur
796 2765 886 2834 ‘satis
911 2764 983 2834 est'.
1021 2788 1091 2833 eum
1114 2771 1217 2852 itaque
1236 2769 1310 2833 utile
1332 2773 1373 2834 sit
1395 2773 1426 2834 in
1447 2773 1505 2834 rita
1530 2782 1561 2836 et
1584 2775 1674 2836 mnri-

343 2879 400 2942 bus
425 2887 459 2942 ut
482 2879 611 2961 amplius
635 2897 726 2961 quarn
749 2885 870 2961 opertet
894 2877 1115 2950 nihilomnino
1140 2879 1298 2963 iaciamus,
1321 2879 1459 2962 proiecto
1481 2898 1582 2943 reram
1606 2899 1675 2946 esse

343 2989 524 3053 sententiam
548 2983 603 3051 ‘ne
628 2986 700 3070 quid
730 2983 837 3052 nimis'
861 2987 949 3050 fateri
977 2989 1194 3070 potiusquam
1218 3005 1328 3070 negare
1353 2987 1507 3052 debemus.
1545 2989 1599 3054 sed
1623 2989 1675 3054 ali·

344 3097 464 3181 quando
492 3096 583 3160 latina
610 3095 712 3179 llagua
740 3095 798 3159 boc
827 3094 919 3158 rerbo
948 3097 992 3158 sic
1020 3094 1165 3173 abutitur,
1196 3103 1231 3160 ut
1259 3097 1349 3158 nimis
1376 3115 1432 3178 pro
1456 3115 1493 3158 en
1517 3097 1598 3178 quod
1630 3108 1677 3162 est
1691 3119 1715 3160 aa

344 3205 430 3270 valde
454 3216 487 3268 et
514 3207 646 3287 positum
675 3205 863 3268 inveniamus
886 3205 918 3266 in
946 3203 1056 3266 litteris
1080 3205 1175 3266 sacris
1199 3210 1231 3266 et
1258 3222 1406 3285 ponamus
1429 3207 1461 3267 in
1485 3205 1678 3270 sermonibus

345 3317 466 3379 nostris.
512 3331 581 3377 nam
612 3322 643 3377 et
671 3315 702 3376 in
733 3311 849 3396 psalmo
879 3305 969 3396 (118,
999 3307 1036 3395 4)
1068 3306 1121 3374 ‘tu
1159 3313 1387 3394 praecepisti
1418 3314 1585 3378 mandata
1616 3325 1679 3379 tua

345 3423 536 3488 custudire
560 3417 686 3485 nimis'
710 3439 770 3484 non
795 3423 855 3484 nial
878 3415 996 3483 ‘valde'
1016 3419 1233 3502 intellegimus,
1257 3422 1283 3483 si
1302 3428 1386 3483 recte
1405 3421 1624 3508 intellegimus,
1646 3433 1679 3488 et

283 3596 287 3604 ,
346 3529 448 3597 ‘nimis
472 3541 502 3595 te
522 3526 626 3613 diligc'
646 3532 673 3593 sl
691 3529 781 3593 alicui
801 3531 957 3592 carissimo
976 3528 1121 3612 dicimus,
1145 3547 1205 3591 nnn
1225 3531 1331 3611 utique
1349 3528 1418 3611 plus
1438 3548 1528 3612 quam
1547 3540 1678 3617 opertet,

347 3641 400 3706 sed
425 3640 509 3702 valde
529 3659 584 3703 ncs
608 3638 733 3721 diligere
758 3629 893 3720 intellegi
915 3635 1062 3701 volumus.
1097 3636 1229 3719 denique
1253 3636 1302 3700 illa
1326 3632 1434 3720 grieca
1453 3642 1602 3702 sententia
1627 3635 1678 3705 ‘ne
1691 3659 1717 3702 au

347 3749 419 3833 quid
443 3743 546 3812 nimis'
570 3747 745 3812 nonhabet
768 3745 985 3828 bocrerbum,
1009 3745 1089 3829 quod
1114 3745 1162 3808 lric
1186 3745 1305 3828 legitur.
1344 3745 1386 3808 ibi
1409 3749 1491 3810 enim
1510 3756 1558 3811 est
1580 3739 1680 3836 ἄγαν,

439 3961 454 4010 1
474 3967 618 4010 meracam
637 3949 686 4012 sb
703 3951 844 4006 merciam
862 3951 899 4004 M
904 3948 1086 4014 ,merscatarn
1108 3947 1137 4003 P
1189 3963 1263 4020 quae
1282 3947 1406 4022 merum]
1427 3948 1476 4019 qui
1494 3965 1589 4007 rerum
1609 3951 1640 4007 P

347 4036 456 4110 recepit
473 4035 526 4096 'sb
544 4031 647 4104 recipit
666 4031 735 4087 PM
810 4047 954 4088 merorum
973 4028 1002 4084 P
1071 4035 1088 4085 ³
1108 4027 1246 4086 Muliebre
1266 4029 1372 4086 dicitur
1389 4027 1498 4102 aliquid
1517 4047 1535 4087 a
1554 4032 1678 4090 mulieri·

347 4119 400 4176 bns
418 4135 471 4191 per
488 4113 621 4172 mulieres
640 4111 803 4170 ordinatum
817 4113 847 4168 et
865 4127 917 4183 per
931 4107 1008 4166 uirus
1027 4111 1141 4181 gestum
1158 4108 1268 4166 iactum
1282 4109 1509 4168 muliebriarinm
1523 4111 1634 4170 Merula
1653 4115 1682 4170 P

383 4200 540 4257 smuliere
557 4198 585 4254 L
638 4193 833 4252 mulierarium
852 4193 1005 4266 Agroecius
1020 4210 1051 4264 p.
1070 4194 1143 4259 124,
1161 4196 1188 4258 5,
1207 4189 1433 4248 muliebriarium
1453 4193 1521 4248 ML
1575 4193 1680 4252 adici·

347 4287 395 4338 tur
413 4281 442 4338 P
511 4287 528 4337 a
547 4277 708 4350 scribenda]
728 4275 863 4333 scribitur
883 4272 913 4329 P
984 4278 999 4329 'l
1019 4271 1146 4329 animum
1167 4273 1206 4328 M
1224 4319 1229 4328 .
1276 4275 1425 4346 aspectum
1446 4274 1475 4329 P
1545 4273 1678 4348 dicimus]

348 4361 419 4420 dicis
438 4361 478 4418 M
530 4368 547 4419 8
567 4359 659 4418 uidua
677 4357 845 4415 arborium.
865 4371 929 4428 gan
948 4353 1097 4412 fructifera
1116 4356 1160 4410 eat
1179 4353 1209 4409 P
1272 4360 1303 4410 tt
1323 4371 1421 4412 omnes
1438 4370 1455 4410 e
1474 4369 1592 4426 corpore
1613 4357 1649 4411 M
1654 4355 1680 4411 b

216 4445 220 4454 '
347 4444 440 4500 ¹omnis
459 4445 490 4499 et
508 4441 634 4515 corporis
653 4439 682 4497 P
762 4443 795 4494 tt
815 4435 920 4510 aperis]
946 4451 1031 4508 opere
1051 4435 1080 4491 P
1160 4441 1193 4492 19
1214 4450 1381 4507 corporeum
1402 4434 1431 4489 P
1511 4441 1547 4492 20
1565 4436 1678 4510 parum]

348 4541 434 4596 parus
454 4523 483 4580 P
570 4539 643 4596 quae
663 4522 756 4580 minna
775 4523 819 4578 est
837 4535 923 4592 quam
943 4519 1057 4590 oportet
1077 4517 1115 4574 M
1134 4517 1184 4589 qui
1202 4516 1296 4574 minus
1317 4515 1429 4588 estqui
1448 4518 1561 4588 oportet
1581 4517 1610 4573 P

350 4611 384 4662 21
404 4603 524 4662 nimium
543 4605 608 4677 plus
627 4621 713 4675 quam
732 4602 847 4675 eportet
864 4616 916 4657 orn.
935 4599 985 4660 <L
1057 4604 1092 4654 tt
1113 4607 1193 4684 uuas·
1207 4598 1312 4655 dicitur
1332 4599 1370 4655 M
1439 4597 1520 4654 utilis
1539 4601 1584 4655 est
1603 4597 1634 4653 P

350 4692 386 4742 at
404 4685 498 4757 nimis]
518 4685 611 4744 minus
629 4685 659 4742 P
714 4690 749 4742 tt
768 4681 912 4740 abutimur
931 4680 979 4742 sL
1040 4685 1075 4737 26
1094 4677 1283 4752 sermonibus]
1303 4677 1407 4736 litteris
1426 4679 1456 4734 P
1506 4683 1541 4736 28
1560 4679 1679 4737 sirecte

350 4765 543 4838 intellegimus
562 4783 613 4824 nra.
634 4767 663 4823 P
732 4772 767 4823 td
786 4763 849 4837 nos]
870 4761 953 4820 aubia
972 4761 1001 4819 P
1061 4769 1095 4818 31
1115 4761 1170 4817 hoc
1188 4759 1307 4816 uerbum
1326 4759 1377 4831 qni
1394 4759 1439 4816 his
1458 4757 1565 4832 legitur
1583 4760 1613 4818 P
1627 4762 1680 4820 bcc

352 4847 439 4904 uerbo
458 4862 531 4920 quae
550 4847 597 4926 laic
615 4846 722 4919 legitur
742 4846 781 4902 M
796 4845 916 4902 uerbum
935 4844 989 4900 boc
1007 4841 1084 4914 qnod
1102 4841 1150 4898 hic
1169 4841 1275 4914 legitur
1293 4839 1342 4900 sL
