3564 5482
352 359 419 430 ere
853 339 1176 439 osismmnsssn

351 479 374 519 p.
388 465 436 508 2³2.
452 465 493 508 88³
506 465 534 506 h.

459 569 562 632 quem
587 570 651 634 ego
675 551 858 615 tantillum
884 569 1034 634 puerum
1059 553 1093 614 ln
1119 550 1283 615 manibus
1307 557 1449 635 gestari
1473 557 1573 617 meis.

350 679 423 742 gero
446 657 503 724 hac
528 680 575 744 re,
599 658 686 742 Verg.
711 662 783 724 len.
803 659 857 724 xit
880 661 979 737 (944)
1004 671 1112 742 atque
1137 661 1299 724 humeris
1323 663 1509 726 inimicum
1533 664 1679 744 insigne

350 769 533 850 gerebat.

441 878 566 942 Gratum
591 877 645 941 tibi
670 889 730 963 est,
755 880 815 944 Gio.
839 879 1002 942 Hortensio
1026 877 1254 962 Luculloqne
1283 891 1410 944 noster
1438 880 1618 944 adrentus
1648 891 1680 942 et

349 997 475 1068 gratus
504 997 540 1050 et
568 987 755 1052 luoundn's
783 988 918 1052 inisset
937 1037 944 1052 .
963 996 1083 1071 gratum
1107 987 1266 1052 adversum
1289 999 1319 1053 te
1344 1007 1400 1072 pro
1424 989 1494 1072 tibi,
1517 988 1588 1054 Ter.
1605 989 1702 1052 Anda

349 1097 386 1172 (I
405 1098 489 1174 1,15)
513 1096 547 1160 ld
572 1109 713 1180 gratum
739 1099 854 1162 luisse
878 1097 1068 1161 adversum
1093 1106 1127 1160 te
1152 1147 1159 1161 .

439 1205 565 1270 Genitos
588 1207 630 1271 illi
656 1211 700 1270 rei
724 1208 890 1283 faciendae,
915 1206 973 1270 Sal.
993 1206 1062 1270 hist.
1082 1205 1122 1268 iii
1145 1206 1351 1290 perdendae
1376 1209 1555 1290 peonniae
1579 1210 1679 1290 genl-

349 1325 408 1378 tus
433 1365 439 1376 .
459 1319 580 1398 genitus
599 1315 649 1379 illo
669 1316 750 1400 loco,
774 1315 859 1398 Verg.
875 1315 1018 1380 Aemilii
1034 1316 1134 1392 (708)
1158 1318 1304 1398 genitos
1327 1315 1487 1378 dirersis
1510 1316 1680 1398 partitos

348 1423 450 1488 orbis
475 1473 481 1486 .
505 1428 626 1506 genitus
649 1424 700 1488 illo
724 1434 863 1509 parente,
887 1426 967 1488 idem
990 1426 1064 1487 Aen.
1088 1423 1126 1486 Vl
1151 1426 1240 1501 (131)
1264 1424 1335 1487 diis
1359 1425 1476 1505 geniti
1500 1431 1678 1506 potuere.

439 1533 571 1596 Gratiam
595 1535 638 1598 illi
662 1537 798 1599 criminis
822 1534 913 1617 lanio,
937 1533 1047 1596 Salust.
1066 1533 1173 1596 histor.
1197 1531 1237 1596 lll
1262 1542 1344 1615 post
1368 1533 1529 1596 reditum
1555 1552 1678 1596 eornm
1694 1553 1715 1592 ro

348 1640 482 1722 quibus
506 1653 659 1707 senatus
683 1625 771 1707 belli
794 1642 989 1726 Lepidianl
1012 1645 1170 1724 gratiam
1194 1643 1335 1705 lecerat
1359 1691 1365 1704 .

438 1751 597 1815 Gratilloor
615 1752 694 1815 illam
715 1771 778 1815 rem
799 1750 868 1834 tibi,
891 1749 952 1814 Cio.
971 1749 1009 1812 de
1029 1770 1092 1834 rep.
1112 1749 1125 1812 l
1144 1751 1274 1826 (4468)
1299 1751 1434 1833 populo
1457 1751 1680 1834 gratificans

347 1870 383 1923 et
407 1860 525 1924 aliena
550 1872 584 1925 et
608 1881 684 1946 sua,
709 1861 769 1924 Sal.
792 1859 854 1943 lug.
880 1861 961 1936 (3‚3)
986 1861 1058 1922 nisi
1083 1858 1178 1922 forte
1204 1877 1309 1940 quem
1338 1858 1533 1922 inhonesta
1562 1859 1679 1922 libido

348 1979 464 2052 tenet,
487 1973 676 2054 potentiae
701 1988 902 2053 paucorum
927 1969 1040 2032 decus
1064 1977 1172 2050 atque
1196 1967 1411 2031 libertatem
1435 1987 1533 2031 snam
1564 1973 1678 2052 grati·

347 2077 455 2141 iioarl
480 2081 513 2154 ,Ι
1693 2096 1714 2136 n·

437 2187 555 2270 Gratiae
585 2190 662 2252 iaoio
686 2191 800 2251 crimen
826 2205 940 2262 menm,
976 2185 1034 2248 Sal.
1058 2185 1121 2268 lug.
1146 2186 1274 2262 (1045)
1297 2185 1479 2249 Bocchum
1503 2191 1678 2268 qnoniam

346 2297 530 2378 poenitet,
555 2297 691 2360 delleta
715 2300 855 2380 gratiae
880 2296 1001 2359 lacit.

438 2405 556 2469 Gnarus
571 2403 665 2489 illios,
685 2404 743 2467 Sal.
759 2385 855 2467 bisti
875 2414 910 2467 et
934 2404 1077 2466 numeri
1101 2421 1225 2466 eorum
1245 2401 1416 2466 Metellus
1439 2423 1505 2486 per
1529 2404 1677 2469 litteras

346 2532 513 2595 gnarus.

437 2621 536 2684 Gemit
559 2631 708 2703 extrema,
738 2619 825 2703 Verg.
849 2623 920 2683 don.
946 2619 985 2682 xi
1010 2620 1107 2695 (865)
1136 2629 1244 2702 atque
1274 2631 1434 2684 extrema
1463 2633 1713 2704 gementemeo

437 2729 541 2793 Gravis
575 2729 640 2812 illo,
678 2729 707 2792 id
741 2740 788 2792 est
821 2749 857 2791 ex
890 2729 940 2792 illo
973 2729 1108 2812 gravida,
1142 2727 1228 2810 l'erg.
1262 2730 1334 2792 Aen.
1366 2731 1380 2792 l
1413 2731 1510 2804 (273)
1549 2735 1675 2814 regina

346 2839 518 2901 sacerdos
542 2838 654 2901 Marte
678 2841 799 2920 gravis
824 2887 831 2900 .
855 2839 954 2919 gravis
978 2837 1034 2899 irao
1058 2856 1104 2915 re,
1130 2836 1215 2919 l'erg.
1240 2839 1312 2901 Aen.
1337 2838 1416 2902 viiii
1441 2839 1538 2916 (246)

526 2947 583 3010 blo
608 2949 712 3027 annis
736 2948 856 3028 gravis
881 2957 988 3026 atone
1013 2949 1123 3009 animi
1147 2958 1311 3010 maturos
1334 2949 1460 3012 Aletes
1484 2998 1491 3012 .

231 3129 234 3136 ¹
436 3057 539 3119 Genus
562 3056 654 3118 italos
677 3075 733 3138 pro
757 3072 883 3136 genere,
907 3052 993 3136 Verg.
1018 3057 1090 3116 Aen.
1115 3052 1137 3113 V
1161 3055 1255 3130 (285)
1280 3056 1407 3120 Cressa
1436 3077 1566 3139 genno,
1595 3061 1674 3123 idem
1737 3060 1743 3072 '

345 3168 417 3228 Aen.
441 3165 507 3226 Vlll
531 3167 622 3239 (114)
647 3168 707 3246 qni
731 3161 887 3247 genus?
1687 3184 1711 3224 ss

437 3395 528 3452 eadee
547 3395 697 3451 Parrhasii
740 3404 751 3450 1
778 3395 938 3467 tantillum]
968 3397 1026 3450 tam
1050 3391 1132 3448 illum
1225 3392 1372 3466 tinsigne
1402 3395 1440 3452 ba
1465 3395 1599 3468 gerebat,
1628 3399 1674 3455 sed

344 3478 429 3533 deleto
440 3479 537 3548 priore
551 3477 609 3533 loeo
623 3477 660 3532 ba
723 3475 880 3532 thiroullo
895 3491 980 3547 quom
994 3478 1091 3530 noster
1154 3473 1303 3547 afuisset]
1317 3475 1403 3532 luisse
1471 3485 1504 3534 ia
1520 3479 1674 3544 'inhonesto

356 3562 434 3618 'ido
519 3566 552 3615 lo
572 3558 715 3614 Bacchum
738 3558 878 3629 optimum
902 3557 1031 3629 poenitet
1113 3554 1311 3611 sellettano
1334 3556 1557 3616 remistanus
1640 3568 1673 3617 22

371 3640 523 3715 1111]V111
596 3646 632 3696 24
650 3640 736 3698 Oresa

438 3866 450 3914 1
473 3875 558 3930 quem
578 3875 632 3930 ogo
652 3859 737 3915 modo
756 3875 873 3930 puerum
895 3855 1040 3911 tantillum
1061 3855 1088 3910 in
1110 3856 1241 3912 manibus
1260 3857 1372 3928 gestari
1392 3857 1462 3915 meis
1484 3860 1630 3918 Terentius

345 3947 361 3996 1
381 3939 501 3996 Lucullo
521 3941 634 4010 quidem
654 3943 752 3996 noster
771 3939 808 3996 M
826 3983 833 3997 .
853 3935 1028 4008 Luculloque
1052 3937 1148 3992 nostro
1172 3939 1274 4008 scripsi
1293 3938 1352 3994 iod.
1371 3939 1453 3996 schol:
1476 3943 1587 4000 Halm.
1607 3949 1673 4000 aest.

344 4021 570 4093 o.1879p.X1,
588 4027 621 4076 ot
635 4023 718 4078 verbo
733 4024 966 4092 coniungerentur
980 4037 1041 4076 eum
1060 4021 1217 4090 troarnense
1235 4037 1269 4074 ex
1287 4021 1378 4076 eodem
1397 4021 1469 4078 libro
1487 4041 1505 4079 o
1524 4024 1674 4080 ensem

344 4103 524 4161 &meslano
547 4105 579 4158 tn
600 4103 655 4161 Oto.
675 4106 707 4160 a'n
731 4103 808 4160 Vere.
829 4109 880 4159 oet.
901 4119 951 4160 aee.
973 4101 995 4156 I
1012 4107 1097 4169 20,5at
1117 4119 1147 4172 p.
1167 4106 1222 4158 404
1240 4101 1282 4157 ed.
1304 4101 1351 4160 Or.
1370 4104 1470 4172 dioto,
1493 4107 1567 4176 guod
1587 4107 1684 4162 Mada

343 4187 435 4257 vigim
453 4187 525 4256 disp.
545 4185 578 4241 de
596 4187 698 4242 Aaron.
717 4185 836 4256 append.
857 4202 887 4256 p.
908 4183 1133 4250 tormentavit,
1159 4199 1222 4238 oum
1246 4183 1276 4238 in
1299 4184 1399 4240 villam
1418 4185 1530 4242 Luculli
1555 4191 1674 4244 rentum

344 4271 419 4323 esset
438 4269 515 4324 omni
535 4269 676 4339 apparatu
695 4266 854 4322 venustatis
873 4268 1016 4332 ornatam¹
1042 4263 1219 4336 Luculloque
1244 4268 1342 4323 noster
1366 4266 1505 4324 adventas
1525 4272 1555 4324 et
1572 4271 1673 4340 gratus

343 4353 373 4405 et
391 4348 529 4406 iucundus
548 4349 650 4407 fnisset
668 4372 675 4406 ε
695 4351 729 4419 ο(
747 4349 803 4406 Ga'o.
820 4351 853 4405 de
870 4366 926 4420 rep.
943 4349 965 4402 I
977 4353 1064 4416 12,13
1138 4353 1154 4402 5
1173 4345 1314 4402 iucundus
1334 4347 1436 4402 inisset
1453 4365 1487 4404 eo
1505 4366 1563 4406 eoo
1580 4351 1675 4407 oodioe

349 4432 486 4488 Vaticano
506 4432 607 4488 Malus
625 4433 658 4489 in
675 4433 794 4488 editione
813 4431 943 4488 Rornow
1026 4436 1042 4486 1
1063 4426 1120 4484 Sal.
1141 4427 1205 4484 hist
1226 4427 1279 4501 111]
1302 4429 1385 4484 solsol.
1409 4430 1442 4484 in
1462 4429 1518 4486 ote.
1537 4432 1570 4487 in
1594 4429 1672 4488 Verr.

343 4519 395 4568 oet.
414 4529 465 4569 aee.
487 4514 508 4569 I
525 4519 612 4582 23,60
626 4529 657 4584 p.
678 4517 734 4568 176
753 4513 793 4568 ed.
816 4511 863 4570 Or.
957 4517 990 4567 13
1010 4509 1162 4566 inhonesta
1180 4511 1210 4564 et
1232 4509 1392 4580 perniciose
1410 4509 1500 4568 libido
1519 4511 1674 4569 Sallustius

394 4595 565 4664 resonasse
582 4593 692 4666 gratiae
711 4593 782 4650 iacit
800 4592 905 4650 fflmea
930 4609 1038 4661 meum,
1065 4591 1121 4648 Sal.
1142 4590 1202 4660 lug.
1222 4591 1342 4660 Boeoti,
1371 4591 1506 4662 qnoniam
1534 4595 1673 4663 poenitet,

343 4675 448 4732 delicta
475 4676 586 4747 gestias
614 4674 686 4732 iecit
785 4676 910 4731 ceterum
939 4673 1065 4744 Boccho,
1093 4672 1227 4744 quonism
1253 4671 1394 4744 paenitet,
1423 4671 1520 4728 delicti
1547 4674 1672 4746 gratiam

343 4755 413 4812 lsoit
431 4757 537 4813 codices
555 4755 687 4812 Sallustii
770 4763 803 4813 18
824 4759 854 4812 et
875 4756 997 4828 numeri]
1023 4755 1132 4812 itineris
1152 4753 1253 4811 Oorrlo
1272 4755 1372 4810 addito
1391 4754 1571 4811 odaotnttosae
1586 4773 1615 4826 ρ.
1636 4761 1673 4812 40

342 4837 382 4892 ed.
399 4837 527 4906 Haerere,
547 4839 601 4894 ‘lto
614 4841 647 4892 in
665 4853 722 4893 meo
736 4837 881 4893 Αναείαπο
899 4841 951 4904 eat,
969 4839 1043 4906 quod
1061 4839 1096 4894 ot
1115 4837 1182 4894 altis
1201 4838 1256 4908 legi
1273 4837 1352 4894 video
1371 4839 1402 4892 et
1419 4835 1545 4892 muneris
1564 4851 1671 4906 eorum,

342 4919 413 4974 maie
432 4961 438 4974 .
459 4920 567 4976 Messoa
585 4921 617 4974 ln
635 4919 786 4975 elocutione
805 4935 909 4989 gnamn
927 4916 1018 4973 illius'
1286 4919 1292 4928 '
