3590 5486
551 367 562 386 .
600 326 650 384 ΕΕ
670 325 769 384 ARTE
790 326 957 386 mutulen
1382 327 1443 392 251

103 440 128 478 ρ.
143 428 209 470 ests.
224 429 252 470 ιι
265 428 291 469 e.

200 513 316 576 Sedet
343 513 401 576 boc
425 515 738 600 commemorandum,
767 515 853 598 qnia,
876 533 946 578 curm
972 516 1094 578 nomina
1118 533 1196 596 quae
1220 517 1251 578 in
1275 517 1323 579 ius
1348 512 1394 577 vel
1419 517 1451 577 in

106 624 171 684 ium
201 623 406 685 terminantur
434 622 494 686 duo
523 629 534 689 i
562 629 594 689 in
624 625 763 708 genetivo
790 623 904 687 habere
932 622 1064 686 debeant
1091 641 1164 686 casu
1198 624 1327 687 duarum
1357 641 1453 704 aeque

106 729 306 812 syllabarum,
330 732 451 794 metrici
475 751 536 796 non
560 752 727 816 numquam
749 735 781 795 iu
806 731 912 795 eodem
936 733 1076 814 genetivo
1097 749 1169 793 casu
1195 749 1283 793 unam
1310 729 1452 812 syllabam

105 820 228 919 ponunt
255 857 314 920 pro.
335 838 467 924 duabus,
496 841 543 906 rel
571 840 668 904 ablata
693 840 834 904 videlicet
857 857 916 902 urna
940 841 950 902 i
974 839 1012 901 de
1036 838 1155 902 duabus
1179 839 1225 901 vei
1250 838 1396 902 ambabus
1420 842 1451 902 in

79 963 200 1010 sornam
217 945 360 1028 syllabam
379 951 548 1033 geminatis,
563 951 700 1032 quamvis
715 948 744 1012 id
765 949 833 1013 lieri
850 967 940 1032 posse
956 947 1073 1011 Donato
1089 955 1166 1010 teste
1185 945 1309 1030 plurimi
1331 955 1452 1029 negent.

106 1052 183 1118 dicit
207 1057 288 1119 enim
312 1055 458 1122 Paulinus
1263 1073 1266 1082 ·

273 1163 466 1229 oblectans
489 1169 635 1250 inopem
660 1185 771 1230 sensu
796 1165 998 1247 fructuque
1021 1163 1171 1247 peculii.

107 1271 190 1354 quod
215 1275 241 1336 si
265 1277 334 1356 quis
357 1275 468 1339 dixerit
490 1276 540 1341 hic
563 1295 633 1339 eum
657 1293 742 1338 more
762 1276 957 1355 antiquorum
981 1272 1132 1355 dactylum
1160 1275 1192 1336 in
1223 1273 1283 1335 line
1311 1275 1450 1354 posuisse

96 1380 268 1466 ,uersiculi
292 1383 372 1465 legat
395 1385 476 1466 quod
500 1385 580 1448 idem
604 1383 675 1446 alibi
698 1382 787 1466 dicit,

70 1513 94 1552 ιο
274 1491 440 1556 excoluit
462 1494 601 1576 biiugis
625 1493 808 1575 laquearii
832 1501 869 1556 et
891 1509 1071 1556 marmore
1096 1491 1206 1577 labri:
1263 1489 1268 1500 '

107 1599 217 1664 excolu
241 1599 391 1682 dactylus,
415 1600 503 1666 itbiiu
527 1602 679 1685 dactylus,
701 1601 837 1683 gislaque
859 1599 1003 1683 dactylus.
1042 1602 1095 1682 qui
1119 1610 1167 1663 est
1190 1618 1264 1682 ergo
1283 1619 1338 1682 pes
1358 1620 1447 1682 quar·

109 1705 182 1772 tus?
211 1712 315 1773 ariiet:
339 1708 429 1773 babet
453 1712 534 1774 enim
558 1709 870 1792 quattuorsyllabas,
892 1708 1012 1790 longam
1036 1707 1160 1771 brevem
1181 1718 1213 1772 ct
1236 1708 1311 1772 duas
1335 1709 1450 1793 longas.

109 1819 252 1898 epitritus
281 1820 312 1881 in
342 1818 467 1882 heroico
491 1837 581 1882 versu
604 1837 673 1882 esse
698 1837 758 1882 non
786 1827 896 1900 potest
940 1819 1017 1881 torte
1042 1835 1116 1899 ergo
1145 1817 1299 1898 spondeus
1323 1829 1371 1882 est
1399 1819 1450 1882 ab·

109 1933 250 1988 sumente
278 1926 434 2008 synalipba
462 1926 538 1990 dues
562 1926 680 1990 vocales
704 1935 891 2010 superventu
915 1929 1021 2008 unius,
1049 1925 1130 2008 quod
1160 1944 1220 1988 nou
1251 1926 1338 1990 facile
1362 1927 1450 1990 vela
1511 1967 1513 1973 -

75 2055 98 2097 rs
112 2035 317 2114 grammaticis
345 2037 531 2116 permissum
560 2035 605 2098 uel
634 2055 650 2098 a
678 2037 777 2144 poetis
806 2042 986 2118 usurpatum
1015 2035 1165 2117 invenies,
1193 2037 1313 2098 tametsi
1342 2034 1454 2098 dixerit

109 2140 297 2206 Fortunatus

51 2249 54 2254 ’
201 2319 204 2326 ,
274 2251 463 2318 vincentii
487 2253 686 2336 Hispaniae
710 2257 832 2336 surgit
856 2253 898 2316 ab
922 2271 1005 2316 arce
1030 2253 1151 2316 decus.

110 2361 198 2423 cuius
217 2363 337 2424 scansio
357 2381 463 2426 versus
482 2371 603 2445 purast
626 2363 768 2452 praelati,
791 2365 850 2426 nisi
869 2363 948 2426 lorte
968 2360 1103 2444 regulam
1122 2360 1230 2425 Lyrcilii
1249 2364 1347 2424 secuti
1367 2372 1448 2446 sunt,

110 2471 162 2550 qni
181 2466 332 2532 Lucilium
352 2479 384 2534 et
402 2471 563 2535 Aemilium
583 2481 614 2536 et
634 2482 735 2535 cetera
756 2473 877 2535 nomina
897 2489 975 2553 quae
990 2481 1059 2534 ante
1075 2489 1095 2532 u
1114 2469 1227 2533 babent
1245 2471 1256 2533 i
1277 2487 1337 2531 non
1353 2468 1451 2532 solutu

72 2579 141 2638 rain
166 2581 316 2661 vocativo,
339 2578 392 2642 sed
417 2582 508 2644 etiam
532 2583 563 2644 in
587 2583 727 2663 genetivo
747 2599 818 2644 casu
842 2599 899 2663 per
918 2597 1013 2643 unum
1031 2581 1043 2642 i
1062 2581 1214 2642 existimat
1233 2576 1327 2641 scribi
1350 2595 1449 2660 posse,
1537 2621 1538 2624 ,

202 2713 305 2784 Qvod
325 2715 374 2773 ΕΤ
393 2717 632 2776 AVCTORITAS
653 2717 770 2776 ΕΔΕΡΕ
790 2717 840 2774 ΕΤ
859 2715 1087 2775 uncnsstuns
1107 2714 1358 2773 munutcouvm

613 2807 789 2865 Ducunnn
808 2807 948 2865 monitu

200 2922 240 2984 tt
268 2930 369 2986 umen
397 2923 576 2988 intuendum
601 2932 648 2986 est
675 2923 763 2987 nobis
791 2927 861 3005 quia
890 2932 920 2985 et
947 2925 1111 2986 auctoritas
1142 2941 1203 2986 non
1232 2940 1396 3004 numquam
1422 2929 1453 2984 et

112 3032 278 3094 necessitas
302 3033 445 3095 metricae
470 3031 645 3115 disciplinae
670 3030 789 3113 regulas
823 3031 904 3094 licite
928 3033 1110 3093 contemnit:
1138 3032 1304 3093 necessitas
1327 3029 1452 3111 quidem

74 3139 140 3201 uin
169 3137 218 3200 bis
243 3138 343 3202 verbis
363 3135 369 3222 Ι
390 3159 467 3222 quac
497 3159 557 3203 non
586 3140 673 3203 aliter
701 3142 732 3202 in
763 3158 853 3202 versu
881 3140 954 3221 poni
982 3146 1125 3221 possunt,
1155 3147 1187 3202 ut
1214 3153 1285 3201 sunt
1315 3155 1451 3218 eaquae

112 3257 256 3328 quattuor
283 3248 410 3330 syllabas
439 3249 546 3312 breves
576 3249 702 3332 babent,
741 3249 835 3312 ltalia
857 3245 979 3310 basilica
1014 3246 1133 3330 religio,
1165 3246 1211 3310 vel
1245 3256 1310 3310 tres
1338 3247 1451 3328 primas

112 3354 233 3440 breres,
256 3366 291 3419 ut
314 3357 473 3441 reliquiae,
496 3358 544 3422 rel
567 3377 658 3422 unam
682 3361 714 3421 in
738 3357 837 3422 medio
862 3357 1000 3440 brevem,
1025 3367 1058 3420 ut
1082 3359 1193 3420 ueritas
1218 3357 1352 3438 trinitas,
1373 3372 1451 3437 quae

112 3482 211 3546 neque
235 3463 386 3547 dactylum
405 3475 586 3531 consuetum
606 3485 704 3549 neque
729 3465 898 3549 spondeum
921 3466 1021 3528 iacere
1045 3475 1188 3547 possunt,
1213 3464 1293 3546 quod
1318 3465 1451 3546 propriis

113 3573 285 3636 nominibus
310 3577 437 3638 maxime
462 3575 540 3639 solet
562 3578 694 3639 evenire.
732 3574 823 3639 buius
848 3572 1020 3656 exemplum

76 3697 100 3740 so
276 3681 419 3746 ltaliam
441 3687 631 3766 sequimur
655 3685 858 3766 fugientem
881 3693 917 3745 et
941 3684 1141 3764 mergimur
1169 3682 1293 3745 undisz

113 3790 253 3851 icontra
277 3801 415 3855 naturam
439 3793 605 3881 prolonga
630 3795 745 3875 posuit,
769 3794 839 3873 quia
867 3810 926 3853 non
951 3791 1038 3854 aliter
1064 3790 1192 3874 ltaliam,
1217 3809 1307 3872 quam
1332 3793 1452 3872 saepius

113 3905 178 3960 erat
201 3901 413 3964 nominaturus
418 3901 600 3985 ,appellare
625 3899 756 3982 valebat,
787 3901 844 3961 nisi
869 3908 921 3961 aut
945 3897 1088 3980 syllabam
1117 3917 1194 3980 quae
1219 3906 1326 3961 natura
1352 3897 1452 3962 breuis

187 4085 314 4140 1.etom
330 4082 429 4152 FLP,
444 4085 542 4144 addc
597 4080 1173 4160 nelinianuelqnseininmcLP
1226 4082 1451 4155 noequs]quo-

86 4162 208 4235 'queL
265 4166 407 4236 lponunt
421 4181 473 4235 pro
484 4165 594 4222 duabus
605 4165 667 4220 FP
678 4180 729 4236 pro
740 4163 888 4220 duabusL
902 4180 954 4235 pro
965 4162 1075 4218 duabus
1087 4160 1262 4232 proferenti
1317 4161 1452 4220 bdonato

113 4248 187 4303 ιοιιιι
201 4243 359 4317 plurimiF
370 4244 476 4303 donato
490 4248 616 4304 bestente
631 4243 747 4318 plurimi
758 4244 811 4304 ςΡ
824 4245 941 4316 plurimi
951 4245 1058 4300 donato
1073 4242 1199 4298 testeL·
1213 4242 1327 4312 Domp.
1338 4247 1451 4311 367,19

148 4325 353 4398 santiquob
411 4333 442 4382 11
464 4328 527 4398 quis
547 4327 632 4385 estL
690 4332 723 4382 15
738 4325 865 4399 temetsi]
881 4327 973 4382 temet
987 4324 1018 4380 F
1073 4329 1105 4379 17
1121 4323 1278 4395 Hispaniae
1293 4323 1451 4394 Putscba'uq

113 4408 246 4482 hispanis
264 4407 380 4468 FLPc·
468 4413 565 4481 surget
583 4425 654 4466 corr.
675 4409 712 4464 -it
733 4408 761 4462 P
848 4411 881 4464 18
908 4423 974 4479 pers
993 4423 1064 4464 corr.
1084 4423 1135 4478 par
1154 4406 1183 4461 P
1266 4403 1357 4461 lucilii
1380 4421 1451 4464 corr.

114 4543 182 4602 lucii
203 4543 243 4600 P:
262 4545 298 4613 cf.
319 4544 428 4601 Ultoris.
443 4561 475 4615 p.
496 4551 543 4612 78,
561 4549 579 4601 4
655 4550 687 4600 19
707 4543 838 4600 lucilium
857 4543 883 4599 L
902 4543 1010 4599 lucium
1029 4541 1058 4597 P
1073 4539 1230 4598 lueian
1292 4538 1349 4596 20¹
1341 4558 1371 4596 ιιι
1385 4547 1451 4598 cute

115 4627 246 4683 recemiro
265 4643 318 4683 cra.
337 4624 376 4693 F,
395 4627 460 4683 add.
481 4626 543 4682 LP
605 4625 693 4681 etism
712 4642 763 4684 our.
784 4625 852 4696 FP,
871 4626 936 4682 odd.
957 4624 984 4680 L
1041 4620 1186 4680 existimet
1205 4605 1296 4679 scribe
1315 4639 1398 4694 posse
1422 4623 1454 4680 F

116 4705 280 4764 existimaui
293 4707 380 4766 scribi
395 4725 477 4780 posse
493 4707 520 4763 L
535 4705 621 4765 scribi
634 4721 718 4776 posse
733 4671 899 4764 existimbnt
914 4705 967 4765 ςΡ
1020 4711 1055 4761 21
1071 4705 1194 4774 quod-
1211 4703 1302 4761 uiolet
1316 4707 1451 4762 coroticus

116 4792 258 4860 scripturo
271 4789 304 4844 iat
320 4788 348 4843 P
400 4795 435 4844 28
454 4787 622 4846 intuendum
638 4789 682 4843 est
696 4786 778 4856 nobis
794 4785 1037 4852 LPintnendam
1052 4786 1083 4840 F
1137 4793 1171 4842 ιι
1186 4785 1231 4842 his
1245 4803 1295 4842 om.
1311 4787 1368 4854 ςΡ,
1385 4787 1450 4844 odd.

118 4868 177 4925 FL
232 4875 268 4924 tt
284 4869 385 4926 breves
399 4887 451 4928 orn.
463 4870 499 4940 P,
514 4870 578 4926 add.
590 4867 650 4925 ΓΕ
707 4873 741 4924 30
757 4865 886 4940 ltaliam]
908 4867 985 4938 Verg.
1001 4869 1071 4924 Aera.
1089 4867 1185 4926 V629
1241 4873 1277 4924 32
1292 4869 1409 4926 uolebat
1422 4867 1454 4925 F
