3602 5482
334 271 402 340 ece
937 273 1064 332 urnac
1271 216 1274 226 ’
1612 313 1654 336 x

336 386 359 426 p.
374 375 429 418 taor
443 374 468 416 a.

425 461 553 544 Scorpio
577 459 684 526 belllcc
709 481 760 525 res
784 473 843 548 est,
868 472 899 526 at
922 465 1062 546 scorpius
1086 461 1204 526 animal.

368 587 374 606 ·
418 567 532 640 ,Scribo
562 573 671 654 scripsi
700 573 863 654 scriptum:
896 589 966 634 cum
996 570 1108 634 vocalis
1138 571 1291 654 sequitur,
1320 570 1339 633 b
1368 569 1458 634 debet
1487 589 1568 654 esse;
1601 589 1669 633 cum

334 695 520 762 consonans,
544 698 572 761 p.
667 719 670 726 ,

425 785 518 850 Sacer
546 799 577 852 et
605 789 795 852 venerandus
823 800 854 852 et
882 787 1084 854 execrandus:
1115 786 1264 871 Vergilius
1294 779 1669 874 (Aeu.11157)‘auri

336 912 440 958 sacra
464 891 602 960 iames’.
1681 909 1693 948 ⁵

426 1001 574 1085 Sullragia
597 1004 701 1088 populi
725 1013 755 1068 et
779 1025 855 1088 quae
879 1005 1030 1069 bonorant
1053 1005 1197 1069 dicuntur
1221 1013 1252 1067 et
1276 1021 1353 1086 quae
1377 1001 1529 1067 damnant.

424 1109 535 1173 Testor
554 1111 666 1196 aliquid
686 1115 869 1178 conilrmnus
888 1115 1052 1197 sententia,
1076 1121 1232 1176 contestor
1251 1129 1321 1174 cum
1341 1110 1470 1192 quadam
1489 1115 1668 1174 anctoritate

333 1216 511 1304 adfirmans,
534 1229 690 1304 protestor
709 1223 868 1284 manifeste
888 1221 1018 1284 carenda
1039 1219 1235 1300 denuntians,
1259 1218 1396 1282 obtestor
1415 1219 1545 1300 aliquem
1569 1221 1669 1282 iterare

335 1327 534 1411 compellens,
558 1327 692 1392 adtestor
716 1328 846 1410 aliquem
871 1329 906 1390 ad
931 1331 1139 1392 testimonium
1164 1346 1288 1411 vocaus,
1316 1329 1369 1409 qui
1392 1329 1431 1389 sit
1455 1327 1602 1408 dignitate
1626 1327 1669 1388 rel

334 1440 514 1501 auctoritate
539 1417 690 1522 eminens,
713 1438 847 1500 detestor
871 1436 982 1520 aliquid
1006 1437 1210 1502 execrandum
1233 1455 1393 1518 respuens.
1685 1457 1707 1494 n

424 1545 508 1607 Trux
532 1546 694 1609 ablativum
718 1549 750 1608 in
775 1549 786 1607 i
809 1555 839 1608 et
863 1549 893 1608 ln
919 1565 934 1608 c
959 1549 1065 1630 mittit,
1088 1549 1262 1627 genetivum
1286 1544 1433 1628 pluralem
1457 1547 1488 1608 in
1510 1563 1560 1607 unt
1585 1555 1616 1607 et
1639 1547 1668 1606 in

334 1655 412 1737 ium,
435 1652 473 1715 ab
492 1653 550 1716 boc
570 1666 601 1717 et
620 1653 657 1716 ab
676 1654 732 1717 bac
751 1665 840 1717 truce
861 1662 892 1717 et
911 1657 1004 1740 truci,
1027 1653 1137 1717 borum'
1157 1663 1187 1717 et
1206 1654 1314 1717 barum
1337 1663 1459 1718 trucum
1479 1663 1510 1715 et
1529 1656 1668 1716 trucium.

423 1761 557 1824 'lberton
568 1781 675 1845 graece
688 1761 855 1847 [θηρίον],
870 1762 961 1826 latine
977 1764 1050 1847 iera,
1065 1764 1145 1826 unde
1157 1763 1299 1844 theriaca,
1309 1764 1389 1844 quod
1407 1762 1540 1825 feraliter
1550 1761 1667 1826 occidit.

406 1849 626 1934 'Taciturnitas
659 1871 795 1952 loquelae
825 1873 975 1951 contraria
1011 1882 1072 1954 est,
1105 1870 1259 1934 silentium
1288 1872 1424 1933 contusis
1453 1869 1578 1935 vocibus
1606 1874 1666 1932 sire

332 1977 522 2042 tumultibus.
562 1999 665 2043 rerum
696 1979 854 2043 sciendum
885 1980 965 2062 quod
997 1978 1071 2044 sileo
1099 1988 1130 2042 et
1158 1988 1243 2042 taceo
1273 1988 1304 2041 et
1332 1981 1445 2050 reticeo
1470 1990 1501 2042 et
1530 1983 1665 2042 conticeo
1681 1997 1703 2036 n

333 2085 371 2148 ab
396 2107 456 2150 uno
480 2107 588 2169 graeco
612 2091 739 2152 veniunt
762 2086 889 2152 σιωπῶ.

408 2196 526 2260 'Tenax
549 2195 704 2282 beneficii,
728 2199 758 2262 id
784 2209 831 2261 est
854 2217 972 2274 memor
995 2200 1119 2280 gratiae.

422 2305 561 2388 Torqucs
590 2324 700 2369 nonren
729 2309 849 2388 generis
881 2310 1063 2371 communis:
1093 2324 1162 2368 narn
1189 2317 1220 2368 et
1247 2308 1278 2368 in
1309 2303 1402 2369 Mario
1427 2303 1529 2369 Livius
1557 2325 1665 2388 genere

322 2414 503 2476 'masculino
527 2424 559 2476 et
582 2413 688 2478 Cicero
712 2414 857 2477 feminino
882 2424 1022 2496 torquem
1046 2433 1186 2496 posuere.
1548 2482 1553 2491 ,

423 2521 603 2605 Triumpbat
631 2523 749 2586 hostem
775 2526 826 2604 qui
856 2533 992 2606 superat,
1022 2521 1189 2604 triumphat
1215 2541 1271 2585 nos
1294 2523 1384 2607 deus,
1408 2541 1478 2584 cum
1502 2521 1663 2604 superandi
1680 2539 1703 2577 ro

332 2629 437 2692 bostes
460 2629 604 2694 auxilium
629 2626 874 2716 tribuita‘deo'
898 2634 997 2714 inquit
1021 2627 1190 2714 ‘gratias‚
1214 2633 1276 2712 qni
1301 2649 1446 2712 semper
1470 2629 1667 2711 triumphat

320 2749 398 2801 ‘nos
421 2740 456 2801 in
477 2737 624 2803 Christo
649 2735 747 2803 lesu'
771 2743 933 2803 etiterum
953 2735 1161 2822 ‘expolians
1185 2741 1419 2822 principatus
1442 2749 1480 2801 et
1503 2748 1667 2821 potesta-

264 2905 269 2914 .
334 2856 405 2930 tes,
430 2847 662 2930 triumphans
685 2848 772 2912 illos
795 2851 831 2910 in
856 2857 972 2910 semet
995 2843 1101 2928 ipso’.

412 2955 619 3048 ¹Transmigro
638 2956 765 3020 verbum
787 2956 938 3040 duplicem
959 2958 1209 3038 significationem
1233 2955 1331 3018 babet.
1371 2959 1553 3037 transmigro
1579 2959 1668 3038 eninr,

333 3083 404 3127 curn
423 3064 460 3127 de
480 3063 546 3128 loco
567 3064 604 3128 ad
622 3065 722 3129 locum
743 3068 801 3128 iter
821 3066 911 3128 iacio:
940 3067 1013 3126 item
1037 3067 1219 3145 transmigro
1240 3064 1351 3126 dicitur
1370 3083 1438 3127 cum
1464 3066 1703 3127 contrementes

333 3175 498 3236 accusativi
526 3191 629 3256 casus,
659 3193 727 3237 cum
757 3173 886 3256 aliquem
918 3171 955 3233 dc
984 3169 1050 3233 loco
1080 3173 1115 3234 ad
1151 3173 1250 3234 locum
1279 3173 1443 3254 transiero,
1471 3183 1505 3234 ut
1534 3167 1667 3235 ‘Nabu-

332 3271 564 3346 chodonosor
589 3283 868 3363 transmigravit
887 3280 1043 3343 ludaeos
1067 3278 1108 3341 de
1129 3275 1377 3342 Hierusalem'
1402 3290 1433 3342 et
1457 3277 1669 3363 ‘emigrabit

332 3399 368 3453 te
397 3391 439 3453 de
475 3390 715 3454 tabernaculo
750 3385 836 3452 tuo'.
895 3408 987 3471 porro
1016 3388 1187 3470 exemplum
1218 3386 1303 3450 rerbi
1334 3391 1502 3471 superioris
1532 3385 1667 3451 ‘trans-

333 3501 487 3581 migravi
514 3501 549 3560 in
578 3509 750 3577 montem,
780 3500 877 3561 sicut
905 3491 1057 3580 passer'.
1105 3499 1322 3577 transmigrans
1352 3499 1544 3580 participium
1573 3517 1667 3580 aeque

333 3607 495 3690 dupliciter
513 3617 545 3668 et
568 3607 605 3669 dc
629 3607 696 3670 loco
715 3606 752 3669 ad
776 3607 876 3669 locum
896 3588 1048 3668 transiens
1067 3604 1175 3685 aliquis
1196 3616 1226 3666 et
1245 3604 1336 3667 alium
1361 3605 1399 3667 de
1422 3606 1488 3668 loco
1508 3606 1545 3669 ad
1568 3606 1667 3668 locum
1681 3622 1704 3661 ³⁰

338 3717 526 3778 transferens
548 3715 745 3798 intellegitur.

406 3836 575 3893 ddamneut
590 3835 619 3890 P
673 3834 924 3893 8adiirmamusP
977 3831 1352 3892 cauendaPeanendosdl
1359 3833 1383 3889 L
1440 3834 1593 3906 italiquom
1604 3841 1667 3905 post

293 3981 297 3993 ,
332 3916 597 3978 adtestoront.ML
648 3916 783 3990 ritqtttP
828 3923 861 3973 10
872 3913 995 3987 aliquid]
1006 3913 1132 3984 aliquem
1145 3913 1173 3968 P
1217 3921 1251 3970 12
1262 3915 1299 3971 ab
1308 3915 1541 3973 boc-trucium
1552 3933 1604 3972 om.
1617 3916 1667 3972 PL

370 4007 403 4058 18
417 3999 504 4074 unde]
516 3997 626 4056 indeP
670 3997 759 4071 quod]
770 3999 839 4070 qnia
850 3997 912 4052 ML
960 3995 1190 4068 irritamina
1236 3997 1448 4069 toquodiouia
1459 3997 1523 4052 ML
1576 3995 1666 4068 inab]

335 4083 389 4138 aab
408 4081 437 4136 P
489 4077 672 4138 ueniuntsL
690 4078 770 4135 uenit
787 4080 858 4135 PM
899 4077 1115 4137 attenuet
1133 4083 1218 4137 tener
1234 4080 1301 4135 PM
1355 4085 1390 4136 18
1408 4077 1666 4136 usmetiumario

335 4161 422 4220 libius
440 4162 511 4218 PM
527 4177 596 4218 nam
610 4165 640 4218 et
654 4160 760 4216 marius
780 4159 865 4216 libius
884 4160 917 4215 L.
948 4160 1027 4216 Livia·
1046 4168 1071 4216 et
1086 4162 1227 4220 Ciceronis
1241 4161 1366 4232 excrupio
1384 4161 1419 4216 ab
1438 4162 1505 4217 alita
1523 4161 1667 4230 adscripta

335 4245 515 4300 nominanti.
539 4247 671 4316 torquem
689 4243 843 4298 musculiue
866 4243 899 4298 de
919 4243 1034 4298 Manlio
1058 4243 1253 4301 dimiliatae
1277 4241 1346 4297 VII
1362 4247 1407 4307 10,
1427 4247 1461 4297 11
1486 4259 1543 4298 uno
1566 4245 1666 4311 torque

334 4324 472 4396 spoliarit
536 4342 601 4397 geu.
620 4341 691 4380 msa.
711 4323 803 4382 cicero
822 4325 889 4380 iem.
908 4327 1040 4395 torquem
1061 4328 1099 4382 M
1116 4343 1181 4399 gon.
1200 4341 1270 4380 mss.
1289 4323 1355 4380 fem.
1375 4321 1467 4378 cicaro
1486 4325 1620 4393 torquem
1642 4319 1668 4376 P

334 4422 437 4478 genere
457 4405 616 4462 masculino
636 4407 665 4460 et
684 4403 783 4462 Cicero
801 4406 935 4476 torquem
953 4407 1091 4464 feminino
1111 4406 1162 4466 cL
1254 4410 1288 4460 20
1307 4404 1467 4476 triumphat
1487 4403 1599 4459 bostem
1618 4404 1666 4473 qui

332 4491 449 4561 superat
471 4505 522 4546 out.
548 4487 586 4544 M
590 4487 630 4553 L,
653 4487 719 4544 odd.
740 4485 770 4541 P
805 4503 806 4506 ¹
858 4487 1010 4559 superandi
1033 4489 1130 4545 hostes
1154 4487 1216 4546 ςΜ
1219 4486 1245 4540 L
1269 4483 1422 4558 superandi
1445 4485 1557 4542 bostem
1579 4483 1607 4540 P

333 4569 513 4640 ttgrslisP
566 4568 1216 4642 sermnmigro-habetom.nrt,aaa12
1270 4564 1444 4623 euimom.L
1499 4565 1670 4639 arnapa?

370 4654 400 4705 et
410 4649 564 4721 emigrabit
573 4655 603 4708 te
612 4651 647 4708 de
658 4648 842 4706 tabernaculo
850 4651 979 4720 (onttuo)
990 4648 1034 4708 εἰ,
1045 4649 1236 4722 etemigrauit
1245 4649 1280 4704 de
1290 4647 1474 4705 tabernaculo
1482 4648 1519 4703 M
1527 4647 1666 4720 stmigra·

332 4731 377 4787 uit
391 4731 456 4787 dete
471 4731 656 4787 tabernaculo
672 4734 721 4787 tuo
738 4731 767 4786 P
820 4737 854 4788 28
869 4731 1074 4803 transmigrant
1088 4733 1118 4788 in
1136 4730 1165 4785 P
1177 4730 1382 4802 transmigrans
1396 4729 1427 4786 in
1443 4731 1480 4785 M
1495 4733 1667 4803 transmigra

332 4810 364 4867 iu
382 4813 432 4872 aL
497 4819 532 4868 29
551 4811 750 4885 participium]
770 4813 941 4882 principium
962 4811 991 4864 P
1052 4820 1084 4868 at
1106 4813 1283 4884 intellegitur
1302 4819 1367 4882 post
1386 4811 1525 4867 transiens
1543 4813 1625 4867 babet
1644 4813 1670 4865 P
