3604 5486
223 1263 464 1329 Commentarius
487 1266 525 1328 de
549 1267 629 1328 uotls
652 1285 669 1328 a
693 1269 810 1348 graecis
830 1276 861 1330 at
878 1265 979 1329 latinis
1003 1267 1209 1347 grammaticis
1228 1267 1260 1328 in
1279 1264 1463 1329 editionibus

128 1377 315 1458 scriptorum
343 1378 498 1457 usurpatis
526 1377 557 1436 in
586 1373 690 1436 codice
720 1373 857 1438 Parisino
887 1369 1211 1438 absorbueras
1241 1377 1374 1457 scriptus
1403 1383 1463 1438 est:

127 1484 177 1549 cli
194 1501 317 1565 gramm.
342 1483 390 1548 lat.
414 1504 440 1548 r.
465 1483 502 1547 lV
524 1504 553 1566 p.
578 1481 652 1547 XLI.
689 1482 771 1546 bunc
791 1501 939 1546 unacum
960 1481 1069 1545 lsidori
1088 1485 1305 1546 commentario
1324 1483 1362 1546 de
1382 1486 1462 1547 notis

128 1611 169 1654 ex
197 1595 272 1674 orig.
301 1593 314 1656 1
341 1591 387 1658 20
415 1585 572 1676 excerpto',
606 1594 657 1674 qui
691 1595 722 1656 ln
756 1592 862 1655 eodem
896 1591 1001 1655 codiee
1034 1592 1053 1655 l.
1085 1588 1149 1656 154
1181 1603 1212 1654 et
1247 1588 1311 1655 155
1343 1590 1463 1674 legitur,
1491 1579 1493 1582 ⁵

126 1700 348 1765 Mommsenius
380 1701 542 1784 descripsit
574 1710 605 1764 et
637 1719 674 1764 ex
707 1702 773 1764 cius
811 1701 982 1784 apographo
1015 1699 1164 1782 Berglrlns
1204 1702 1336 1783 primum
1370 1701 1463 1764 edidit

127 1809 278 1873 Zeitschr.
302 1809 325 1873 i.
346 1809 571 1874 Alterthnmsnz
596 1829 620 1872 a.
649 1806 735 1874 1845
759 1829 787 1892 p.
812 1807 854 1872 81
880 1829 946 1892 sqq.
975 1809 1084 1873 deinde
1109 1807 1249 1874 Osannua
1277 1820 1347 1892 post
1375 1828 1462 1874 anac-

127 1917 225 1981 doton
255 1918 423 1984 Romanum
448 1919 551 1983 Gissae
576 1939 600 1982 a
628 1916 712 1983 1851
744 1918 857 1982 editum
886 1938 915 2002 p.
944 1915 1009 1982 321
1040 1937 1105 2000 sqq.
1135 1926 1299 2000 utrumque
1327 1917 1462 1983 libellum

126 2028 191 2110 sic,
214 2036 248 2090 ut
271 2046 288 2089 a
311 2027 441 2110 Berqlrio
465 2028 502 2092 ad
527 2029 615 2091 iidem
639 2027 752 2092 codicis
777 2027 876 2091 editus
901 2036 979 2110 erat,
1002 2027 1144 2109 repetivit
1167 2034 1199 2089 et
1218 2031 1299 2090 notis
1317 2026 1463 2090 subiectis

127 2134 279 2217 quaedam
303 2155 380 2218 quae
404 2138 435 2199 in
460 2136 564 2199 codice
593 2147 737 2219 corrupta
766 2142 853 2198 erant
880 2136 1021 2198 correxit.
1067 2145 1172 2217 postea
1197 2134 1463 2200 Reifferscbeldlus

127 2245 303 2309 Parisinum
327 2247 577 2309 commentarium
601 2244 740 2329 pluribus
763 2243 839 2307 locis
862 2222 1037 2307 coniectari
1061 2243 1254 2307 emendatum
1272 2247 1304 2306 in
1324 2243 1463 2306 Suetonii
1530 2283 1532 2288 -

127 2352 275 2435 reliquias
298 2373 326 2436 p.
350 2351 412 2417 137
438 2373 503 2436 sqq,
523 2356 647 2438 recepit
693 2371 763 2416 nam
787 2352 869 2416 bunc
891 2362 1046 2416 auctorem
1070 2361 1209 2416 secutum
1228 2371 1296 2416 ease
1315 2371 1461 2434 gramm·
1595 2429 1597 2434 Ι

127 2465 240 2545 ticurn,
264 2464 317 2544 qui
339 2462 414 2524 baec
438 2466 623 2545 composuit,
646 2460 801 2545 probabile
826 2470 881 2526 est.
928 2461 1059 2542 deniqne
1078 2459 1231 2524 Nanclrius
1254 2469 1325 2544 post
1342 2460 1461 2524 lexicon

127 2569 363 2634 vindobonense
378 2590 403 2632 a.
421 2569 505 2635 1867
525 2591 554 2653 p.
574 2568 639 2636 278
659 2590 724 2654 sqq.
744 2570 874 2634 eundem
894 2563 1144 2632 commentarium
1164 2569 1265 2633 edidit
1303 2580 1461 2653 praeterea

129 2677 219 2741 multi
238 2681 269 2740 in
289 2680 368 2741 vitiis
388 2681 574 2761 grammatici
595 2680 639 2743 rel
658 2679 774 2742 librarii
793 2678 981 2760 corrigendis
1001 2696 1123 2760 operam
1144 2677 1376 2742 collocaverunt
1414 2677 1461 2740 bis

129 2788 228 2868 copiis
247 2805 320 2850 usus
340 2785 488 2870 libellum,
508 2791 610 2868 quiin
630 2787 762 2851 editione
781 2795 919 2850 ratarum
938 2787 1203 2868 grammaticorum
1224 2793 1284 2850 non
1306 2783 1462 2848 ridebatur

128 2893 317 2957 omittendus
332 2913 413 2975 esse,
427 2895 528 2958 denno
542 2896 600 2959 boc
616 2896 681 2958 loco
696 2895 785 2958 edidi.
824 2894 959 2957 codicem
975 2912 1065 2957 mann
1080 2897 1227 2977 scriptum
1242 2893 1461 2957 llaxlmllianus

128 3002 250 3065 Bonnet
277 3021 324 3065 me
354 3013 479 3086 rogante
512 3007 623 3067 iterum
652 3022 721 3066 cum
753 3005 856 3085 priore
890 3003 1061 3086 apographo
1094 3002 1223 3066 contullt
1255 3022 1351 3085 eaque
1384 3022 1461 3086 qnae

129 3111 326 3174 adnotaverat
349 3111 514 3176 liberaliter
537 3131 658 3176 mecum
682 3113 924 3176 communicarit.
966 3112 1058 3175 buius
1081 3115 1174 3194 igitur
1198 3113 1298 3176 studio
1322 3112 1461 3196 debetur,

76 3259 81 3270 ·
130 3219 213 3302 qnod
241 3223 346 3303 paucis
379 3221 453 3284 locis
483 3220 573 3304 paulo
602 3223 790 3304 accuratius,
823 3239 912 3302 qnam
942 3227 1029 3283 antea
1057 3220 1169 3284 lactum
1198 3232 1277 3304 erat,
1310 3223 1460 3302 scripturn

130 3329 245 3392 codicis
274 3329 400 3392 indicari
427 3333 540 3414 potuit,
569 3333 704 3413 quamvis
733 3339 763 3393 et
792 3328 952 3392 admodum
976 3347 1072 3412 panca
1096 3331 1157 3392 sint
1180 3338 1212 3392 et
1234 3330 1318 3392 valde
1344 3331 1460 3416 exigua,

130 3457 210 3519 quac
233 3436 303 3528 inde
328 3447 532 3502 accesserunt.

245 4081 440 4183 NOTAE
472 4081 579 4181 XXI
612 4081 763 4184 QVAE
796 4079 1093 4185 VERSIBVS
1125 4081 1340 4183 APPONI

598 4224 991 4329 consuuntur
1248 4301 1252 4308 -

147 4385 208 4426 ‚rsr
223 4383 251 4426 a

129 4396 146 4435 ¹²
225 4503 263 4515 -
281 4469 395 4534 obelus.
418 4467 457 4547 ξ(-
473 4472 644 4532 asteriscus
669 4470 756 4546 ·,>’<--
767 4470 931 4531 asteriscus
947 4485 1015 4568 cnm
1031 4467 1127 4532 obelo.
1146 4475 1181 4528 ὃ
1196 4469 1323 4552 simplex
1338 4470 1456 4534 ductus.

128 4577 274 4679 Jdiple.
310 4587 345 4654 1}
368 4577 448 4660 diple
476 4579 718 4660 periestigmene.
754 4578 966 4658 Dantlsigma.
1002 4579 1206 4659 Dantisigma
1235 4597 1305 4641 cum
1333 4589 1456 4661 puncto.

101 4683 304 4762 5Lcoronis.
340 4693 426 4760 >-
449 4685 528 4768 diple
558 4677 772 4768 obelismene.l
793 4687 831 4752 Ε
855 4703 958 4748 aversa
982 4684 1176 4750 obelismene.
1220 4689 1253 4770 i(
1283 4691 1456 4751 ceraunion.

129 4811 348 4824 -—-

223 4861 315 4918 Codex
337 4861 489 4920 Parisinus
524 4867 542 4916 8
561 4860 690 4930 obstans,
708 4863 741 4914 ul
758 4858 882 4928 oudam,
901 4875 972 4918 corr.
992 4859 1090 4917 obolus
