3564 5482
363 361 432 428 414
869 360 1047 420 ARVSlANl
1066 359 1189 420 atussa
1269 357 1272 364 '

363 465 545 517 amma

455 551 554 615 Fruar
577 551 625 613 illa
650 569 697 628 re,
720 550 789 615 Ter.
813 551 895 616 Adel.
920 552 969 626 (V
988 551 1079 630 8,27)
1104 551 1188 614 15515
1221 551 1346 614 tlemus
1374 553 1436 634 qui
1465 552 1613 616 fruatur
1640 571 1692 634 pro

229 665 234 674 '
366 655 438 742 ‘quo
472 655 603 723 lutatur’
628 709 634 723 .
659 660 745 723 fruar·
777 659 857 724 illam
890 679 969 745 rem,
1002 661 1082 724 idem
1115 645 1205 724 Phor.
1229 662 1266 738 (1
1284 660 1371 738 3,13)
1401 671 1440 725 51
1468 661 1555 724 mihi
1584 660 1693 725 liceat

365 768 459 850 quod
493 787 568 833 amo
602 779 673 833 tam
705 770 766 834 diu
800 771 875 833 irui
904 818 910 830 .
939 769 1054 832 lruetui
1082 769 1156 832 mihi
1189 777 1236 832 est
1268 768 1356 853 illud,
1381 767 1386 852 Ι
1411 769 1472 833 Cle.
1499 769 1537 833 de
1567 772 1692 854 imperia

364 877 488 960 Pompei
513 878 620 955 (6‚16)
643 879 833 960 putatisne
867 895 929 940 vas
956 875 1014 940 hls
1043 877 1154 942 rebus
1182 879 1257 942 lrui
1284 897 1409 964 posse,
1437 881 1510 942 nisi
1542 899 1606 942 555
1635 881 1692 962 qui

365 984 469 1049 vobis
494 987 638 1051 lructui
662 998 747 1051 5551
771 983 1107 1051 conservaveritis?
1715 973 1726 1040 ⁵

455 1095 589 1158 Functus
609 1095 659 1158 illa
678 1115 726 1179 re,
745 1095 813 1160 Ter.
829 1095 911 1159 Adel.
927 1096 1092 1173 (ww)
1112 1106 1146 1161 at
1164 1107 1226 1161 tuo
1246 1098 1376 1161 5111515
1395 1097 1515 1161 155515
1535 1097 1691 1161 iunctus.

364 1204 487 1268 iunctus
511 1204 591 1268 illam
615 1223 694 1291 rem,
717 1205 797 1269 idem
821 1204 926 1268 eadem
940 1197 1023 1280 ’(ῙΙΙ
1042 1205 1129 1282 4,18)

586 1333 707 1404 uequa⁸
726 1313 895 1378 liberalis
919 1315 1070 1378 luuctus
1094 1326 1150 1378 est
1173 1315 1341 1379 aliiclurn
1366 1317 1435 1378 viri
1460 1363 1467 1377 .

456 1422 562 1486 Frater
599 1423 694 1508 illius,
730 1423 817 1506 Verg.
851 1424 923 1486 len.
957 1421 980 1484 V
1018 1423 1114 1501 (495)
1152 1434 1239 1488 tuus
1278 1445 1296 1486 5
1334 1423 1540 1487 clarissime
1581 1424 1692 1486 155155

363 1530 528 1596 Pandare
553 1581 559 1594 .
584 1533 679 1596 irater
702 1533 758 1616 illi,
783 1532 841 1596 Sel.
865 1533 935 1596 hist.
959 1531 983 1592 V
1007 1536 1068 1616 qui
1093 1535 1198 1597 uxori
1222 1537 1301 1598 eius
1321 1534 1437 1596 155155
1461 1541 1539 1595 5551
1565 1583 1571 1595 .
1706 1545 1727 1584 ¹⁰

457 1640 538 1704 Fluit
569 1641 619 1704 illa
653 1661 715 1719 res,
754 1640 841 1725 Verg.
874 1643 947 1705 Aea.
980 1639 1046 1704 Vlll
1075 1643 1172 1718 (445)
1207 1641 1288 1706 fluit
1320 1660 1380 1705 555
1413 1645 1504 1705 51515
1538 1645 1693 1725 aurique

364 1750 582 1814 metallum.
607 1751 673 1815 lluit
706 1751 755 1814 illa
787 1770 836 1838 re,
868 1752 947 1815 idem
980 1770 1062 1834 gear.
1086 1749 1114 1814 ll
1142 1752 1238 1827 (100)
1272 1760 1381 1834 atque
1415 1770 1504 1814 auru
1537 1739 1692 1834 plurima

365 1859 504 1923 lluxlt.
1327 1891 1329 1896 v

453 1967 520 2032 Flet
552 1967 626 2032 illud
660 1978 792 2053 tempus,
825 1967 911 2052 Verg.
940 1988 1022 2051 geor.
1046 1967 1100 2032 llll
1129 1969 1222 2046 (514)
1256 1977 1291 2032 51
1322 1967 1386 2032 1115
1419 1967 1486 2031 llet
1517 1979 1692 2033 5551555.

364 2076 468 2141 551551
491 2076 583 2159 aliqui
608 2072 672 2140 ‘liet
690 2073 823 2142 noetem'
847 2081 933 2161 quasi
957 2073 1123 2160 ‘usquead
1143 2072 1275 2141 noctem'
1299 2076 1439 2159 intelligi,
1462 2095 1532 2139 eum
1556 2074 1727 2142 videatur¹⁵

364 2186 471 2249 melius
491 2185 571 2268 qrrad
591 2197 711 2251 uectem
727 2205 848 2269 quaque
863 2197 955 2251 totam
971 2187 1071 2250 lleudu
1086 2169 1257 2270 causuutat,
1280 2199 1315 2250 ut
1329 2185 1409 2250 idem
1423 2189 1454 2248 iu
1469 2186 1578 2248 eodem
1593 2187 1692 2261 (507)

527 2303 665 2377 septem
688 2295 791 2359 illum
815 2304 913 2358 15155
938 2295 1137 2378 perhibent
1159 2314 1201 2359 ex
1224 2294 1354 2359 ordine
1379 2313 1521 2358 meuses

526 2423 617 2487 rupe
642 2403 708 2467 suh
733 2407 832 2468 aeria
857 2404 999 2468 deserti
1023 2405 1065 2468 ad
1089 2389 1448 2488 Strymonis'uudam

526 2511 687 2576 11551555.

454 2623 601 2686 Furorum
625 2623 712 2699 15511,
737 2621 994 2705 1555155111
1018 2623 1117 2700 (580)
1141 2623 1251 2707 hirae,
1278 2641 1355 2706 aro,
1383 2624 1461 2684 sine
1491 2640 1542 2682 555
1568 2622 1728 2684 fureres

363 2739 445 2794 ante
470 2731 658 2795 iurarem.

454 2838 603 2903 Futurum
627 2839 669 2902 illi
694 2843 819 2904 exitium
842 2851 903 2923 est,
925 2839 1012 2924 Verg.
1036 2843 1108 2904 Aen.
1133 2840 1160 2903 ll
1183 2841 1280 2918 (100)

487 2959 559 3011 tum
585 2967 751 3032 maguum
776 2953 941 3033 exitium,
964 2951 1059 3032 quod
1084 2949 1119 3012 di
1142 2953 1249 3033 prius
1273 2969 1375 3013 omeu
1400 2951 1435 3012 15
1460 2953 1579 3031 ipsum

486 3067 716 3142 5555551551,
739 3057 873 3122 Priami
897 3059 1052 3141 imperia
1076 3057 1358 3142 Phrygibusque
1383 3039 1546 3122 laturum
1571 3107 1578 3120 .

364 3167 485 3229 iuturus
509 3157 601 3228 551115
625 3166 674 3228 1115
697 3167 755 3250 illi,
779 3167 858 3230 idem
878 3169 951 3229 Aen.
966 3163 1046 3227 Vllll
1061 3167 1153 3242 (315)
1173 3165 1299 3228 multis
1325 3175 1441 3228 tamen
1466 3174 1549 3228 unte
1574 3167 1726 3230 faturia

363 3277 490 3338 exitio:
523 3273 662 3337 similiter
686 3273 747 3336 Cic.
771 3293 826 3356 pra
851 3273 969 3356 Ligario
994 3273 1097 3350 (5,lt›')
1129 3271 1241 3336 saluti
1270 3275 1342 3337 5151
1370 3273 1586 3336 calamitoso
1611 3269 1690 3338 5555

363 3381 548 3445 vellemus.

453 3491 562 3555 Fretus
586 3491 641 3555 hae
666 3511 714 3576 re,
736 3490 823 3572 Verg.
843 3494 915 3556 Aen.
935 3491 1015 3554 Vllll
1035 3487 1139 3573 (070)
1163 3493 1251 3555 15511
1275 3495 1399 3574 armis,
1423 3490 1480 3553 Sal
1500 3491 1563 3572 lug.
1584 3491 1692 3571 (20,5)

362 3611 398 3663 51
422 3601 582 3663 amicltia
605 3599 637 3661 P.
662 3599 696 3661 lt.
722 3603 832 3680 magis
856 3618 962 3682 quam
986 3600 1153 3663 Numidis
1178 3600 1297 3663 155155
1322 3648 1329 3662 .

454 3707 563 3790 [lilius
587 3708 715 3771 familiae
739 3707 1079 3789 55155155155511155]
1704 3717 1727 3756 ³⁰

452 3818 575 3881 Festina
605 3816 691 3900 utut,
719 3815 805 3898 Verg.
830 3819 901 3879 555.
925 3815 979 3878 1111
1004 3817 1102 3891 (575)
1131 3818 1310 3879 155115555
1340 3818 1474 3902 lugam,
1502 3817 1561 3880 Sal.
1585 3817 1655 3881 hist.
1678 3817 1691 3879 l

363 3929 633 4011 profectionem
658 3927 891 3988 testinantes.
1471 3939 1478 3958 ·

363 4113 578 4124 —-——--

452 4229 546 4286 Codex
566 4228 718 4285 Parrhasii
764 4225 856 4283 tirui
873 4226 1078 4301 possessiones:
1107 4226 1132 4282 si
1155 4244 1204 4284 555
1228 4228 1277 4299 qui
1301 4227 1383 4286 robis
1474 4229 1595 4302 9Virg.
1622 4231 1690 4286 Aen.

265 4343 269 4350 ,
362 4329 412 4369 555
432 4328 449 4368 5
468 4311 622 4368 clarissima
697 4315 731 4367 16
750 4308 780 4364 in
799 4308 900 4365 eodem
919 4306 954 4378 V,
972 4309 1019 4364 5551
1037 4307 1167 4365 51515151
1243 4315 1274 4366 17
1294 4309 1375 4367 illam
1449 4309 1632 4384 311111]111

452 4591 468 4640 2
487 4585 521 4639 ut
539 4583 610 4640 mihi
628 4581 716 4638 liceat
735 4585 794 4637 tam
814 4581 863 4638 diu
882 4581 958 4652 quod
977 4599 1042 4638 amo
1061 4583 1116 4638 frui
1139 4581 1286 4639 Terentius
1358 4586 1375 4635 t
1394 4581 1540 4651 putatisne
1562 4597 1614 4637 555
1633 4580 1690 4636 11115

361 4663 445 4720 rebus
464 4663 520 4720 frui
538 4681 636 4737 55555,
657 4665 712 4721 5151
732 4681 780 4720 555
795 4663 845 4735 qui
860 4661 940 4718 vobis
953 4660 1058 4718 fructui
1073 4668 1140 4720 suut
1154 4662 1355 4720 censer-auritis
1370 4660 1465 4718 615555
1521 4663 1569 4733 qui
1586 4662 1691 4718 fructui

362 4747 443 4803 vobis
458 4750 525 4802 suat
539 4747 577 4801 Μ
651 4754 685 4803 10
705 4745 820 4802 Sallust.
836 4745 900 4801 hist.
918 4743 957 4799 IV
976 4747 1052 4816 quod
1072 4744 1152 4800 rrxori
1167 4745 1193 4800 (i
1209 4785 1215 4800 .
1231 4748 1261 4801 et
1279 4742 1361 4799 uxori
1379 4759 1413 4798 ea
1427 4743 1519 4799 5551155
1533 4741 1691 4800 Frontonis

361 4823 993 4900 511551558511551111559555511555111555551
1068 4833 1099 4882 17
1120 4829 1231 4898 septem
1251 4826 1332 4882 illum
1352 4855 1383 4866 -
1406 4823 1488 4881 115555
1513 4823 1656 4896 1559111555

366 4917 401 4966 tt
421 4909 477 4966 Cle.
497 4927 548 4981 pro
568 4909 697 4983 Ligario]
718 4910 753 4978 ef.
771 4927 800 4980 p.
820 4913 924 4978 493,21
