3602 5482
360 353 428 422 290
970 355 1097 416 cauae

323 469 336 524 ,'
361 469 384 508 ρ.
399 457 460 500 asco.
476 462 487 500 1
504 457 530 499 a.

361 545 524 628 signifieat,
553 555 584 608 at
607 544 687 608 soles
717 547 799 626 ipsos
823 545 889 608 dies
913 523 1118 628 nominamus,
1146 543 1313 628 inquibus
1338 543 1382 607 sol
1410 553 1509 607 totum
1539 539 1694 604 inluminat

360 653 473 735 polum.
517 671 577 716 non
607 653 682 716 nulli
710 661 812 716 umen
841 664 977 716 veterum
1012 656 1076 736 ipsa
1106 656 1240 716 carmina
1268 653 1349 715 soles
1377 653 1586 732 nominavere,
1620 653 1694 712 sicut

362 741 504 823 lloratius
533 763 564 824 in
593 763 743 844 principio
772 761 933 824 cuiusdam
960 761 1126 826 volumlnis
1147 765 1191 825 ita
1221 779 1350 825 exorsus
1371 769 1433 842 est,
1460 755 1577 821 ‘solea
1600 775 1694 820 meos

362 871 458 932 omni
483 869 666 934 ecelesiae
690 883 834 935 vestrae
859 866 1096 955 commendo’,
1119 882 1151 933 et
1173 871 1256 933 Maro
1281 863 1395 955 (bucol.
1420 867 1450 942 9,
1474 861 1531 952 51)

1080 997 1190 1062 saepe
1215 996 1281 1059 ego
1305 975 1435 1058 longos
1717 991 1727 1030 ⁵

525 1087 708 1152 cantando
732 1105 885 1170 puerum
909 1089 1056 1150 memini
1081 1105 1133 1150 me
1158 1083 1319 1150 condere
1343 1082 1451 1146 soles.

454 1195 628 1260 &cundum
653 1197 837 1278 praepositio
861 1202 908 1257 est
932 1197 1122 1278 imitationis,
1146 1203 1216 1277 post
1239 1193 1386 1274 temporis
1411 1172 1473 1254 si've
1497 1191 1622 1252 ordinis.

453 1305 605 1387 Segnities
629 1307 695 1367 vitii
718 1313 779 1387 est,
803 1305 931 1385 segnitia
956 1292 1106 1385 frigoris*

454 1412 620 1476 Subscribo
644 1413 794 1495 epistolis,
819 1410 955 1494 supplico
980 1413 1130 1492 similiter,
1154 1419 1188 1474 ut
1211 1408 1349 1491 supplico
1373 1407 1491 1471 divinae
1515 1409 1629 1489 pietati.

454 1519 588 1603 Simplex
613 1519 774 1583 ablativum
798 1529 829 1582 et
853 1521 883 1581 in
908 1522 918 1582 l
942 1531 972 1582 et
996 1523 1027 1582 in
1051 1539 1067 1582 e
1093 1521 1198 1600 mittit,
1241 1519 1394 1580 anatinam
1418 1515 1566 1599 pluralem
1589 1518 1621 1578 in
1645 1533 1692 1578 um
1706 1535 1728 1574 n

363 1636 394 1691 et
413 1630 445 1690 in
464 1631 541 1710 ium,
566 1637 599 1691 ut
625 1628 663 1691 ab
686 1628 743 1690 boc
764 1627 900 1710 simplice
920 1637 951 1690 et
969 1626 1113 1709 simplici,
1136 1625 1246 1688 horum
1266 1625 1438 1708 simplicum
1457 1635 1489 1689 et
1507 1625 1694 1707 simplicium.

364 1739 465 1799 suavis
489 1736 651 1800 ablativum
675 1753 779 1799 casum
803 1738 834 1798 ln
858 1755 876 1797 e
900 1745 932 1798 el
955 1739 987 1798 ln
1009 1739 1021 1798 i
1044 1737 1146 1798 mittit.

454 1844 581 1926 stachys
595 1862 713 1928 graece,
727 1843 819 1906 latine
834 1845 925 1925 spica.
954 1841 1090 1905 sandalia
1104 1860 1212 1924 graece
1228 1852 1337 1906 neutro
1351 1861 1474 1927 genere,
1489 1841 1582 1924 caliga
1597 1841 1695 1904 latine.

454 1953 578 2017 Sertum
603 1964 633 2015 et
656 1970 768 2015 corona
794 1971 830 2013 ex
856 1969 916 2013 uno
939 1969 1048 2032 graeco
1074 1951 1310 2034 transferuntur,
1334 1952 1363 2013 id
1388 1960 1435 2014 est
1459 1951 1632 2034 stephanos.

455 2060 571 2124 Solium
591 2062 714 2142 proprie
730 2059 818 2122 sedes
836 2059 945 2140 regalis
965 2067 1021 2141 est,
1037 2059 1116 2121 unde
1135 2077 1243 2140 graece
1262 2051 1403 2122 basilicos
1423 2061 1551 2123 thronos
1566 2069 1696 2122 vocatur.
1711 2077 1732 2116 u

455 2169 555 2232 Senex
579 2179 609 2232 et
634 2171 737 2232 senior
760 2167 977 2249 superlativum
1001 2164 1127 2249 gradum
1149 2185 1208 2229 non
1233 2166 1353 2230 babent
1391 2169 1513 2232 sobrius
1538 2187 1594 2231 nee
1618 2157 1696 2229 coln-

364 2282 533 2360 parativum
556 2280 666 2361 recipit
689 2295 746 2340 nec
770 2276 1002 2358 superlativum,
1029 2276 1081 2338 sed
1107 2294 1162 2359 pro
1187 2275 1234 2338 his
1258 2277 1386 2340 dicimus
1411 2257 1505 2360 magis
1524 2277 1646 2340 sobrius
1669 2286 1698 2337 et

366 2388 494 2448 maxime
518 2384 648 2448 sobrius.

429 2508 436 2522 ·
455 2493 583 2557 Senecta
598 2503 630 2557 et
645 2495 764 2556 senium
778 2493 839 2554 duo
854 2495 974 2555 nomina
990 2497 1156 2556 senectutis
1172 2505 1244 2556 sunt
1259 2504 1289 2557 et
1303 2496 1521 2559 discernuntur
1535 2513 1552 2557 a
1566 2495 1696 2576 Graecis,

365 2601 444 2684 apud
468 2620 545 2684 quos
569 2601 649 2665 aliud
674 2620 786 2664 nomen
809 2600 900 2663 babet
923 2603 1052 2682 gravitas
1075 2611 1146 2684 post
1168 2605 1371 2686 iuventutem,
1399 2603 1479 2666 aliud
1504 2613 1573 2686 post
1603 2607 1733 2685 ipsane

335 2732 337 2738 ’
364 2711 542 2790 gravitatem
570 2713 695 2772 veniens
725 2707 829 2771 ultima
858 2717 948 2771 aetas.
992 2729 1059 2772 nam
1088 2709 1249 2793 presbyter
1277 2711 1390 2773 dicitur
1418 2714 1517 2792 gravis
1546 2721 1578 2773 et
1605 2729 1696 2794 geron

365 2835 466 2880 senex.
490 2819 561 2900 quia
578 2820 694 2896 veroin
714 2817 804 2879 latina
823 2816 924 2900 lingna
939 2816 1070 2879 duorum
1090 2821 1219 2882 istonrm
1235 2819 1391 2881 nominum
1410 2818 1565 2882 distinctio
1580 2819 1699 2902 deiecit,

364 2924 401 2987 de
426 2934 584 2989 senectute
607 2926 695 2988 ambo
720 2936 792 2988 sunt
819 2930 931 3009 posita,
960 2936 1082 2989 senecta
1113 2935 1144 2988 et
1174 2929 1302 2990 senium.
1339 2927 1414 2990 baec
1437 2927 1634 3009 dugusssnus.
1671 2937 1700 2990 at

365 3032 529 3114 Gregorius
555 3030 729 3098 ‘undecima
754 3029 844 3096 vero'
868 3037 969 3116 inquit
993 3031 1057 3098 ‘eat
1085 3042 1168 3096 aetas
1196 3053 1274 3116 quae
1302 3034 1456 3118 decrepita
1484 3038 1530 3099 vel
1560 3045 1699 3099 veterana

364 3142 485 3225 dicitur,
512 3143 592 3206 uude
608 3143 715 3206 Graeci
735 3142 818 3205 valde
834 3146 970 3205 seniores
987 3160 1047 3232 nort
1066 3153 1218 3225 gerontas,
1238 3143 1290 3205 sed
1311 3144 1505 3227 presbyteros
1524 3139 1697 3228 appellanti
1712 3161 1734 3201 ss

367 3250 491 3332 utplus
516 3270 607 3333 qttam
630 3271 719 3315 senes
743 3270 810 3313 esse
835 3254 1003 3332 insinuent,
1028 3269 1106 3332 quos
1129 3255 1339 3332 provectiores
1360 3249 1492 3316 vocant'.

458 3358 585 3442 Suspiro
609 3359 735 3423 verbum
762 3361 853 3424 trahit
876 3379 986 3423 nomen
1011 3359 1102 3422 dativi
1126 3378 1214 3422 casus
1238 3371 1269 3422 et
1293 3366 1468 3440 accusativi,
1493 3371 1527 3425 ut
1550 3359 1699 3446 ‘suspira-

367 3485 435 3530 mus
457 3472 573 3550 patriae
598 3465 738 3534 oaelesti'
763 3481 794 3533 et
818 3465 1022 3552 ‘suspiramus
1047 3488 1174 3550 regnum
1199 3465 1275 3554 dei',
1299 3481 1331 3534 et
1352 3474 1577 3554 praepositione
1602 3473 1700 3536 addita

366 3572 567 3658 ‘suspiramus
591 3579 627 3641 ad
654 3583 742 3642 vitam
766 3573 991 3642 immortalem'.
1383 3661 1385 3664 Ι

458 3685 662 3751 subducimus
682 3700 713 3751 et
736 3707 812 3769 quae
833 3699 916 3750 rotro
936 3685 1143 3749 subtrahimus
1163 3697 1194 3748 et
1215 3706 1291 3768 quae
1316 3692 1346 3751 in
1371 3699 1514 3772 promptu
1535 3693 1698 3753 ollerimus.
1713 3705 1735 3744 ω

458 3789 627 3877 Supremos
651 3815 787 3860 summus
812 3806 842 3857 et
866 3797 990 3858 ultimus
1014 3804 1046 3856 et
1070 3798 1258 3876 superiorem
1283 3807 1328 3858 et>
1344 3800 1520 3860 inleriorem
1544 3799 1698 3880 signifieat.
1754 3847 1758 3854 .

458 3903 557 3985 Super
572 3905 714 3987 estquod
729 3907 855 3988 eminet,
874 3922 966 3986 supra
981 3902 1062 3984 quod
1083 3902 1268 3966 substratum
1283 3905 1395 3987 aliquid
1414 3907 1519 3991 babet,
1534 3908 1641 3970 subter
1655 3919 1700 3970 est

366 4014 448 4095 quod
462 4031 496 4075 re
511 4012 611 4094 aliqua
625 4016 784 4095 superiore
798 4014 957 4096 premitur,
972 4010 1081 4075 subtus
1096 4014 1176 4094 quod
1192 4013 1357 4079 demissum
1373 4016 1462 4079 altius
1477 4035 1538 4080 non
1558 4019 1699 4098 tangitur.

458 4161 638 4234 laignilicul
655 4177 706 4218 om.
727 4160 755 4215 P
825 4161 958 4214 immeo
977 4175 1029 4214 orn.
1050 4159 1089 4214 Μ
1153 4161 1297 4218 dontius
1316 4161 1385 4232 PL,
1404 4159 1567 4220 Honoratus
1585 4165 1700 4220 coniecti

350 4243 444 4308 ,tates
462 4243 559 4300 Reduc
576 4259 620 4314 op.
640 4258 667 4298 v.
688 4241 736 4296 VI
748 4259 780 4312 p.
800 4245 855 4297 454
922 4241 966 4295 ita
985 4245 1099 4296 exortus
1118 4247 1162 4297 est
1183 4241 1212 4296 P
1228 4243 1271 4298 iia
1289 4260 1319 4299 se
1338 4259 1418 4300 orans
1437 4247 1482 4299 esi
1501 4245 1540 4298 Μ
1556 4261 1641 4314 quam
1660 4245 1700 4299 iia

367 4324 589 4382 exoranseaiL
654 4321 1012 4391 tomuiaecl'eeyreP
1076 4325 1296 4394 iporiam}
1360 4323 1520 4380 talnisi
1538 4323 1662 4379 iaedi

369 4412 403 4462 ιε
423 4405 535 4462 aenou
553 4407 601 4465 ac
680 4404 805 4475 salsuga
823 4401 852 4456 Ρ
929 4407 961 4457 ιε
981 4402 1056 4459 aean
1075 4405 1214 4476 rapuero
1234 4404 1264 4460 Ρ
1289 4381 1316 4431 *
1338 4405 1461 4460 amireos
1482 4405 1520 4460 nr
1593 4411 1626 4461 ιε
1646 4405 1700 4460 ao-

367 4490 487 4545 eernnni
506 4487 536 4543 P
616 4493 651 4544 20
670 4484 748 4559 post]
768 4501 819 4555 per
837 4489 953 4556 utroque
971 4485 1030 4540 loco
1051 4486 1080 4542 P
1160 4493 1194 4542 21
1214 4486 1319 4542 dieitur
1337 4485 1445 4560 gravia]
1470 4486 1599 4558 grauitas
1619 4487 1658 4540 Μ

367 4575 401 4624 22
422 4571 453 4626 ei
473 4567 638 4642 Gregorius]
660 4570 693 4624 oi
712 4573 744 4624 ei
762 4582 848 4638 greca
869 4564 899 4620 P
976 4573 1012 4621 at
1031 4568 1076 4622 esi
1093 4567 1186 4638 inquii
1204 4571 1284 4624 estas
1304 4568 1342 4622 M
1358 4567 1455 4638 inquil
1472 4584 1507 4624 ee
1527 4573 1608 4624 aetas
1629 4567 1659 4622 P

312 4690 317 4699 .
366 4655 402 4705 26
422 4652 455 4706 ui
472 4681 507 4693 -
526 4657 632 4707 vocant
649 4667 701 4706 oon.
719 4650 761 4713 Μ
814 4647 913 4721 qnam]
934 4649 983 4720 qui
1002 4648 1031 4703 P
1081 4656 1167 4707 uocet
1187 4650 1216 4705 P
1270 4655 1305 4704 30
1324 4651 1354 4704 in
1372 4646 1486 4722 prombo
1500 4651 1645 4708 efferimus
1666 4653 1700 4708 Μ

423 4735 457 4788 32
478 4733 554 4803 quod
573 4733 751 4794 subtractum
769 4728 881 4800 aliquid
901 4729 930 4784 P
952 4729 1029 4801 quod
1048 4731 1157 4804 aliquid
1176 4731 1354 4788 subtractum
1372 4731 1399 4786 L
1418 4749 1491 4803 ques
1510 4733 1698 4791 suminatam

366 4809 478 4882 aliquid
498 4813 536 4868 M
607 4819 641 4868 3³
661 4813 737 4885 qnod
757 4811 799 4884 re]
825 4827 900 4882 quae
919 4829 949 4867 ra
970 4811 1008 4867 M
1086 4815 1271 4886 promiturL
1351 4814 1501 4870 dimissum
1524 4813 1611 4871 aliine
1632 4814 1701 4870 ΡΜ

367 4893 522 4949 demissum
541 4895 579 4949 eb
597 4893 700 4950 altiore
720 4892 768 4953 sL
