3564 5482
495 1278 797 1383 ARVSIANI
829 1276 1043 1381 inussit

158 1483 163 1494 ·
274 1537 277 1542 .
359 1469 668 1546 nxnuaun
714 1465 1178 1543 uuoevnrouvu

106 1647 152 1696 EX
176 1646 350 1698 tunninio
374 1647 568 1698 SALLVSTIO
593 1645 772 1697 Tunnurto
797 1645 975 1696 CICERONI.
998 1644 1152 1696 munera
1173 1645 1241 1694 PER
1260 1643 1436 1692 munands

105 1853 315 1904 ptoeedldnd.

68 1963 80 2002 e
194 1910 360 2004 Abundans
392 1941 473 2005 illius
506 1944 565 2026 rei,
602 1940 688 2024 Verg.
722 1945 754 2005 in
787 1941 874 2005 bueo.
903 1941 1008 2018 (30)
1042 1934 1156 2002 ‘nivei
1189 1957 1293 2020 quarn
1326 1935 1437 2000 laetis

106 2045 320 2114 abundane'.
366 2049 523 2114 abundans
547 2051 596 2114 illa
625 2070 673 2134 re,
706 2051 812 2115 Cicero
836 2069 891 2132 pre
916 2048 1055 2112 Cornelio
1080 2047 1157 2110 libro
1182 2046 1208 2110 ll
1233 2043 1334 2128 ‘quis
1365 2056 1435 2110 tarn

31 2155 36 2170 ’
105 2156 292 2222 abundans
316 2161 434 2242 copiis
459 2209 466 2223 .
490 2157 623 2222 abundat
646 2159 694 2222 llla
718 2178 768 2242 re,
796 2159 857 2222 Cic.
882 2177 938 2241 pro
962 2157 1101 2221 Cluentio
1126 2157 1275 2234 (65181)
1305 2155 1436 2219 mulier·

105 2261 265 2330 abundat
288 2266 438 2330 audaeia
458 2317 465 2330 .
485 2267 604 2332 abunde
619 2280 667 2332 est
684 2267 776 2332 huius
796 2271 854 2352 rei,
880 2266 966 2349 Verg.
980 2269 1053 2330 Aen.
1069 2264 1119 2328 Vll
1135 2265 1230 2341 (552)
1251 2273 1435 2328 terrorum

105 2387 139 2439 et
161 2375 306 2440 fraudis
329 2374 472 2440 abunde
496 2387 560 2441 est

68 2508 91 2546 re
194 2485 289 2548 Ardet
311 2484 360 2548 illa
384 2503 431 2570 re,
456 2484 542 2567 Verg.
566 2490 639 2549 Aen.
663 2485 703 2548 Xl
727 2487 824 2562 (782)

277 2594 435 2658 lemineo
459 2595 618 2678 praedae
643 2607 679 2658 et
702 2594 904 2678 spoliorum
929 2592 1083 2657 ardebat
1106 2611 1257 2654 amore.

104 2703 189 2768 ardet
212 2703 292 2767 illam
317 2721 397 2788 rem,
419 2704 500 2768 idern
523 2707 554 2768 in
579 2703 647 2768 buc.
671 2705 750 2781 (21)

313 2813 517 2876 formosum
540 2819 667 2895 pastor
691 2811 857 2895 Corydon
882 2809 1035 2875 ardebat
1057 2810 1196 2874 Alexim
1221 2859 1227 2874 .

104 2921 189 2984 ardet
216 2923 249 2984 in
277 2919 327 2984 illa
355 2939 403 3004 re,
431 2920 542 2986 Saluat.
570 2920 649 2984 bello
678 2920 762 2984 Catil
792 2921 876 3003 (5,el)
905 2919 1038 2984 ardens
1067 2923 1102 2982 ln
1131 2918 1402 3002 cupiditatibus
1428 2966 1435 2980 .

68 3029 189 3092 inardet
208 3032 240 3092 in
259 3029 340 3093 illam
359 3047 439 3112 rem,
463 3029 550 3112 Verg.
569 3034 644 3093 Aen.
673 3030 736 3093 l'II
751 3029 848 3106 (623)
868 3029 972 3092 ardet
996 3031 1032 3092 in
1055 3031 1210 3093 excitam
1229 3029 1435 3092 Ausoniam.

193 3140 310 3201 Avertit
332 3137 389 3202 hac
412 3157 461 3221 re,
484 3137 570 3220 Verg.
595 3142 668 3202 den.
691 3138 704 3201 l
728 3139 801 3221 (38)

290 3266 356 3311 nee
380 3266 489 3332 posse
513 3247 620 3310 ltalia
642 3247 869 3311 Teucrorum
894 3255 1065 3310 avertere
1090 3264 1212 3327 regem
1237 3293 1244 3308 .
1296 3271 1299 3280 ⁴

104 3359 212 3420 avertit
235 3355 273 3420 ab
296 3356 345 3420 illa
369 3375 417 3440 re,
445 3357 507 3420 Cic.
530 3355 637 3438 Philip.
666 3351 835 3430 (Virta)
859 3353 903 3418 ab
928 3355 1017 3418 urbe
1042 3354 1079 3417 ll.
1103 3356 1252 3417 Antonii
1276 3358 1434 3437 impetus

102 3467 136 3528 in
161 3465 315 3530 Galliam
339 3469 484 3530 avertit.
514 3484 638 3528 aversus
653 3465 689 3528 ab
705 3464 772 3548 illo,
794 3464 853 3528 Cic.
868 3467 900 3527 in
915 3463 1000 3528 Catil.
1016 3463 1056 3527 lll
1070 3463 1256 3539 (9‚2l),tam
1280 3482 1434 3526 aversus

66 3591 117 3635 eoa
142 3593 259 3638 vero.

193 3684 325 3767 Accinge
349 3703 397 3748 me
421 3684 491 3749 huic
515 3687 574 3768 rei,
599 3684 685 3766 Verg.
708 3685 781 3746 Aen.
805 3683 818 3746 l
842 3683 937 3758 (210)

288 3791 345 3856 illi
369 3811 406 3856 ae
431 3793 586 3877 praedae
611 3796 809 3874 accingunt
832 3792 1061 3875 dapibusque
1086 3793 1224 3854 tuturis
1249 3839 1255 3852 .

193 4012 286 4072 coam
306 4013 459 4070 Parrhasis·
505 4013 646 4085 llneipit
671 4014 804 4071 Arneiaui
827 4015 912 4072 Masei
935 4033 978 4072 ue.
1003 4031 1043 4070 er.
1071 4011 1184 4070 coniitia
1212 4013 1298 4086 primi
1326 4013 1433 4072 ordinis
1513 4061 1517 4070 .

100 4095 235 4168 exempla
253 4093 447 4152 elocutionum
463 4097 468 4163 t
483 4095 527 4151 Ex
541 4095 662 4169 uergilio
678 4096 803 4153 Salnetio
818 4097 953 4154 Terentio
968 4097 1102 4154 Cicerone
1118 4096 1231 4168 digeeta
1245 4113 1296 4167 per
1309 4095 1431 4153 litterae

100 4178 243 4234 Anniani
269 4179 379 4234 nemini
406 4179 500 4235 endem
521 4197 609 4235 menae
635 4180 854 4250 superse-sptem
877 4183 915 4236 eet
938 4176 1063 4234 Cornelii
1089 4175 1230 4233 frontonii
1258 4177 1373 4244 detrita,
1401 4183 1433 4234 ut

100 4263 224 4328 ridetur,
243 4264 308 4315 ante
327 4258 451 4316 Cornelii
474 4261 568 4317 littera
586 4276 629 4350 a·
679 4265 712 4316 11
731 4263 801 4316 Aen
818 4260 936 4317 Vllum.
1013 4262 1044 4313 17
1059 4257 1216 4317 Antonium
1230 4275 1300 4316 eurr.
1317 4257 1432 4315 hionii

136 4351 345 4426 18111]11ι1
423 4357 454 4406 21
476 4350 520 4407 illi
538 4369 568 4408 ae
587 4351 653 4408 hdie
672 4351 794 4422 praedae
1522 4353 1525 4360 ’

68 4557 82 4576 “
193 4551 232 4608 Μ
250 4553 383 4610 editiones
402 4551 505 4623 Anpeti
525 4553 605 4609 Maii
625 4553 847 4610 Medioleeeenaie
866 4574 892 4610 1.
912 4555 987 4611 1815
1006 4555 1031 4608 ei
1049 4550 1181 4608 Romane
1199 4569 1225 4610 1.
1245 4556 1323 4610 1823

192 4633 323 4690 Gaudere
347 4633 616 4702 Wolsenbuttelanue
637 4635 789 4692 Gaediem
807 4643 864 4694 281

193 4713 223 4770 P
239 4715 325 4772 enda
343 4715 488 4773 Maeuia
508 4717 715 4774 Perizoniamee
733 4724 770 4775 84

190 4797 399 4871 tdbundana]
428 4797 517 4855 Pn'ac.
536 4800 554 4855 l.
576 4799 703 4854 XVIII
716 4817 747 4870 p.
766 4804 825 4856 216
919 4805 953 4854 15
980 4797 1105 4872 Avertit]
1137 4797 1228 4856 Prien.
1257 4797 1275 4854 l.
1307 4797 1433 4855 XVIII

97 4893 125 4946 p.
149 4883 211 4935 277
288 4884 321 4934 17
341 4879 379 4936 lt.
399 4879 516 4936 Antonii
535 4879 659 4952 impetus
678 4881 801 4939 nefarios
820 4881 857 4938 ab
875 4881 945 4938 urbe
964 4881 993 4937 ln
1012 4880 1136 4937 Galliam
1155 4879 1260 4937 avertit
1279 4879 1373 4940 Cicero
