3602 5482
631 334 930 395 onomooeapnm
1130 303 1134 314 '
1316 341 1324 358 ·
1380 335 1447 404 309

104 445 291 496 mmm.
1313 491 1319 508 ,

106 532 183 596 dum
203 531 224 594 d
247 530 349 594 littera
372 529 551 610 geminatur,
576 529 696 610 quoties
714 525 752 589 ab
773 543 959 607 assequens
978 527 1087 607 incipit
1107 525 1218 608 syllaba
1239 535 1269 590 et
1294 545 1353 590 una
1377 545 1448 609 pars

62 657 70 668 ·
105 632 263 696 orationis·
277 627 425 711 expletur,
448 634 482 689 ut
502 626 629 690 reddere
649 626 779 690 dicimus
798 626 948 708 geminata
967 625 1000 710 d,
1020 625 1168 688 reducere
1188 635 1290 690 sertem
1309 626 1451 710 simplici.

105 751 142 795 re
167 729 354 814 praepositio
373 745 478 810 saepe,
503 745 573 790 cum
592 726 629 804 ad
649 733 853 788 consonantes
872 724 1003 807 accedit,
1026 727 1159 808 geminat
1178 725 1258 809 ibas,
1281 725 1362 808 quod
1386 725 1448 809 ple·

106 847 241 911 rumque
260 825 341 911 apud
360 827 501 909 antiquos
525 813 586 908 est,
611 835 645 889 ut
663 824 738 888 cado
758 825 893 907 reccido,
916 823 972 888 tuli
996 825 1115 910 rettuli,
1137 823 1217 909 pelio
1240 825 1385 909 reppello,
1408 825 1447 889 do

77 927 220 1005 sreddo,
243 927 311 1011 lego
335 926 457 1008 rellego.
494 925 521 988 il
544 935 692 1008 sequente
716 924 799 988 arel
823 945 843 988 u
867 924 986 988 vocales
1009 943 1070 988 non
1094 927 1277 1008 aspirantur,
1301 935 1335 989 ut
1358 944 1448 989 arcus

106 1030 209 1092 urtica
233 1045 324 1111 urna,
354 1028 466 1090 notatis
495 1025 567 1089 hara
595 1024 708 1088 harena
736 1025 883 1088 harundo.
937 1043 953 1087 r
981 1033 1129 1105 sequente
1158 1043 1175 1087 e
1203 1025 1314 1088 vocalis
1343 1024 1449 1088 leviter

107 1128 246 1204 effertur,
271 1137 305 1190 ut
329 1145 400 1190 erus
424 1127 495 1209 erit;
523 1127 550 1189 si
573 1133 642 1208 post
661 1143 676 1188 r
701 1132 847 1207 sequatur
870 1123 890 1186 h
913 1124 960 1187 rei
984 1143 1004 1188 n
1028 1123 1076 1186 rel
1099 1145 1114 1188 s
1137 1124 1185 1188 sei
1209 1143 1226 1187 e
1249 1124 1352 1209 longa,
1375 1135 1450 1189 tunc

106 1229 244 1309 graviter
266 1227 432 1311 proiectur,
455 1234 491 1290 nt
513 1223 607 1290 herba
631 1224 777 1289 herbidus
801 1221 926 1287 herbilis
949 1223 1113 1310 herbosus,
1138 1226 1297 1307 proprium
1320 1222 1449 1308 ilerdae,

107 1327 191 1390 unde
216 1319 682 1412 esr(Verp.Aen.V11684)
707 1320 883 1387 ‘Hernica
906 1342 990 1387 saxa
1014 1318 1169 1407 colnnt',
1192 1322 1336 1406 Hersilia,
1358 1322 1449 1386 heres

66 1441 92 1482 ιο
109 1425 286 1510 heredium,
314 1425 488 1490 Herennius
518 1427 676 1509 proprium
701 1433 732 1487 et
755 1423 911 1487 lieronies.
954 1444 970 1487 r
993 1431 1141 1506 sequente
1166 1426 1176 1486 i
1205 1422 1300 1486 vocali
1328 1441 1449 1504 semper

109 1531 272 1611 aspiratur,
290 1537 325 1591 ut
348 1526 453 1590 hircus
477 1525 671 1622 hirquitalips
689 1523 836 1607 Hirpinus
860 1522 997 1586 hirsutus
1020 1522 1121 1587 hirtus
1146 1522 1314 1586 Hirtuleius
1338 1523 1450 1586 Hirrus

108 1629 283 1710 proprium3
314 1628 372 1690 nisi
395 1635 448 1689 aut
470 1623 710 1708 monosyllabum
733 1627 787 1708 sit,
811 1633 844 1687 ut
868 1627 905 1708 ir,
928 1633 980 1687 aut
1003 1633 1150 1687 ermotu
1174 1623 1273 1708 rerhl,
1296 1632 1331 1686 ut
1362 1641 1399 1686 eo
1423 1625 1449 1686 is

109 1730 197 1790 irem·
214 1729 293 1810 ires,
317 1711 374 1789 iris
398 1725 428 1788 id
452 1732 500 1788 est
523 1743 626 1808 aretrs3
654 1735 706 1788 ant
729 1726 788 1788 nisi
811 1743 828 1787 a
850 1732 921 1806 post
941 1718 945 1806 Ι
967 1732 1161 1805 rsequatur:
1185 1733 1259 1788 tunc
1282 1725 1364 1786 enim
1388 1739 1448 1784 non
1500 1729 1503 1738 '

108 1828 273 1910 aspiratur,
297 1834 331 1888 ut
348 1827 395 1888 ira
413 1827 510 1888 iratus
528 1824 694 1888 iracundus
713 1827 830 1888 irascor
848 1833 879 1888 et
898 1821 1044 1907 quiequid
1063 1822 1100 1885 ab
1120 1825 1165 1886 eis
1184 1823 1227 1886 iit.
1264 1841 1281 1885 r
1300 1831 1448 1904 sequente

68 1937 129 1988 1⁵0
151 1925 248 1989 vocali
267 1945 329 1989 non
347 1927 508 2008 aspiratur,
527 1935 561 1988 ut
580 1924 689 2008 orbus3
709 1927 736 1988 si
755 1942 827 1986 rero
847 1924 902 1986 alia
922 1941 938 1985 r
958 1931 1104 2005 sequatur
1123 1932 1175 1986 aut
1195 1932 1220 2006 t,
1244 1934 1317 1987 tnnc
1336 1923 1448 2004 aspira·

109 2037 170 2102 tur,
203 2035 238 2090 ut
266 2023 377 2088 horreo
408 2021 564 2104 [horreor]
595 2022 718 2105 horror,
747 2021 907 2105 horreum,
935 2021 1042 2086 hortus
1071 2021 1224 2106 holerum,
1256 2020 1449 2085 hortentius:

109 2135 235 2189 nautor
264 2124 422 2188 hordeum.
469 2124 514 2186 Re
543 2123 728 2206 praepositio
752 2122 770 2185 d
795 2122 928 2185 litteram
952 2123 1143 2186 extrinsecus
1167 2124 1289 2206 accipit,
1318 2121 1449 2185 eumad

111 2224 245 2288 vocalem
274 2227 470 2307 incipientem
494 2224 579 2287 uerbi
608 2223 736 2287 alieuius
760 2221 890 2304 aceedit3
919 2239 1010 2304 quam
1033 2220 1053 2283 d
1077 2241 1139 2285 non
1162 2224 1286 2306 accipit,
1313 2225 1340 2286 sl
1363 2220 1400 2284 ad
1429 2241 1449 2284 ιι

109 2334 329 2388 consonantem
359 2324 498 2409 accedat,
529 2332 564 2387 ut
596 2322 699 2386 ulcero
729 2321 904 2406 redulcero,
935 2341 990 2404 ago
1022 2321 1143 2408 redigo,
1173 2342 1210 2385 eo
1238 2323 1345 2407 redeo,
1375 2342 1449 2386 voco

72 2435 99 2476 ω
113 2444 241 2508 revoco,
264 2427 351 2488 vinco
375 2427 508 2488 revinco.
1437 2493 1440 2498 ¹

205 2524 258 2588 Sol
288 2527 321 2590 in
345 2535 476 2606 utroque
499 2541 628 2588 numero
652 2523 831 2589 declinatur.
868 2523 922 2586 sed
947 2521 1141 2604 singulariter
1165 2523 1210 2586 sol
1238 2526 1338 2606 ipsum
1362 2522 1449 2587 lumi·

110 2644 185 2690 nare
224 2625 391 2708 significat3
429 2631 460 2687 at
493 2623 573 2688 soles
606 2625 689 2706 ipsos
721 2623 788 2687 dies
821 2627 1029 2704 nominamus,
1060 2625 1092 2686 in
1127 2621 1237 2705 quibus
1271 2621 1315 2688 sol
1352 2631 1449 2688 totum

109 2725 273 2790 inluminat
292 2723 403 2806 polum.
446 2741 507 2786 non
533 2723 609 2786 nulii
634 2733 735 2787 tamon
754 2731 893 2787 veterum
911 2725 976 2806 ipsa
995 2725 1128 2786 carmina
1147 2723 1227 2787 soles
1246 2727 1473 2807 nominavere·

110 2827 195 2888 sicut
213 2821 358 2887 Horatius
377 2841 505 2886 exorsus
529 2833 577 2886 est
600 2817 714 2886 ‘soles
739 2839 837 2886 meos
861 2824 957 2886 omni
980 2821 1163 2886 ecclesiae
1188 2834 1334 2887 restrae
1354 2840 1452 2886 com·

68 2933 96 2974 ²⁵
112 2917 261 2988 mendo'
280 2932 313 2986 et
330 2921 413 2986 Maro
433 2917 548 3010 (becci.
564 2925 594 3002 9,
609 2919 666 3011 51)
691 2921 816 3006 ‘saepe
841 2941 905 3004 ego
930 2922 1059 3004 longos
1084 2922 1273 2989 Cantando
1297 2942 1450 3007 puerum
1479 2967 1482 2974 ·

111 3025 259 3087 memini
282 3040 336 3086 me
360 3023 522 3087 condere
546 3021 671 3088 soles’.
711 3023 824 3088 Similis
843 3042 912 3086 snm
930 3025 976 3087 tui
995 3021 1146 3108 moribus,
1165 3023 1271 3088 similis
1291 3022 1346 3087 tibi
1365 3024 1450 3086 iacie.

111 3123 220 3187 Studio
240 3123 286 3186 tui
310 3121 382 3207 ieci,
405 3122 435 3186 ld
456 3132 503 3187 est
521 3123 594 3188 dum
614 3123 722 3188 studeo
742 3123 814 3207 tibt3
838 3123 939 3187 studio
959 3132 1012 3188 tuo
1033 3125 1106 3208 ieci,
1129 3122 1228 3188 idest
1249 3133 1279 3186 te
1299 3123 1454 3208 studente.
1472 3187 1479 3202 ‚

112 3223 230 3284 Sartrix
255 3221 302 3286 rel
325 3225 437 3286 sertrix
461 3241 538 3305 quae
558 3227 663 3307 sarcit,
686 3226 859 3288 sarcinator
883 3226 935 3305 qui
960 3225 1094 3286 sarcinas
1114 3233 1221 3288 serrat
1261 3222 1388 3287 Salubre
1413 3222 1450 3287 ad

110 3321 213 3385 locum
232 3324 366 3386 retertur
384 3331 417 3385 et
437 3321 475 3385 ad
499 3322 614 3407 cibum,
640 3322 770 3386 salutare
791 3321 953 3386 eonsilium
972 3329 1028 3384 est.
1067 3325 1109 3385 ita
1128 3323 1249 3386 salubre
1270 3343 1330 3387 non
1351 3331 1450 3400 nocet,

69 3435 98 3476 ω
113 3421 245 3486 salutare
274 3421 408 3504 prodest.
456 3421 619 3505 Suppellex
648 3442 703 3506 per
730 3423 791 3502 duo
820 3441 840 3504 p
868 3431 900 3486 et
928 3441 984 3504 per
1011 3421 1072 3484 duo
1100 3422 1111 3484 i
1139 3423 1292 3487 scribitur.
1344 3423 1450 3488 Sanies

111 3518 251 3584 socordia
274 3523 341 3584 sitis
364 3531 396 3586 et
425 3523 456 3584 in
480 3531 590 3585 neutro
614 3522 713 3586 sulinr
737 3521 916 3604 scrupulum
941 3523 1045 3602 sinape
1071 3522 1143 3600 sibr
1167 3523 1362 3606 singulariter
1384 3532 1449 3587 tan·

111 3631 178 3684 tum
201 3621 360 3704 dicuntur3
384 3619 438 3682 sed
459 3619 608 3703 Vergilius
627 3615 749 3707 (georg.
766 3623 825 3684 ΙΙΙ
835 3615 919 3708 449)
940 3617 1100 3684 ‘sulfura
1121 3618 1216 3686 rira'
1236 3624 1449 3689 evTerentius

111 3714 226 3806 (Andr.
258 3719 285 3780 V
305 3720 337 3796 4,
360 3713 423 3806 37)
448 3719 613 3784 masculine
637 3721 801 3804 scrupulus
825 3721 942 3786 retulit.
990 3720 1064 3785 Sors
1088 3724 1180 3786 sortis
1204 3731 1236 3786 et
1259 3743 1326 3788 sors
1350 3725 1450 3789 sordis

111 3821 239 3884 dicitur:
261 3817 440 3883 ambrosius
459 3814 626 3884 ‘mundet
645 3839 743 3905 rasa,
766 3840 809 3885 ne
829 3839 910 3884 sors
929 3819 1052 3903 aliqua
1070 3825 1146 3886 vini
1165 3827 1321 3906 gratiam
1340 3825 1449 3888 deco-

73 3933 98 3974 as
112 3913 236 4004 ioret',
264 3920 386 3982 temetsi
417 3927 529 4000 negant
562 3921 683 4002 quidam
713 3919 835 3984 sordem
863 3922 1081 3986 nominativum
1109 3923 1294 4008 singularem
1328 3924 1449 3989 habere.

202 4159 392 4218 1141ιί1-
410 4159 538 4233 reppello
558 4189 592 4204 -
611 4161 719 4234 rellego
734 4163 803 4235 pM
824 4163 910 4221 reinli
928 4194 965 4206 -
991 4163 1155 4238 repello-
1172 4163 1269 4234 relego
1293 4161 1316 4220 S
1389 4163 1450 4220 dli

109 4241 298 4316 sequentibus
316 4258 354 4298 au
372 4240 521 4298 noeslibne
544 4259 601 4300 non
618 4243 782 4314 aspirantur
802 4275 836 4288 -
861 4245 1027 4302 suooalem
1049 4245 1154 4303 leniter
1176 4243 1293 4302 effertur
1315 4247 1349 4302 ni
1366 4263 1450 4303 erens

109 4343 212 4383 emam
230 4340 318 4396 argon
336 4323 362 4378 si
378 4325 444 4394 posi
462 4341 476 4378 r
494 4322 535 4379 M
602 4322 649 4380 rel
668 4340 719 4382 oro.
735 4325 767 4394 S,
785 4327 890 4399 oddp
964 4328 1137 4386 denoeale
1159 4325 1262 4382 leniter
1281 4325 1397 4382 offerint
1417 4328 1450 4383 ni

109 4405 134 4462 si
153 4409 250 4478 postr
264 4404 287 4461 S
300 4421 316 4462 e
329 4403 461 4462 nooalem
475 4403 579 4462 lenibat
592 4404 749 4462 efferuntur
762 4411 796 4465 ni
813 4410 899 4466 herus
914 4408 969 4466 etih
988 4409 1013 4467 si
1031 4412 1098 4482 posi
1116 4425 1167 4480 rp
1235 4412 1268 4462 to
1287 4405 1447 4482 heredium]

109 4487 250 4545 haredum
267 4485 307 4542 M
384 4485 580 4558 Herennimp
602 4487 736 4544 herenius
755 4489 822 4546 SM
900 4497 932 4546 11
954 4489 1092 4547 hirinleus
1114 4489 1154 4545 M
1238 4493 1272 4544 lt
1294 4505 1328 4545 ex
1346 4505 1398 4545 om.
1418 4489 1449 4559 S,

110 4569 177 4626 add.
192 4567 263 4639 pm
334 4575 368 4625 ta
387 4570 440 4625 aut
457 4567 514 4626 nisi
532 4585 550 4624 a
563 4569 632 4640 pM
649 4572 700 4625 auh
718 4569 743 4626 si
761 4589 779 4628 a
798 4571 821 4628 S
895 4578 929 4629 le
947 4571 1064 4629 horreos
1085 4577 1110 4627 et
1128 4571 1262 4628 horreum
1280 4587 1332 4628 om.
1351 4570 1391 4627 M

50 4685 58 4706 ι
110 4648 213 4706 hortos
231 4647 438 4722 Horienainsp
510 4655 544 4707 23
563 4651 674 4724 polum]
693 4653 833 4724 populum
852 4653 891 4708 Μ
953 4659 988 4709 24
1008 4651 1157 4710 orntinsS
1220 4659 1257 4709 ab
1275 4668 1321 4708 me
1339 4668 1391 4712 one.
1413 4654 1451 4710 Μ

165 4738 201 4790 2⁷
221 4733 317 4792 studio
334 4733 379 4790 ini
396 4731 490 4804 ieeip
508 4733 603 4790 dudio
620 4733 676 4790 tibi
694 4733 750 4790 ieci
769 4734 808 4790 M
821 4737 922 4794 studeo
942 4735 996 4791 hibi
1015 4733 1071 4790 ieci
1089 4733 1112 4789 S
1199 4733 1294 4791 studio
1312 4736 1363 4791 huo
1385 4734 1455 4806 pM

112 4812 214 4870 studeo
234 4814 326 4870 bned
395 4820 430 4871 ¹28
450 4813 536 4888 qnae]
560 4813 610 4886 qni
631 4813 667 4868 M
697 4847 701 4854 ·
738 4815 893 4874 adsocies
913 4847 946 4858 -
966 4822 1001 4872 33
1021 4813 1170 4886 scrupulus
1189 4815 1289 4871 retulit
1306 4831 1358 4872 orn.
1379 4815 1418 4872 M

113 4899 149 4949 et
168 4894 268 4976 sitisp
290 4896 359 4953 eade
380 4895 403 4954 S
471 4895 569 4969 sinape
589 4897 612 4954 S
630 4895 761 4970 sinapip
835 4905 871 4954 84
889 4915 950 4954 sore
969 4895 1068 4968 aliqum
1087 4897 1154 4954 SM
1169 4897 1260 4955 sordis
1278 4896 1414 4972 aliqnap
