3590 5486
308 397 315 410 ς
610 321 660 380 ΒΕ
681 321 980 382 ORTHOGRAPHIA
1395 323 1464 390 263

121 439 143 478 p.
158 427 221 468 aare.
236 427 262 468 aa
277 426 303 468 Ρ.
319 469 321 473 ,

122 521 245 595 neutro,
269 522 434 592 utrumqne
453 528 582 574 numero
602 487 759 592 singulari.
796 509 1004 574 aurichalcum
1023 519 1054 574 et
1075 510 1261 576 orichalcum
1286 513 1415 576 dicimus
1433 523 1465 575 et

121 620 179 684 lroo
204 620 400 702 singulariter
425 630 552 684 mnium.
590 622 635 683 sia
659 629 690 684 et
713 629 816 684 cetera
838 618 997 684 metallica.

81 707 85 718 ’
216 727 262 791 ΑΙ)
282 737 313 792 et
333 747 370 791 ex
388 732 645 812 praepositiones,
668 731 694 790 sl
715 737 849 811 sequens
867 726 994 791 verbum
1014 728 1144 790 avocati
1166 731 1305 814 incipiat,
1329 733 1466 814 integrae

121 839 304 921 ellernatur,
319 845 353 900 ut
368 857 405 901 ex
421 837 541 920 oppido,
554 837 592 900 ab
611 836 678 919 11103
698 839 724 900 si
738 845 941 900 consonantes
955 846 1133 918 sequantur,
1147 845 1314 901 extremam
1333 839 1464 904 littorum

94 945 271 1029 cperdunt,
294 954 329 1008 ut
357 964 374 1008 a
403 945 486 1027 toro,
509 962 527 1006 a
551 943 727 1008 Sacerdote.
764 943 820 1008 bae
850 955 953 1010 autem
975 927 1218 1027 praepositiones
1241 949 1283 1010 ita
1307 947 1467 1012 differunt:

121 1073 193 1117 oum
222 1053 298 1118 dicit
321 1056 390 1135 qnls
414 1072 431 1116 a
453 1052 575 1117 theatro
599 1073 632 1116 se
655 1056 774 1136 venire,
805 1071 867 1118 non
890 1072 928 1117 ex
951 1056 1018 1136 ipso
1043 1053 1178 1138 theatro,
1203 1055 1256 1118 sed
1281 1074 1298 1119 e
1321 1055 1388 1120 loco
1413 1059 1466 1139 qui

122 1171 170 1227 est
194 1166 352 1246 proximus
372 1163 495 1227 theatro
515 1160 521 1246 Ι
542 1181 575 1226 se
599 1163 704 1226 venire
728 1162 894 1246 significat,
927 1165 1075 1244 quivero
1099 1181 1136 1226 ax
1159 1163 1279 1227 theatro
1303 1183 1337 1226 ae
1361 1167 1464 1228 venire

122 1273 211 1355 llicit,
236 1291 273 1336 ex
298 1274 364 1355 ipso
388 1271 508 1335 tbeatro
533 1271 690 1354 significat.
728 1271 764 1334 ad
790 1281 820 1334 et
843 1273 875 1334 in
898 1272 1043 1354 praelatis
1066 1271 1344 1355 praepositionibus
1367 1291 1467 1356 pares,

123 1381 177 1444 sed
197 1383 351 1444 contraria
370 1389 522 1463 potestate
542 1390 629 1463 sunt,
653 1381 723 1460 quia
743 1381 775 1442 in
796 1380 896 1443 iorum
914 1381 959 1443 ire
980 1387 1028 1444 est
1044 1381 1078 1442 in
1096 1382 1197 1462 ipsum
1218 1380 1317 1443 iorum
1341 1384 1465 1466 intrare,

87 1507 110 1546 ιο
124 1490 161 1553 ad
186 1491 287 1554 iorum
307 1497 410 1554 autem
428 1491 473 1560 ire
494 1487 531 1551 ad
555 1486 655 1552 locum
680 1489 747 1551 ioro
770 1490 957 1570 proximum:
982 1496 1016 1552 ut
1038 1490 1070 1551 in
1094 1486 1228 1552 tribunal
1252 1499 1283 1552 et
1307 1490 1344 1553 ad
1367 1489 1463 1553 tribu·

125 1599 174 1662 nal
198 1601 300 1662 renire
321 1618 383 1662 non
403 1617 498 1662 ornum
518 1606 579 1680 est,
602 1599 673 1680 quia
692 1596 728 1660 ad
754 1596 887 1661 tribunal
911 1598 993 1660 venit
1017 1594 1159 1682 litigator,
1181 1597 1214 1659 in
1234 1597 1368 1661 tribunal
1392 1617 1464 1662 vern

124 1717 249 1790 praetor
272 1717 325 1773 aut
348 1708 448 1771 iudex.

214 1816 349 1881 Ancillor
373 1814 511 1879 blandior
534 1825 566 1880 et
589 1815 696 1880 adulor
720 1833 815 1878 unum
839 1815 1023 1897 significant,
1055 1813 1136 1895 quod
1160 1823 1208 1878 est
1231 1832 1340 1896 graece
1363 1817 1464 1878 κολα-

125 1918 228 2010 κεύω,
252 1934 284 1989 et
304 1924 437 1988 dativum
458 1943 562 1988 casum
582 1925 715 1988 trabunt
753 1924 859 1987 aufero
879 1925 978 1986 eximo
998 1921 1097 1986 adimo
1117 1923 1206 1986 demo
1226 1921 1372 1986 subtr'abo
1392 1924 1462 1987 sub·

89 2047 112 2086 ¹⁵
126 2032 203 2097 duco
228 2053 266 2097 ex
289 2052 352 2098 uno
375 2051 485 2115 graeco
509 2034 746 2116 transferuntur,
769 2033 799 2096 id
824 2042 872 2094 est
894 2020 1119 2113 ἀφαιροῦμαι.

213 2140 328 2206 Abdico
348 2141 476 2206 verbum
499 2151 602 2224 potest
620 2142 825 2204 accusativum
845 2141 976 2202 nominis
996 2142 1058 2202 sive
1082 2158 1251 2222 pronomen
1271 2159 1341 2204 cum
1363 2141 1461 2204 dativa

124 2249 258 2314 trabere:
281 2250 459 2314 Ambrosius
482 2246 561 2332 ‘qui
584 2269 623 2313 ae
647 2248 821 2311 abdicant
845 2245 1103 2310 saecularibus
1128 2245 1356 2313 inlecebris’.

213 2358 298 2422 bitus
317 2377 429 2424 nomen
453 2360 586 2423 dativum
610 2357 775 2440 dupliciter
794 2358 898 2440 effert,
922 2367 953 2418 et
977 2354 1027 2418 alii
1050 2365 1082 2417 et
1104 2355 1178 2419 aiio:
1209 2355 1302 2420 babos
1326 2359 1357 2420 in
1377 2376 1462 2421 sacra

122 2468 273 2548 scriptura
298 2461 425 2552 (allatii.
449 2469 480 2546 8,
504 2469 535 2546 9,
559 2468 635 2532 Lac.
663 2467 693 2545 7,
716 2460 754 2551 8)
783 2460 882 2529 ‘dico
911 2464 999 2527 bulo
1018 2464 1111 2554 ‘vade
1136 2473 1172 2527 et
1195 2465 1308 2548 radit,
1332 2474 1368 2530 et
1392 2466 1466 2529 alio

84 2577 207 2638 sveni
237 2584 274 2638 et
307 2571 435 2654 venit’‚
464 2585 496 2640 et
524 2577 646 2640 irrrsrnn
676 2568 804 2661 (Mattb.
828 2575 882 2656 25,
905 2568 964 2659 15)
994 2569 1047 2636 ‘et
1075 2572 1269 2660 unidedit
1302 2578 1465 2658 quinque

113 2683 276 2768 talenta,
300 2685 365 2749 alii
388 2695 507 2748 autem
532 2686 617 2768 dno,
640 2683 707 2747 alii
734 2702 817 2746 aero
840 2677 979 2746 unarm'.

214 2795 383 2876 Aegyptum
407 2812 477 2857 cum
500 2795 533 2856 in
557 2795 710 2876 scriptura
734 2791 869 2856 dividere
892 2793 952 2874 vis,
980 2811 1000 2874 p
1024 2794 1165 2872 sequenti
1194 2791 1324 2874 syllabae
1347 2795 1464 2877 iungis,

122 2910 279 2984 aspectum
312 2921 329 2965 c
365 2905 505 2984 sequenti
538 2902 670 2986 syllaba,
703 2903 845 2964 allectum
862 2899 1019 2964 similiter
1052 2908 1084 2962 et
1121 2900 1269 2964 afflictam
1301 2912 1463 2984 ceteraque

122 3011 254 3076 huiusce
277 3009 370 3074 orodi

85 3130 109 3172 ²⁵
214 3120 346 3185 manere
367 3129 398 3184 et
417 3131 625 3184 assumentum
648 3121 741 3201 panni
764 3137 819 3200 per
839 3136 868 3194 s,
894 3135 953 3180 nan
972 3116 1067 3200 perd
1087 3117 1292 3181 scribendum.
1321 3117 1462 3184 similiter

122 3247 279 3292 assumere
301 3247 358 3312 per
381 3247 410 3306 s,
438 3230 614 3310 appropriat
643 3246 742 3310 perp
766 3225 977 3308 scribendum,
1007 3229 1131 3310 apponit
1156 3225 1304 3310 similiter,
1328 3232 1463 3292 accurrit
1553 3283 1559 3294 .

122 3356 178 3420 per
203 3357 234 3414 c,
257 3339 459 3400 amministrat
480 3355 538 3420 per
561 3356 605 3419 m,
633 3334 764 3418 applicat
787 3353 843 3416 per
866 3354 902 3418 p,
930 3333 1031 3416 alligat
1058 3353 1115 3417 per
1137 3333 1161 3418 l,
1189 3353 1336 3417 assequor
1358 3355 1415 3419 per
1439 3357 1463 3421 s,

122 3445 229 3510 allevat
252 3465 308 3528 per
331 3445 355 3528 l,
378 3445 499 3508 assidue
523 3463 579 3526 per
603 3463 631 3525 s,
656 3444 817 3525 aggredior
839 3461 896 3525 per
919 3461 947 3525 g.

214 3557 355 3617 tisserius
373 3551 411 3616 ab
430 3554 562 3635 antiquis
586 3551 752 3629 dicabatur,
777 3569 858 3615 nunc
878 3569 911 3614 as
935 3551 1057 3635 dicitur,
1081 3570 1142 3614 non
1164 3554 1250 3616 assis.
1288 3571 1361 3617 sane
1384 3557 1461 3618 assis

85 3673 109 3714 ³⁰
122 3663 283 3743 genetivus
307 3670 362 3724 est

212 3769 312 3833 Alium
332 3779 363 3834 et
382 3769 495 3832 dolium
515 3788 571 3851 per
589 3772 600 3832 i
619 3767 830 3851 scribendum,
855 3786 916 3830 non
940 3787 996 3850 per
1016 3789 1046 3854 e,
1072 3771 1152 3832 siant
1171 3769 1287 3833 oleum:
1311 3769 1460 3853 Vergilius

121 3875 207 3962 (buc.
232 3872 340 3963 211)
365 3872 449 3944 ‘alia
474 3871 771 3960 serpyllumque’
795 3879 884 3957 peri
908 3875 992 3941 dixit.

194 4053 373 4110 amatallioa
389 4051 417 4106 P
429 4057 455 4107 et
470 4051 714 4122 meresarpae,
727 4056 774 4122 19,
788 4049 908 4107 metalla
923 4051 990 4106 ML
1046 4061 1062 4108 3
1082 4051 1236 4124 incipiatur
1255 4055 1294 4110 Μ
1346 4055 1458 4128 integre

123 4137 160 4192 Μ
166 4135 226 4191 PL
281 4133 404 4192 deioro
418 4127 535 4190 'Paiero
546 4133 584 4189 tt
587 4133 614 4188 L
629 4131 743 4193 efferos
798 4139 913 4204 Sparsa
924 4137 990 4190 sunt
1000 4133 1143 4190 contraria
1156 4137 1300 4206 potestate
1317 4137 1384 4191 sunt
1393 4135 1462 4190 ΜΡ

120 4233 205 4288 parea
218 4218 285 4274 sunt
298 4214 442 4274 contraria
455 4216 601 4286 potestate
615 4213 649 4269 L.
669 4213 714 4268 bia
727 4212 987 4285 praepositionibus
1001 4233 1083 4288 parea
1098 4218 1192 4286 (paras
1207 4232 1258 4271 one
1271 4215 1376 4288 Dicin.)
1393 4233 1458 4274 oon·

121 4297 209 4354 maria
223 4299 367 4370 potestate
382 4302 450 4356 aaut
463 4297 501 4354 ad
510 4299 541 4354 et
555 4297 585 4352 iu
597 4295 743 4351 Diomedes
752 4313 783 4366 p.
793 4299 857 4361 415,
868 4295 1046 4353 7Doaitbeaa
1057 4313 1087 4367 p.
1098 4301 1172 4364 ,ιω
1231 4303 1263 4352 ll
1274 4297 1358 4355 demo
1369 4315 1420 4354 orn.
1430 4298 1458 4354 L

158 4388 193 4438 lo
211 4379 288 4436 idem
304 4371 559 4441 tobtrotmatf
573 4378 603 4434 id
618 4380 663 4436 ot
676 4371 886 4438 dndtt’orttdbt
907 4376 946 4432 M
960 4376 1049 4434 idest
1064 4371 1218 4437 ὸΦὸΙΡωΝ
1234 4376 1261 4431 L
1317 4377 1457 4434 lt'nonai·

122 4461 179 4536 nia]
199 4477 304 4518 nomen
324 4461 361 4517 M
365 4459 425 4516 PL
503 4477 567 4516 cum
586 4457 686 4515 dativo
705 4475 756 4518 orn.
776 4458 803 4514 L
882 4464 913 4514 17
935 4457 1051 4515 abdicat
1070 4457 1098 4514 P
1173 4463 1207 4514 18
1227 4457 1328 4515 efferat
1347 4458 1386 4514 Μ

124 4551 157 4600 19
177 4541 320 4616 scriptura
337 4541 376 4599 Et
394 4541 458 4598 dica
479 4541 516 4596 M
570 4545 605 4596 it
625 4540 721 4612 iungis
739 4541 790 4593 iia.
805 4549 855 4592 xc.
871 4550 924 4593 xx„
943 4543 1092 4611 aspectum
1111 4539 1141 4595 P
1196 4545 1231 4595 it
1251 4539 1413 4598 huiusmodi
1433 4543 1461 4598 P

175 4629 211 4680 ab
232 4623 367 4696 Manere]
386 4627 538 4706 Apsumere
557 4621 586 4677 P
674 4627 709 4678 26
734 4619 911 4694 Appropriat
935 4639 986 4694 par
1004 4621 1023 4677 d
1041 4620 1221 4678 scribendum
1242 4621 1280 4676 M
1302 4623 1459 4696 appropiat

122 4722 173 4775 per
189 4724 210 4777 p
228 4704 312 4762 serib.
334 4705 363 4762 P
380 4703 534 4777 appropiat
552 4721 603 4776 per
621 4722 640 4775 p
659 4702 687 4759 L
764 4703 887 4760 accurrit
906 4703 934 4758 P
949 4701 1095 4760 accucurri
1115 4701 1183 4758 ML
1262 4708 1296 4758 it
1316 4703 1456 4775 applicat]

123 4785 319 4859 amplicem
388 4791 423 4843 ‘28
442 4785 555 4842 assidue
574 4814 608 4826 -
628 4799 679 4856 per
698 4803 717 4856 g
736 4801 788 4841 arn.
802 4785 830 4841 L
902 4790 936 4841 ³1
957 4783 1105 4841 scribenda
1126 4785 1162 4839 Μ
1235 4789 1269 4839 32
1289 4784 1456 4858 serpellum-

124 4883 179 4938 que
197 4868 227 4923 P
241 4867 447 4940 neapolitumque
466 4866 542 4939 quod
563 4865 601 4922 Μ
617 4864 766 4937 serpillum
784 4865 811 4922 L
