3602 5482
329 237 397 305 340
743 267 750 284 ·
909 233 1072 294 svbacts

330 341 485 394 pmum

329 428 487 492 animum
511 420 674 510 quoque’
698 435 730 491 et
753 421 889 488 'omnia
917 425 1034 488 vincit
1062 417 1187 488 amor’.
1225 435 1329 509 posset
1351 427 1455 509 itaque
1478 443 1547 489 esse
1571 425 1661 488 etiam

330 555 436 600 versus
460 553 496 600 ex
521 533 647 619 dactylis
671 554 738 620 sex,
761 537 787 598 si
812 533 900 598 modo
925 535 1045 598 metrici
1068 533 1277 618 admitterent,
1300 534 1394 600 relati
1416 535 1517 600 dietus
1536 543 1584 598 ost
1602 533 1661 617 iile,

592 645 708 708 interea
733 650 838 708 tenero
863 641 939 706 mihi
961 641 1072 707 bunnia
1094 661 1219 727 pascere
1243 645 1394 729 pramIno,

329 755 401 818 item
783 757 785 762 '

547 869 577 924 at
601 847 673 926 tuba
696 860 865 925 terribilem
890 863 1023 926 sonitum
1047 859 1154 944 procul
1177 863 1289 925 excitat
1310 861 1443 925 horrida
1675 874 1688 916 ⁶

233 1028 310 1082 atera
421 1005 464 1069 De
479 1009 623 1072 caesuris.
648 1007 729 1081 Quot
748 1016 821 1071 sunt
840 1009 958 1090 species
977 1007 1008 1070 in
1024 1025 1149 1070 caesura
1163 1006 1331 1070 hexametri
1346 1003 1475 1070 versus?
1502 1007 1662 1081 Quattuor.

329 1113 413 1188 Quae
437 1103 532 1180 sunt?
570 1114 773 1202 Coniunctus,
797 1115 969 1200 districtus,
993 1117 1121 1201 mixtus,
1144 1115 1267 1178 divisus.
1305 1113 1493 1179 Coniunctus
1517 1117 1570 1198 qni
1593 1111 1663 1179 est?

328 1222 389 1298 Qut
411 1225 444 1287 in
467 1224 640 1289 scandendo
664 1226 705 1287 ita
727 1233 944 1288 concatenatus
963 1221 1022 1286 sibi
1042 1231 1103 1306 est,
1127 1229 1162 1285 ut
1181 1241 1332 1304 nusquam
1351 1223 1435 1286 finito
1455 1241 1547 1286 sensu
1568 1223 1661 1287 diuisa

328 1334 409 1396 inter
441 1352 475 1396 se
508 1332 599 1396 rerba
631 1342 797 1420 ponantur,
834 1331 916 1416 quod
948 1349 1046 1414 genus
1078 1330 1308 1395 versificationis
1341 1329 1490 1395 laudabile
1522 1329 1662 1416 hahetur,

327 1441 422 1506 ueluti
445 1450 493 1505 est
1586 1497 1588 1500 ,
1660 1453 1700 1494 ἰο

559 1550 748 1614 infandum
772 1551 900 1632 regina
923 1547 1030 1613 tubes
1055 1565 1234 1612 renovare
1257 1546 1430 1612 dolorem.

329 1659 388 1732 Qui
411 1655 591 1723 districtus?
629 1657 688 1732 Qui
711 1661 743 1721 iu
767 1657 940 1722 scandendo
964 1675 1088 1721 sensum
1117 1676 1172 1721 seu
1201 1666 1304 1739 partes
1333 1658 1479 1720 orationis
1507 1665 1663 1739 separatas

298 1747 304 1757 ⁵
328 1766 432 1851 habet,
455 1776 586 1851 utputa
611 1767 703 1831 veluti
1622 1778 1624 1782 ·

568 1875 616 1940 616
641 1875 728 1960 mihi,
751 1875 829 1958 ctio,
854 1879 992 1958 quisnam
1016 1877 1134 1958 primus
1157 1875 1271 1958 fingere
1296 1892 1411 1938 versus.

329 1983 388 2058 Qut
416 1981 551 2048 mixtus?
593 1985 653 2058 Oui
681 1993 845 2068 utrumque
873 1985 905 2047 ln
934 2003 966 2048 se
1000 1982 1104 2059 habet,
1137 1991 1172 2047 ut
1199 1986 1231 2047 in
1260 1981 1441 2066 quibusdam
1471 1985 1664 2066 coniunctus,
1678 1997 1702 2038 tt

328 2095 359 2156 in
383 2092 564 2176 quibusdam
588 2100 744 2176 separatus
770 2095 823 2175 sit,
846 2099 880 2154 ut
903 2101 977 2174 puta

496 2201 555 2264 hio
578 2219 715 2265 currus
739 2200 824 2285 init,
848 2199 914 2263 boo
938 2217 1091 2282 regnum
1116 2198 1181 2261 dea
1204 2197 1380 2281 gentibus
1404 2219 1493 2265 esse.

329 2308 389 2382 Qui
416 2305 555 2372 divisus?
597 2307 656 2383 Oui
686 2311 718 2371 in
745 2311 870 2391 priapeo
899 2307 1138 2391 deprehenditur
1171 2317 1278 2370 metro.
1322 2305 1416 2381 Oualo
1450 2318 1498 2373 est
1530 2319 1661 2374 metrum

328 2413 510 2501 priapeum?
529 2412 534 2500 Ι
555 2415 631 2481 Cum
655 2420 688 2480 io
711 2416 888 2480 hexametro
916 2433 1007 2479 versu
1036 2417 1126 2498 primi
1155 2423 1219 2479 tres
1246 2415 1341 2498 pedes
1369 2419 1558 2481 concatenati
1582 2421 1663 2480 inter

329 2543 376 2610 se,
398 2543 415 2588 a
439 2525 565 2609 reliquis
590 2524 688 2589 trihus
712 2524 911 2606 sequentibus
940 2523 1028 2588 dirisi
1059 2527 1251 2607 separatique
1280 2535 1365 2611 sunt,
1392 2535 1428 2590 ut
1454 2529 1487 2590 in
1515 2524 1661 2588 bucolicis
1676 2538 1701 2578 τι

434 2649 451 2698 f
492 2642 555 2697 aut
577 2635 717 2698 Ararim
741 2631 900 2696 Parthus
924 2631 1029 2696 bibet
1051 2641 1115 2696 aut
1139 2631 1332 2696 Germania
1355 2634 1508 2719 Tigrim,

492 2753 608 2825 utque
632 2744 710 2806 vlro
734 2740 872 2805 Phoebi
897 2741 1034 2805 chorus
1058 2742 1318 2806 adsurrexerit
1341 2747 1473 2828 omnis,

493 2861 550 2915 est
574 2851 663 2915 mihi
686 2839 844 2933 namque
869 2849 965 2914 domi
987 2859 1108 2935 pater,
1132 2861 1187 2915 est
1210 2853 1350 2916 iniusta
1374 2871 1540 2918 noverca.
1651 2851 1656 2864 '

330 2957 413 3024 Vnde
438 2959 553 3024 dictum
577 2956 757 3043 priapoum?
794 2957 882 3034 Quod
906 2957 1050 3042 pleraque
1075 2961 1141 3023 eius
1165 2960 1247 3024 modi
1270 2963 1302 3024 ln
1325 2961 1473 3025 honorem
1496 2960 1599 3046 Priapi
1623 2965 1663 3026 ita

377 3233 421 3366 49⁸
433 3224 689 3366 gssfflsvms
707 3224 790 3282 Beda
809 3225 843 3282 da
856 3223 1045 3281 6616661166
1058 3228 1127 3294 245,
1142 3230 1178 3282 16
1193 3226 1331 3284 Iuia'ontta
1345 3227 1379 3284 de
1392 3229 1502 3285 ratione
1514 3232 1664 3286 metrorum

326 3324 357 3380 p.
467 3351 474 3367 .
567 3351 573 3366 .

423 3568 437 3617 1
458 3563 554 3620 omnis
572 3563 674 3637 sinuit]
699 3561 883 3636 7616616661.
901 3565 1000 3630 10,69
1072 3563 1171 3633 poseat
1189 3560 1319 3635 Vposait
1331 3560 1399 3620 ΒΜ
1476 3561 1664 3621 ammittas·

332 3643 371 3700 M
440 3644 586 3718 thenexo]
607 3645 705 3701 maore
724 3643 752 3699 Β
826 3643 932 3700 titem
951 3659 1003 3699 om.
1018 3641 1055 3712 Β,
1074 3643 1140 3701 add.
1160 3644 1199 3701 M
1270 3642 1343 3699 aad
1363 3643 1434 3700 tubo
1454 3643 1504 3700 M:
1522 3645 1559 3713 of.
1584 3645 1663 3717 Verp.

331 3724 402 3781 Aen.
432 3723 545 3781 VIIII
567 3730 624 3783 603
697 3731 714 3782 6
738 3725 781 3782 De
809 3723 930 3782 sessuris
959 3724 1004 3793 M,
1032 3740 1083 3780 ooo
1111 3723 1141 3780 Β
1215 3729 1231 3780 7
1259 3723 1292 3780 lh
1321 3724 1489 3782 ooninnohna
1516 3724 1664 3783 diahiotm

331 3803 437 3862 mixtus
461 3805 570 3862 diuisus
593 3807 646 3862 Inh
672 3805 839 3862 ooniunoina
863 3805 913 3876 qni
938 3809 983 3862 esi
1010 3807 1048 3862 M
1069 3806 1103 3864 Β.
1123 3805 1270 3864 districtus
1293 3805 1403 3864 solnine
1427 3805 1532 3863 mixbna
1556 3805 1664 3864 diuisas

331 3887 386 3942 Inb.
405 3885 551 3944 districtus
570 3885 640 3959 qnid
659 3889 703 3944 esi
719 3886 749 3943 Β
822 3885 892 3942 dni
914 3886 1067 3962 nosquam]
1092 3887 1272 3960 uirimqoam
1291 3886 1320 3943 Β
1394 3893 1427 3943 11
1450 3887 1593 3944 infanium
1616 3889 1664 3946 M:

337 3967 506 4040 76661166.
528 3969 606 4026 113
679 3967 760 4024 innes
778 3968 914 4022 renonehe
927 3967 955 4021 Β
1030 3974 1063 4025 11
1078 3969 1133 4028 Int.
1149 3969 1199 4043 qni
1213 3970 1328 4026 siricius
1343 3968 1376 4026 it.
1392 3969 1443 4040 qui
1456 3969 1487 4026 in
1501 3969 1664 4029 scandendo
1751 4005 1756 4014 ·

334 4048 373 4106 M
390 4048 444 4107 lm
465 4050 576 4107 solutus
591 4049 616 4106 Β
631 4049 681 4122 qni
699 4049 725 4105 tt
743 4047 773 4104 in
792 4045 984 4105 aoandandnm
1003 4047 1032 4106 Β
1107 4057 1140 4107 la
1159 4053 1194 4108 ub
1211 4055 1281 4123 puio
1300 4049 1329 4106 Β
1403 4057 1438 4106 14
1456 4049 1540 4125 mibi]
1556 4051 1664 4107 miriB

369 4132 464 4205 prims
479 4131 518 4188 M
572 4139 605 4189 16
626 4131 681 4200 Qui
699 4131 806 4187 mixtos
820 4158 854 4170 -
871 4133 904 4184 11
919 4129 1053 4201 gentibue
1067 4147 1128 4188 ease
1143 4149 1195 4190 ona.
1208 4133 1247 4202 Β,
1265 4131 1331 4189 add
1346 4131 1385 4188 M
1439 4137 1474 4188 16
1492 4130 1540 4188 hio
1553 4130 1663 4205 norma]

337 4211 605 4285 Verp.Aon.117
680 4217 713 4268 18
732 4211 764 4268 in
787 4209 915 4282 priapeio
938 4210 967 4265 Β
989 4209 1021 4267 in
1043 4211 1174 4284 priapeio
1195 4213 1234 4269 M
1306 4217 1339 4268 11
1358 4212 1518 4284 priapeium
1535 4211 1565 4266 Β
1589 4213 1663 4284 prio

331 4293 446 4366 psoium
467 4294 506 4350 Μ
577 4311 641 4351 anm
659 4293 690 4350 in
708 4292 876 4350 hexametro
901 4289 1009 4348 Vonm
1032 4299 1177 4352 exametro
1198 4295 1236 4351 Μ
1257 4311 1322 4351 aum
1346 4295 1507 4350 meametxo
1526 4293 1554 4349 Β
1628 4300 1661 4350 11

332 4377 383 4433 out
409 4375 534 4450 1666116]
565 4377 644 4450 Verp.
669 4376 756 4434 boeot.
776 4381 802 4445 1,
822 4377 859 4430 63
932 4378 1031 4446 parius
1054 4375 1135 4433 bibet
1159 4391 1196 4432 au
1222 4373 1370 4448 mamonis
1391 4373 1494 4448 tigxini
1519 4375 1558 4432 Μ
1578 4378 1664 4448 paim

332 4457 414 4514 bibet
437 4461 488 4514 aut
511 4459 660 4532 germanis
682 4455 781 4515 tibrim
800 4454 829 4511 Β
902 4461 937 4512 11
957 4459 1045 4529 utque
1068 4473 1137 4515 nexa
1162 4456 1254 4513 foebri
1277 4473 1359 4512 corna
1387 4453 1548 4512 admmxtt
1571 4455 1663 4512 omnia

331 4538 360 4595 Β
379 4543 411 4595 nh
428 4557 518 4612 puero
537 4539 613 4598 foebi
633 4557 715 4598 corus
735 4537 928 4596 adsumexerii
946 4537 1037 4594 omnia
1057 4539 1096 4594 Μ
1112 4538 1461 4610 61616661666666316
1480 4535 1560 4609 Verp.
1575 4537 1662 4595 henot.

332 4624 360 4688 6,
379 4623 418 4676 66
491 4628 526 4679 11
545 4625 590 4680 est
614 4622 680 4680 miri
703 4619 746 4676 B:
770 4617 848 4691 Verp.
874 4618 962 4675 bucol.
989 4624 1016 4688 3,
1035 4625 1072 4678 33
1145 4625 1182 4678 at
1203 4616 1363 4693 priapeium
1382 4617 1457 4675 ΒΜ
1526 4618 1664 4694 pleraque

333 4701 473 4760 eiusmodi
491 4701 521 4759 in
539 4703 646 4761 bonore
666 4702 760 4776 priapi
778 4699 940 4772 conscripta
957 4702 1024 4757 euni
1037 4701 1064 4757 Β
1078 4701 1216 4775 pleraque
1236 4697 1378 4771 qniamodi
1396 4698 1426 4755 in
1444 4699 1551 4757 honora
1570 4700 1664 4773 priapi

337 4783 381 4842 ita
399 4784 560 4856 oonsoripia
578 4785 636 4842 sint
653 4784 692 4840 Μ
