3602 5482
370 354 437 424 aaa
824 429 829 438 ,
958 353 1120 412 avolus

370 458 528 510 puna

310 557 313 563 ·
370 543 454 608 illum
478 545 569 607 etiam
593 543 647 624 qui
669 543 701 605 ln
721 561 839 607 summo
859 553 906 606 est
924 541 1051 624 gradum
1070 541 1224 628 dicimus,
1239 561 1308 608 cum
1328 543 1440 627 alloqui
1458 545 1496 608 ad
1515 547 1705 628 superiorem

370 657 523 740 planitiem
539 649 672 734 aequalis
688 652 728 715 sit
742 667 799 714 nen
813 651 864 714 liat
878 649 990 732 gradus
1005 651 1064 712 uisi
1078 648 1275 732 depressione
1294 655 1451 734 sequentis
1466 702 1472 716 .
1487 672 1549 736 quo
1569 653 1705 736 exemplo

369 785 425 850 per
439 767 622 848 genetivum,
640 762 671 824 in
688 776 778 842 quem
793 758 883 842 oadlt,
902 758 1104 821 nominativus
1119 775 1241 840 quoque
1256 761 1315 823 iarn
1330 779 1419 824 castis
1433 769 1481 824 est
1496 810 1503 826 .
1518 761 1573 826 sed
1592 762 1708 826 addunt

369 879 460 940 etiam
484 891 544 937 unu
564 869 644 934 'nulli
668 869 806 952 quamvls
829 869 895 930 sine
916 867 1037 931 nomine
1058 869 1220 948 septimum
1240 885 1352 932 nasum.
1391 867 1471 944 Quid
1491 879 1538 934 est
1557 873 1707 954 septimus

370 979 481 1048 casus?
519 979 577 1055 Oui
601 979 688 1062 quasi
712 978 844 1060 speciem
869 973 987 1038 ablativi
1014 973 1109 1038 babet
1130 993 1186 1038 nec
1210 983 1311 1040 tamen
1335 975 1482 1041 ablativus
1507 986 1568 1061 est,
1592 981 1704 1062 quippe
1729 993 1739 1034 ι

369 1113 424 1178 per
451 1089 656 1155 accusativum
684 1084 829 1168 liquidius
860 1083 1042 1168 explicatur,
1074 1082 1167 1146 veluti
1198 1101 1268 1146 cum
1299 1083 1428 1148 dicimus
1461 1104 1516 1148 nos
1547 1094 1632 1150 terra
1660 1087 1704 1150 vel

370 1205 445 1267 mari
477 1210 593 1284 vectos,
628 1213 689 1260 non
721 1196 826 1276 utiquc
858 1211 873 1253 a
905 1199 987 1255 terra
1018 1191 1065 1254 rel
1096 1191 1186 1275 mari,
1221 1191 1274 1254 sed
1310 1211 1365 1276 per
1400 1203 1513 1256 terram
1545 1195 1592 1257 val
1623 1214 1703 1258 mara

368 1314 580 1392 significamus
604 1354 611 1369 .
636 1324 672 1368 ex
697 1321 758 1386 quo
782 1319 874 1364 seusu
903 1309 951 1364 est
978 1294 1148 1364 ‘multum
1176 1299 1240 1363 ille
1270 1310 1306 1364 et
1334 1304 1449 1365 terris
1478 1305 1641 1367 iactatus
1670 1313 1704 1366 et

368 1413 468 1484 alto'.

273 1547 349 1600 asopo
459 1525 597 1592 Genetivi
620 1540 708 1586 casus
733 1537 809 1601 quaa
833 1513 1026 1599 regula-est?
1063 1515 1228 1582 Genetivus
1247 1536 1336 1582 casus
1357 1518 1519 1600 singularis
1539 1537 1737 1602 numquamne

368 1657 384 1701 a
409 1637 593 1701 nominativo
617 1649 672 1696 sun
697 1631 796 1692 minor
819 1637 867 1691 est
890 1677 897 1690 .
922 1629 1024 1708 itaque
1053 1635 1106 1690 aut
1134 1627 1260 1691 totidem
1291 1626 1412 1710 syllabis
1435 1638 1576 1692 constare
1601 1629 1701 1710 debet,

368 1755 442 1830 quot
472 1743 688 1822 nominativus,
717 1746 769 1801 aut
799 1739 891 1800 etiam
921 1754 981 1799 una
1011 1734 1124 1818 syllaba
1154 1736 1311 1800 excedere.
1356 1736 1424 1810 Ouo
1455 1737 1546 1802 modo
1576 1739 1699 1802 totidem

368 1849 511 1938 syllabis?
552 1849 591 1914 Vt
619 1845 762 1930 Virgilius
790 1843 919 1926 Virgilii,
947 1842 1110 1906 Terentius
1138 1842 1289 1928 Terentii,
1320 1853 1351 1908 et
1380 1841 1420 1906 ob
1449 1844 1479 1908 id
1508 1847 1659 1926 geminata
1682 1849 1699 1908 i.

367 1965 435 2040 Quo
463 1963 553 2027 modo
580 1976 640 2023 una
669 1952 781 2038 syllaba
809 1946 980 2016 excedere?
1017 1949 1055 2013 Vt
1077 1948 1192 2014 llcctnr
1214 1950 1368 2037 Hectoris,
1397 1952 1508 2016 Nestor
1531 1953 1699 2018 Nestoris.

366 2071 509 2138 accidunt
538 2079 640 2133 autem
670 2065 792 2130 nomina
824 2061 969 2144 quaedem
1007 2070 1111 2123 contra
1148 2077 1241 2142 supra
1276 2059 1386 2124 dictam
1422 2063 1585 2146 rationem,
1624 2081 1699 2145 quae
1713 2078 1735 2120 u

365 2182 485 2246 duabus
508 2177 630 2262 syllabis
653 2180 797 2238 crescunt
820 2173 852 2235 in
880 2171 1034 2252 genetivo,
1064 2177 1099 2231 ut
1126 2177 1199 2250 puta
1228 2185 1343 2251 anceps
1370 2173 1525 2254 ancipitis,
1554 2187 1700 2254 praeceps

365 2291 554 2376 praecipitis,
576 2286 682 2368 biceps
704 2281 852 2363 bicipitis,
876 2276 1012 2360 supellex
1036 2276 1242 2360 supellectilis.

270 2416 344 2470 inops
387 2375 389 2380 ⁷
457 2397 584 2463 Ablntivi
603 2411 691 2458 casus
710 2408 787 2473 quae
804 2387 907 2470 regula
922 2383 993 2450 est?
1023 2384 1176 2449 Ablativus
1191 2384 1504 2470 singularis'exneptis
1518 2387 1698 2471 quibusdam

248 2525 257 2544 ‘
365 2507 539 2573 nominibus
562 2505 687 2587 aptotis,
709 2509 745 2562 ut
768 2514 897 2580 nequam
922 2497 953 2559 et
976 2513 1086 2577 nugas,
1110 2513 1170 2556 una
1194 2514 1230 2558 ex
1255 2499 1391 2578 quinque
1417 2496 1571 2560 vocalibus
1595 2501 1696 2561 termi-

365 2627 455 2683 natur
470 2665 477 2682 .
493 2628 701 2698 quaecumque
730 2610 823 2690 igitur
844 2599 849 2689 l
870 2606 990 2668 nomina
1019 2601 1148 2665 ablativo
1176 2620 1248 2666 casu
1279 2621 1406 2667 numero
1434 2605 1581 2687 singulari
1609 2606 1731 2668 aveto

364 2728 517 2793 olitterls
541 2725 655 2788 luerint
679 2719 838 2781 terminata
867 2713 1040 2796 genetivum
1068 2709 1217 2794 pluralem
1246 2713 1277 2774 in
1306 2731 1374 2776 rum
1403 2711 1545 2794 syllabam
1576 2717 1699 2797 eiciunt,

364 2836 498 2899 dativum
521 2843 553 2897 et
576 2829 737 2894 ablativum
766 2826 798 2887 in
826 2826 866 2899 ls,
896 2831 931 2885 ut
958 2831 1030 2904 puta
1059 2828 1093 2883 ut
1121 2818 1159 2882 ab
1186 2819 1243 2884 bac
1272 2819 1373 2884 tabula
1396 2821 1503 2884 barum
1528 2821 1699 2886 tabularum

363 2941 460 3009 et'ab
489 2942 547 3004 boc
575 2941 664 3003 docto
693 2935 802 2997 borum
831 2931 1005 3011 doctorum,
1032 2927 1081 2990 bis
1110 2937 1141 2990 ct
1168 2926 1206 2990 ab
1235 2927 1282 2991 bis
1311 2927 1422 2992 tabulis
1451 2929 1499 2993 bis
1526 2939 1558 2994 et
1586 2931 1623 2994 ab
1652 2931 1699 2994 bis

363 3053 460 3116 doctis
485 3100 492 3115 .
516 3067 593 3132 quaa
622 3064 694 3110 vero
722 3046 755 3106 in
783 3058 800 3103 e
834 3047 885 3102 aut
912 3039 944 3101 in
974 3056 993 3100 u
1022 3037 1136 3100 luerint
1165 3039 1338 3120 terminata,
1371 3057 1387 3100 e
1424 3036 1524 3101 littera
1558 3049 1699 3123 correpta

362 3163 394 3224 in
427 3159 555 3224 ablativo
587 3157 759 3240 genetivum
792 3147 940 3232 pluralem
973 3148 1006 3209 in
1027 3157 1091 3209 ‘um
1125 3145 1170 3209 rel
1199 3149 1230 3208 ln
1258 3149 1321 3210 ium
1350 3145 1477 3230 syllabas
1506 3151 1631 3233 eicient,
1664 3159 1729 3214 uta

362 3270 399 3333 ab
422 3270 481 3332 boc
505 3268 609 3331 codice
633 3263 786 3343 codicum,
814 3260 929 3340 pariete
958 3257 1121 3337 parietum,
1155 3272 1230 3334 rupa
1259 3257 1395 3338 rupium,
1428 3259 1522 3338 stirpe
1547 3259 1697 3340 stirpium,

362 3387 452 3442 nocta
476 3379 625 3440 noctium:
649 3369 739 3436 simili
763 3367 852 3432 modo
876 3367 887 3427 i
911 3381 1032 3445 quoque
1056 3361 1217 3444 aliquando
1242 3365 1273 3427 iu
1293 3382 1360 3446 um,
1383 3367 1553 3441 aliquando
1578 3369 1610 3428 ia
1635 3371 1695 3429 ium

362 3486 490 3570 syllabas
509 3487 594 3565 eicit,
618 3491 653 3545 ut
676 3477 794 3544 abhoc
819 3473 901 3556 vigili
919 3469 1059 3553 vigilum,
1082 3469 1177 3552 pugili
1196 3471 1347 3558 pugilum,
1370 3472 1440 3554 agili
1459 3472 1592 3558 agilium,
1617 3474 1695 3538 incili

454 3684 571 3743 tillunu
596 3681 683 3740 eiiam
714 3679 752 3734 Μ
778 3675 867 3732 etiam
894 3671 977 3728 illum
1005 3672 1034 3727 Β
1107 3689 1172 3728 cum
1200 3672 1330 3745 alioquin
1357 3673 1386 3730 Β
1414 3673 1491 3732 enim
1520 3675 1630 3749 alioqui
1660 3678 1697 3734 M

398 3777 414 3827 2
434 3767 616 3842 depressione
641 3761 669 3816 V
685 3757 831 3831 depressio
849 3755 878 3810 Β
897 3752 1038 3825 depositio
1059 3754 1098 3809 M
1169 3771 1226 3824 quo
1245 3756 1376 3828 exemplo
1399 3774 1450 3830 per
1473 3757 1640 3830 genetivum
1666 3759 1694 3814 iu

241 3893 249 3908 .
357 3865 448 3927 'quem
472 3849 550 3907 cadit
580 3847 607 3903 V
628 3843 704 3918 quod
728 3839 859 3910 exemplo
887 3837 918 3893 in
942 3835 1108 3907 genetiuum
1131 3851 1183 3906 per
1206 3854 1291 3908 quem
1316 3837 1396 3894 cadit
1421 3838 1449 3894 Β
1478 3856 1535 3911 quo
1564 3841 1694 3913 exemplo

361 3933 527 4006 genebiuum
545 3946 597 4001 per
615 3943 700 3999 quam
719 3921 797 3980 nadib
817 3921 855 3977 M
925 3915 1024 3973 asine
1043 3933 1096 3973 om.
1114 3916 1151 3986 B,
1170 3919 1236 3974 aeid.
1258 3919 1296 3975 M
1369 3919 1438 3991 quial
1456 3921 1500 3977 esi
1519 3921 1547 3975 Β
1567 3920 1632 3991 quis
1651 3925 1694 3979 esi

362 4015 402 4072 Μ
473 4015 606 4070 ttamen
625 4025 675 4064 om.
698 4006 742 4074 Μ,
767 4003 831 4059 odd.
851 3999 880 4056 Β
953 3998 1074 4073 quippe]
1101 3999 1151 4070 qui
1174 4003 1207 4056 ss'e
1231 3997 1305 4056 ΒΜ
1322 4001 1428 4072 qnippe
1453 4001 1478 4057 is
1503 4000 1536 4070 V,
1559 3999 1611 4072 qui
1633 4001 1713 4074 ipse

361 4098 427 4154 olim
454 4095 530 4152 edidi
603 4096 619 4145 6
644 4084 768 4159 liquidus
795 4083 833 4138 Μ
905 4084 988 4137 'ivel
1015 4081 1100 4154 mari]
1129 4083 1179 4139 uel
1205 4097 1284 4138 usare
1312 4087 1429 4153 astroque
1452 4081 1510 4138 loeo
1532 4081 1607 4138 ΒΜ
1677 4089 1692 4140 8

361 4177 553 4250 significamus
580 4189 631 4229 οιιι.
660 4167 733 4225 ΒΜ
810 4178 894 4218 sensu
927 4160 954 4215 V
981 4178 1079 4218 sensus
1105 4160 1179 4218 ΒΜ
1254 4161 1389 4236 mulium]
1422 4161 1500 4236 Ver-g.
1528 4165 1598 4220 Aera
1624 4165 1692 4232 Le

399 4267 430 4316 11
447 4257 570 4314 minores
589 4254 688 4325 itaqua
706 4246 735 4303 Β
790 4247 841 4301 aut
858 4240 992 4316 totidem]
1017 4245 1050 4299 ub
1067 4242 1190 4299 totidem
1211 4245 1249 4300 Μ
1304 4249 1336 4300 tt
1357 4261 1414 4302 uns
1438 4259 1490 4300 om.
1512 4244 1561 4314 Μ,
1580 4243 1692 4300 aaran

397 4346 431 4398 ta
450 4341 461 4396 i
480 4355 531 4396 om.
551 4335 624 4393 ΒΜ
680 4335 712 4386 lb
733 4325 874 4384 accedunt
892 4324 968 4379 ΒΜ
1022 4332 1055 4382 16
1075 4327 1206 4381 crescunt
1226 4326 1265 4381 M
1288 4327 1420 4381 coustant
1438 4322 1467 4379 Β
1541 4329 1574 4380 tv
1594 4327 1691 4398 suplex

361 4419 547 4496 supellectilis
560 4419 588 4473 Β
604 4413 722 4487 supplex
737 4406 944 4480 subpellectilis
961 4408 999 4464 M
1072 4411 1105 4462 ta
1125 4407 1276 4464 Ablaiivus
1291 4405 1507 4478 singularitem.
1523 4402 1560 4472 B,
1575 4405 1641 4463 odd.
1658 4407 1692 4462 M

398 4509 432 4560 1e
451 4497 626 4571 nominibus]
646 4492 777 4551 omnibus
795 4490 823 4545 Β
879 4491 912 4544 ui
929 4491 1194 4561 uequomntnugas
1210 4489 1248 4544 M
1261 4490 1430 4558 uinaquanu
1447 4501 1538 4558 nugas
1551 4486 1580 4542 Β
1635 4491 1689 4546 ter.

360 4587 506 4643 minantur
524 4583 551 4638 Β
625 4584 661 4635 20
680 4591 796 4632 numero
816 4569 955 4643 singulari
978 4587 1027 4627 uus
1056 4585 1074 4624 a
1102 4567 1148 4625 uel
1172 4584 1189 4625 ο
1217 4567 1323 4625 limeris
1350 4567 1458 4624 inerint
1485 4567 1642 4624 terminata
1663 4569 1690 4624 Β

359 4665 471 4724 numeri
495 4658 634 4734 singulari
657 4674 683 4714 a.
702 4657 722 4712 l.
742 4673 759 4712 o
778 4654 882 4711 litteris
906 4651 1012 4707 fuerint
1034 4651 1206 4707 terminatus
1232 4651 1269 4705 M
1340 4655 1375 4704 Ὦ
1395 4647 1425 4703 in
1448 4645 1484 4719 is]
1504 4647 1534 4703 in
1552 4646 1598 4704 bis
1618 4649 1690 4706 ΒΜ

396 4749 430 4803 nb
447 4747 518 4819 puta
536 4744 573 4800 ab
592 4743 646 4798 bac
664 4737 765 4795 tabula
789 4735 841 4790 V:
859 4735 978 4803 soriam
995 4733 1029 4787 ui
1046 4736 1117 4802 puta
1135 4733 1216 4788 velut
1234 4731 1271 4787 ab
1290 4729 1344 4786 bec
1362 4727 1463 4784 tabula
1536 4733 1571 4783 tb
1591 4728 1637 4784 vel
1660 4730 1688 4786 iu

360 4829 432 4902 inm]
457 4827 511 4886 uel.
531 4827 549 4882 i.
568 4843 618 4882 um
637 4822 665 4879 Β
738 4825 772 4876 ii
793 4819 804 4874 i
827 4833 943 4889 quoque
966 4812 1121 4886 aliquando
1144 4813 1175 4869 in
1200 4831 1249 4869 um
1274 4809 1400 4882 syllabus
1426 4808 1494 4865 sicit
1516 4809 1551 4866 ut
1573 4809 1611 4867 ab
1636 4812 1688 4870 bon

360 4911 444 4984 uigili
462 4908 594 4983 uigiliam
612 4904 705 4978 pugili
723 4903 863 4976 pugillum
882 4896 956 4954 ΒΜ
