3602 5482
351 327 420 398 304
676 295 679 302 ‘
959 327 1090 386 sunno

349 443 372 483 p,
386 433 448 476 sats.
465 433 492 475 ιι
505 431 532 474 1².

352 517 456 602 hahet,
479 526 515 580 ut
537 533 630 580 senex
654 519 765 580 senior.
816 516 915 580 solent
938 525 1040 580 autem
1063 518 1165 580 iunior
1189 525 1219 578 et
1242 517 1345 578 senior
1368 515 1405 580 ad
1429 535 1462 579 se
1485 519 1614 580 invicem
1638 516 1712 578 dici

353 630 452 689 minor
476 634 507 689 ot
529 629 634 688 maior.
677 624 780 707 ipsum
805 637 915 704 neutro
945 643 1061 709 genere
1085 625 1247 688 dicendum
1271 635 1331 708 est,
1356 645 1416 689 non
1440 627 1542 709 ipsud,
1566 624 1710 688 utillud

353 743 385 798 ct
403 733 498 815 istud,
522 737 664 816 quonlam
685 743 804 796 veteres
824 737 1040 798 nominativum
1061 733 1229 797 masculini
1248 752 1308 798 non
1331 737 1411 818 ipse,
1436 734 1487 796 sed
1512 735 1597 816 ipsus
1617 732 1710 795 dice-

355 841 434 905 bant.
482 841 562 904 ande
591 851 623 906 et
655 845 687 905 ln
715 842 869 924 evangello
898 838 1034 906 ‘omnia
1063 861 1132 932 per
1173 828 1291 925 ips'um
1326 844 1421 906 ia'ota
1451 839 1560 926 sunt’‚
1589 841 1620 904 id
1652 852 1712 903 est

354 948 493 1012 verbum.
531 949 658 1033 inpingo
682 952 754 1014 iecit
775 953 974 1033 praeteritum
994 953 1163 1034 perlectum
1183 953 1300 1034 inpinxi
1320 962 1351 1014 et
1370 955 1479 1034 inpegi.
1518 951 1565 1014 lru
1584 970 1708 1034 repen·
1740 968 1753 1006 ι

352 1060 416 1120 tino
435 1059 527 1120 animi
547 1065 631 1122 motu
652 1060 804 1139 nuscitur,
826 1058 982 1122 iracundia
1006 1077 1118 1142 perpes
1137 1070 1185 1122 est
1206 1063 1323 1124 vitium.
1360 1059 1482 1124 invidus
1502 1064 1554 1142 qui
1572 1055 1710 1140 iniridet,

352 1166 519 1230 invidiosus
547 1169 600 1248 qui
627 1167 769 1230 invidiam
798 1163 964 1228 sustinet'
992 1166 1180 1249 interpretor
1212 1187 1267 1250 per
1296 1167 1463 1250 simplicem
1492 1187 1508 1230 e
1537 1177 1567 1230 et
1594 1171 1709 1228 omnia

353 1293 430 1356 quae
455 1275 492 1337 ah
516 1295 552 1338 eo
577 1285 649 1338 sunt
677 1273 845 1338 scribenda.
893 1274 1006 1357 impleo
1035 1295 1090 1358 per
1114 1294 1162 1359 m,
1193 1293 1254 1338 non
1283 1294 1338 1357 per
1362 1295 1390 1338 n.
1438 1276 1470 1338 ln
1502 1279 1710 1358 praepositio,

353 1387 379 1446 si
403 1386 561 1466 conposita
588 1386 627 1447 sit
655 1393 686 1446 et
713 1404 733 1466 p
760 1393 813 1446 aut
837 1381 857 1445 h
881 1383 927 1445 vei
952 1403 980 1446 m
1006 1394 1161 1466 sequetur,
1186 1403 1205 1446 n
1230 1387 1260 1446 iu
1287 1405 1316 1446 m
1340 1387 1503 1467 convertit,
1527 1395 1561 1447 ut
1583 1388 1708 1466 impro-

351 1490 409 1554 bus
437 1490 547 1555 imbuit
573 1495 712 1556 immutat
741 1495 860 1575 impius.
906 1495 1047 1575 quotiens
1077 1510 1149 1554 vero
1176 1511 1196 1573 g
1230 1493 1369 1572 sequitur
1399 1491 1494 1576 iliam,
1527 1495 1638 1554 amittit
1673 1512 1708 1570 n,
1727 1513 1753 1548 ιο

354 1611 388 1663 ιιι
411 1603 534 1684 ignarus
558 1603 693 1682 ignotus:
726 1621 794 1664 nam
818 1620 931 1684 gnarus
955 1611 986 1664 et
1016 1611 1126 1682 gnotus
1156 1601 1309 1682 simplices
1333 1612 1411 1664 sunt.
1456 1600 1707 1682 inclytus-grae·

354 1727 423 1772 cum
452 1727 562 1772 nomen
593 1718 653 1773 est:
689 1727 758 1773 uem
787 1709 888 1792 clyton
922 1710 1029 1772 Graeci
1071 1709 1236 1791 gloriosum
1266 1708 1381 1772 dicunt.
1431 1709 1526 1771 idiote
1553 1727 1708 1790 graecum

354 1807 465 1880 nomen
489 1827 548 1899 est,
571 1816 663 1880 latine
688 1821 863 1900 imperitus.

444 1924 575 2007 Kartago
599 1935 630 1989 et
653 1926 797 1991 kalendae
820 1947 876 2009 per
900 1927 919 1989 ir
944 1927 1108 1991 scribenda
1133 1937 1222 2010 sunt,
1247 1935 1348 1990 cetera
1371 1945 1427 2008 per
1451 1947 1467 1989 c
1493 1926 1608 1990 melius.

327 2061 333 2067 ·
445 2031 536 2096 Liber
564 2037 626 2096 sire
658 2033 828 2098 libertatern
863 2037 926 2098 sive
962 2039 1108 2098 corticem
1139 2037 1201 2098 sive
1231 2035 1366 2097 codicem
1399 2036 1562 2117 significet,
1594 2037 1706 2097 omnia
1723 2055 1750 2093 ιι

359 2161 414 2223 ρει
442 2142 462 2203 h
493 2141 674 2206 scribantur.
721 2142 915 2207 Libidinosus
943 2165 960 2206 a
988 2143 1112 2206 libidine
1141 2161 1197 2225 per
1226 2143 1260 2224 b,
1288 2143 1396 2207 lividus
1425 2163 1440 2205 a
1471 2145 1564 2206 livore
1593 2162 1648 2224 per
1684 2163 1706 2204 v

359 2250 563 2314 scribendum.
602 2248 702 2332 Lepus
721 2252 831 2315 animai
850 2262 910 2335 est,
933 2251 1018 2334 lepos
1036 2253 1207 2331 iocunditas
1227 2251 1401 2335 voluptatis,
1422 2251 1502 2315 unde
1522 2263 1553 2314 et
1573 2262 1702 2332 gratum

358 2359 472 2440 aliquid
500 2357 634 2440 lepidum
665 2358 803 2423 dicimus.
850 2359 955 2422 Limen
985 2359 1103 2422 aedium
1133 2368 1196 2442 est,
1223 2358 1311 2422 limes
1339 2363 1506 2441 regionum.
1559 2359 1704 2440 largitas

359 2467 555 2530 humanitatis
581 2477 641 2550 est,
664 2468 783 2550 largitio
808 2469 991 2531 ambitionis.
1038 2466 1135 2548 Loqui
1158 2467 1290 2528 hominis
1314 2477 1374 2552 est,
1398 2469 1520 2548 obloqui
1545 2465 1702 2529 obtrecta-

357 2579 445 2652 toris,
470 2578 549 2640 sicut
567 2575 680 2640 obiecit
698 2556 838 2661 obpo'nit3
862 2577 985 2658 adloqui
1010 2574 1222 2658 persuadentis
1246 2576 1456 2657 hortantisque
1479 2577 1525 2638 vei
1549 2574 1703 2658 iubentis3
1719 2593 1749 2633 so

356 2683 456 2765 eloqui
485 2686 615 2747 oratoris
638 2695 693 2748 est
736 2683 921 2764 Laurentius
945 2695 976 2746 et
1004 2683 1059 2746 siia
1084 2685 1218 2758 nomina,
1244 2701 1320 2762 quae
1344 2687 1562 2747 nominativum
1592 2701 1700 2745 casum

357 2792 541 2874 singularem
566 2795 598 2854 in
626 2797 675 2858 ius
699 2793 825 2876 hahent,
849 2797 1022 2875 genetivum
1046 2791 1229 2872 singularem
1254 2800 1286 2852 et
1309 2795 1526 2855 nominativum
1551 2791 1704 2874 pluralem

356 2903 388 2962 in
411 2899 563 2982 duplicem
592 2903 760 2985 imittuut,
786 2905 954 2965 vocativum
979 2899 1161 2980 singularem
1185 2901 1216 2960 in
1242 2898 1408 2980 simplicem
1434 2903 1443 2962 i
1468 2911 1519 2961 aut
1541 2902 1573 2960 in
1597 2901 1640 2982 ie,
1664 2910 1703 2960 ut

358 3007 405 3069 hic
444 3009 558 3090 impius
590 3007 682 3072 huius
716 3013 800 3092 impii
828 3029 846 3070 o
873 3012 975 3091 impie.
1028 3007 1127 3069 Luceo
1149 3016 1186 3068 et
1222 3006 1311 3088 lugeo
1340 3011 1371 3070 in
1399 3026 1493 3070 unum
1526 3009 1701 3089 perlectum

357 3116 522 3178 deveniunt
554 3116 626 3178 luu.
682 3117 757 3180 Lino
791 3120 862 3180 iacit
898 3118 1068 3198 perlectum
1102 3114 1176 3176 linui
1210 3126 1240 3176 et
1278 3115 1369 3177 linivi.
1428 3113 1539 3177 Laetus
1571 3135 1628 3196 per
1662 3134 1699 3176 ae
1718 3135 1745 3173 es

357 3223 565 3307 diphthongon
601 3226 760 3309 scribitur,
798 3228 869 3308 quia
899 3225 1010 3288 laetitia
1030 3244 1058 3302 a
1089 3223 1246 3286 latitudine
1278 3235 1379 3286 vocata
1412 3235 1467 3286 est
1520 3222 1647 3305 Leprosi
1682 3243 1701 3285 a

350 3336 479 3415 pruritu
504 3336 597 3396 nimio
630 3336 727 3416 ipsius
751 3333 863 3397 scabiei
891 3333 964 3396 dicti
985 3330 989 3417 Ι
1011 3343 1094 3414 sunt,
1128 3332 1196 3393 ideo
1225 3331 1323 3412 perh
1351 3333 1444 3395 scribi
1467 3333 1566 3395 dehet
1602 3331 1701 3411 'Lego

275 3495 277 3500 .
359 3443 440 3523 legas
469 3441 506 3503 ah
537 3441 690 3524 eligendo,
720 3442 787 3523 lego
815 3442 890 3523 legis
918 3460 934 3503 a
964 3439 1099 3522 legendo.
1158 3437 1281 3520 Loquor
1313 3441 1447 3522 loqueris
1479 3441 1614 3522 loquitur·
1643 3459 1701 3521 per

359 3569 378 3632 q
408 3548 566 3611 scribenda
596 3561 687 3634 ιιιιιι,
723 3551 842 3613 locutus
871 3568 942 3612 vero
971 3543 1139 3630 euphonia‘e
1169 3567 1258 3610 causa
1292 3568 1347 3630 per·
1376 3569 1392 3610 c
1421 3561 1450 3611 et
1479 3547 1649 3630 simplicem
1677 3567 1700 3608 u

358 3655 519 3719 scribatur.
1712 3675 1741 3714 so

450 3763 671 3828 blunimentum
692 3785 707 3826 a
728 3767 907 3850 muniendo,
932 3773 1159 3827 monumentum
1179 3764 1215 3826 ad
1235 3765 1410 3846 sepulcrum
1432 3767 1573 3846 pertinet
1616 3764 1697 3826 blille

362 3891 417 3954 per
441 3874 502 3935 duo
525 3872 548 3947 l,
572 3873 643 3936 iicet
667 3874 746 3936 milis
770 3894 826 3956 per
848 3893 942 3936 sinum
965 3875 974 3934 l
999 3871 1158 3934 scribatur.
1199 3871 1308 3934 bialum
1336 3875 1361 3935 si
1388 3875 1519 3935 fructum
1547 3875 1698 3953 significet

358 3982 477 4062 longam
496 4001 526 4066 ις
550 3985 576 4043 si
600 3985 778 4065 nequitiem,
802 3983 924 4045 brevem
949 3981 1050 4043 dicito.
1089 3980 1184 4042 malus
1203 3999 1340 4065 quoque,
1364 3982 1460 4044 idest
1484 3980 1575 4044 arhor
1601 3983 1696 4064 suavis,

359 4089 478 4171 longum
497 4109 527 4174 a,
548 4089 644 4152 tuales
664 4091 753 4152 bomo
780 4090 903 4152 brevem
928 4088 1018 4151 hahet
1038 4107 1053 4148 ι
1073 4087 1212 4150 litteram.
1252 4087 1387 4150 hischina
1411 4109 1466 4172 per
1485 4108 1501 4152 c
1521 4099 1552 4151 et
1575 4089 1595 4150 h
1620 4072 1716 4150 seri-¹

452 4297 467 4346 i
491 4292 665 4363 interpretor
688 4295 718 4347 ei
741 4309 816 4362 quse
840 4290 1005 4346 deriventur
1029 4289 1089 4344 sive
1113 4288 1294 4344 declinentur
1312 4291 1349 4344 sb
1368 4306 1402 4346 eo
1425 4308 1476 4362 per
1500 4289 1694 4362 simpliceme

310 4393 314 4402 ¹
361 4372 511 4428 scribendo
529 4371 609 4430 Beda
625 4392 656 4444 p.
675 4379 745 4440 276,
763 4379 802 4429 24
860 4375 1051 4442 temnuntur
1069 4371 1109 4425 sisi
1189 4376 1222 4424 ιι
1243 4371 1382 4426 ΚΛΥΤΟΝ
1402 4371 1478 4442 quod
1497 4371 1594 4442 groeci
1612 4370 1694 4426 lebni

360 4452 517 4523 gloriosum
536 4452 636 4510 dieunt
656 4455 692 4509 M
768 4461 802 4508 lt
821 4453 989 4510 scribendae
1008 4453 1115 4508 runos
1180 4455 1276 4507 celera
1296 4452 1333 4504 M
1350 4455 1379 4507 ει
1398 4457 1493 4508 cetere
1511 4452 1533 4509 S
1551 4453 1657 4523 lieeip

362 4539 395 4589 16
415 4551 466 4605 per
480 4533 499 4588 b
513 4534 663 4606 scribenda
683 4536 721 4590 M
776 4541 809 4590 18
829 4534 968 4606 lepidum]
989 4534 1110 4589 liuidum
1132 4535 1169 4588 ll
1226 4540 1258 4588 19
1278 4534 1465 4590 humanitatis
1481 4535 1549 4604 pit
1566 4535 1693 4591 humaui-

361 4613 446 4670 tesS
520 4621 555 4670 20
574 4616 649 4673 sicui
668 4616 757 4672 obicit
775 4615 856 4671 Beda
870 4631 902 4685 p.
921 4618 1027 4682 278‚3
1106 4622 1141 4671 23
1160 4615 1190 4671 in
1209 4614 1235 4669 io
1251 4613 1320 4683 pili
1337 4615 1366 4669 iu
1385 4616 1442 4670 eS
1520 4621 1556 4670 25
1575 4615 1647 4671 linui
1665 4621 1695 4670 et

360 4695 444 4751 licini
463 4697 513 4766 pS
537 4696 589 4752 lini
612 4702 643 4754 ει
669 4695 751 4752 liniui
776 4697 814 4751 M
904 4701 939 4751 26
962 4712 981 4752 ιι
1003 4694 1198 4752 latitudines
1221 4713 1239 4750 s
1257 4693 1465 4764 lashitudinep
1489 4711 1507 4748 ιι
1524 4695 1693 4751 laeiilutline
1747 4694 1755 4706 '

361 4777 466 4832 meniis
485 4777 523 4832 M
604 4785 638 4845 2⁷
659 4778 766 4836 scabiei
783 4797 804 4850 p
822 4778 918 4835 scobei
936 4777 1001 4833 SM
1079 4778 1166 4834 debeb
1185 4778 1221 4832 iii
1240 4775 1346 4830 debent
1363 4775 1412 4844 pS
1493 4780 1528 4830 2⁸
1549 4775 1692 4848 eligendo}

362 4857 500 4929 elegendo
519 4857 584 4912 Sil
660 4865 694 4914 ιθ
714 4859 874 4931 euphoniae
894 4875 981 4914 censs
1000 4875 1050 4913 orn.
1073 4859 1110 4913 itt
